2475 3909
144 163 205 228 211
537 180 714 231 runnroorn

97 278 236 330 mentem
251 270 395 327 nostram
408 283 425 326 e
440 261 540 329 rebus
557 267 675 331 creatis
690 264 730 330 ad
744 264 963 349 cognitionem
978 266 1036 333 Dei
1051 290 1165 337 ascen·

97 346 187 413 dere.
211 344 293 413 Satis
315 348 358 411 sit
377 345 456 410 haec
479 367 580 430 panca
601 369 627 413 s.
645 348 818 431 Augustini
842 348 968 415 allerre:
982 376 999 413 «
1013 354 1048 417 ln
1071 356 1164 418 simi-

96 428 236 494 litudine
258 448 316 492 sua
332 426 438 493 Deum
458 450 663 513 quaeramus,
679 430 712 493 in
736 430 878 513 imagine
901 453 957 497 sna
980 433 1166 501 Creatorem

98 528 308 596 agnoscamus
324 512 334 549 ¹
352 534 380 574 ».
397 510 568 588 Quomodo
589 524 695 577 autem
718 532 759 575 ex
782 515 941 579 creaturis
956 515 988 579 in
1003 520 1167 605 cognitio-

97 614 173 657 neru
196 592 255 657 Dei
278 594 499 668 deveniamus,
521 596 555 661 iu
580 594 751 659 Tdeodieea
772 593 1019 678 explicabimus.

340 716 407 772 ha.
420 715 456 771 X.
468 748 502 760 -
512 718 550 772 tie
568 720 781 786 Psyohologlsmo
799 724 922 773 rationali

138 828 276 893 611101
298 829 427 893 nornine
449 830 633 915 appellatur
656 828 734 895 illud
757 840 906 916 systema,
922 852 987 917 quo
1009 835 1166 899 statuitur

99 912 261 1006 originem
277 922 404 977 nostrae
427 914 624 999 cognitionis
645 912 689 977 ita
713 911 874 1009 progredi,
895 940 911 977 n
936 926 972 981 ut
987 916 1093 1002 primo
1116 918 1165 980 in-

99 996 202 1078 cipiat
222 992 256 1055 in
277 1015 385 1072 seusu,
408 994 549 1062 secundo
572 994 760 1092 perficiatur
782 1016 815 1059 rn
839 995 1028 1063 intellectu²
1046 1020 1074 1060 n.

139 1075 191 1141 62.
217 1076 284 1140 Hoc
305 1089 441 1164 systema
467 1076 507 1143 ab
529 1078 702 1143 Aristotele
732 1076 912 1163 proiectum
934 1101 1044 1146 omnes
1068 1080 1166 1147 Solio-

101 1158 202 1224 lastici
227 1170 298 1242 post
312 1180 339 1223 s.
356 1162 575 1243 Augustinum
591 1162 602 1195 ⁸
618 1170 866 1245 propugnarunt
881 1162 904 1224 ⁸.
922 1161 1092 1239 Quomodo
1107 1184 1167 1227 au-

98 1254 166 1307 tem
188 1251 296 1306 nostra
322 1242 466 1327 cognitio
488 1244 614 1309 oriatur
636 1265 653 1306 a
676 1240 844 1319 sensibus,
868 1256 899 1309 et
923 1242 1109 1330 perficiatur
1132 1246 1165 1309 in

99 1322 286 1399 intellectu,
310 1325 374 1389 iam
405 1324 629 1411 explicatum,
650 1337 682 1390 et
707 1334 871 1389 ostensum
894 1348 911 1389 a
935 1326 1028 1390 nuliis
1060 1341 1107 1394 est
1130 1330 1166 1392 in

99 1406 319 1490 Dynamilopia
334 1410 356 1471 ⁵.
374 1408 436 1471 llic
457 1408 625 1474 dumtaxat
648 1408 679 1470 in
703 1409 893 1471 memoriam
916 1422 1166 1489 revocantesea,

100 1510 183 1571 quae
208 1488 253 1553 ibi
270 1492 453 1567 statuimus,
476 1490 734 1556 demonstremus
756 1490 953 1571 cognitionis
976 1504 1101 1558 nostrae
1117 1514 1169 1556 ra-

100 1573 221 1637 tionem
244 1593 305 1636 nou
329 1572 391 1637 nisi
416 1573 448 1636 in
470 1573 530 1637 hoc
552 1584 721 1661 systemate
745 1570 835 1635 reddi
860 1593 962 1656 posse.

141 1656 193 1721 63.
219 1656 314 1738 Prop.
339 1656 433 1735 On'yo
459 1667 581 1719 nostroe
608 1654 792 1736 cognitionis
818 1676 878 1719 aon
908 1658 975 1720 nisi
1001 1656 1168 1721 secundum

100 1737 367 1803 Scholasticorum
389 1748 521 1820 systema
540 1737 697 1823 explicari
714 1746 820 1819 potest.

145 1820 311 1885 Probatur.
328 1818 409 1884 lllud
425 1821 530 1885 solum
551 1829 690 1909 systema
705 1818 744 1882 ed
760 1817 985 1965 explicandam
1007 1818 1170 1903 originem

103 1904 303 1985 cognitionis
326 1902 543 1969 intellectivue
566 1914 615 1969 est
628 1921 794 1967 accommo
818 1912 918 1977 atum,
935 1900 1022 1987 quod
1040 1922 1172 1995 respon-

104 1984 158 2051 det
173 1998 306 2051 naturae
329 1987 430 2051 nostri
455 1985 646 2060 intellectus3
670 2004 744 2048 nam
766 2006 782 2044 o
806 1993 945 2080 oportet,
960 1982 1047 2069 quod
1063 2004 1172 2067 cogni-

105 2068 153 2132 tio
176 2067 231 2134 liat
256 2066 433 2133 secundum
468 2068 601 2134 modum
636 2066 882 2149 cognosceutrs⁶
899 2091 927 2129 n.
953 2066 1052 2152 Atqui
1077 2062 1172 2129 intel·

104 2149 206 2214 lectus
228 2150 386 2214 humanus
408 2160 457 2215 est
477 2151 549 2216 eius
571 2161 721 2224 naturae,
744 2159 779 2213 ut
801 2148 840 2213 ad
866 2149 988 2233 primas
1013 2148 1171 2234 cognitio-

101 2252 158 2297 nes
179 2252 289 2297 rerum
312 2233 480 2315 pervenire
501 2254 563 2297 uon
586 2232 711 2317 possit,
736 2230 797 2293 nisi
825 2230 956 2296 dicatur
977 2232 1064 2317 ipsas
1085 2230 1169 2293 oriri

103 2335 251 2390 usensu,
274 2326 307 2380 et
328 2334 387 2399 per
410 2314 476 2379 vim
497 2313 723 2380 intellectivam
746 2312 870 2397 perlici.
894 2314 982 2397 Ergo
1004 2314 1098 2397 origo
1122 2311 1171 2373 in-

102 2397 285 2463 tellectivae
306 2396 501 2481 cognitionis
523 2417 585 2461 non
601 2397 662 2462 nisi
678 2394 853 2461 secundum
875 2407 1012 2483 systema
1036 2392 1170 2480 psycho-

96 2480 245 2565 'logicum
267 2478 426 2544 rationale
448 2476 607 2565 explicari
630 2488 746 2565 potest.

791 2642 822 2656 μ

104 2731 165 2794 (pii
184 2730 262 2779 recol.
283 2724 368 2792 Quem
387 2728 420 2776 ob
441 2730 569 2778 rationem
590 2722 739 2777 Concilium
760 2726 921 2780 Vaticanum
939 2730 1008 2780 hanc
1028 2730 1109 2780 edidit
1128 2733 1176 2781 de-

103 2802 263 2853 finitionem:
286 2820 296 2844 ι
319 2798 345 2851 Si
365 2804 424 2858 orris
442 2799 556 2858 dixerit,
575 2798 660 2850 Deum
681 2814 781 2859 unum,
801 2806 828 2850 et
847 2816 951 2861 rerum,
972 2796 1126 2855 Creatorem
1145 2809 1174 2852 et

105 2875 247 2927 Dominum
267 2878 400 2929 nostrum,
420 2885 467 2934 per
485 2886 528 2931 ea,
547 2886 616 2937 quae
636 2873 707 2922 lacte
727 2880 798 2931 suut,
814 2875 926 2925 naturali
947 2876 1057 2925 rollonis
1076 2874 1176 2925 hume-

104 2962 155 2999 nee
175 2946 274 2995 lumine
293 2950 367 2994 certo
386 2948 509 3008 cognosci
529 2958 581 2995 nou
601 2958 687 3008 posse,
701 2944 843 2997 anathema
863 2948 897 2997 sit
914 2967 939 3006 ι,
954 2950 1041 2999 Contt.
1054 2950 1170 3009 dopmni.

105 3025 137 3071 ‹lt
155 3021 216 3070 ilde
233 3018 340 3076 cathol„
360 3013 431 3067 Sese.
451 3014 498 3078 iti,
521 3020 647 3077 Comme,
667 3032 697 3067 n.
717 3016 740 3077 1,
761 3022 776 3076 ς
796 3016 818 3069 l.

144 3092 152 3129 ¹
175 3095 205 3142 ln
225 3093 300 3141 ioan.
319 3090 418 3155 noem.
437 3104 461 3140 c.
484 3091 516 3151 Υ,
535 3088 674 3149 11111113,
695 3104 722 3141 n.
739 3091 784 3143 10.
804 3086 841 3143 (ll
856 3094 894 3145 De
906 3094 960 3144 tin.
978 3094 1035 3149 liei,
1051 3088 1172 3152 unviti,

107 3184 131 3216 c.
155 3166 181 3222 ll;
204 3164 291 3226 Confi,
309 3161 359 3211 lib.
378 3158 438 3220 llll,
459 3176 485 3214 c.
506 3162 550 3221 17,
570 3177 598 3213 u.
619 3161 656 3213 23
674 3167 701 3212 et
720 3164 783 3215 nllbl
801 3167 910 3228 poesim.

141 3238 154 3273 ²
174 3240 221 3301 On.
242 3238 342 3299 dores
362 3237 400 3285 uo
423 3238 495 3293 Ver..
515 3250 544 3299 q.
565 3233 588 3294 l,
607 3249 635 3285 n.
658 3236 687 3285 11
709 3250 736 3286 c.

143 3306 208 3360 illl
225 3311 330 3361 Bucds'r.
350 3310 385 3357 od
405 3309 538 3366 taleme,
557 3322 583 3357 c,
605 3306 651 3367 iv,
671 3322 699 3358 u.
716 3308 741 3366 l;
758 3298 796 3359 iio
814 3310 948 3367 11111110,
968 3320 994 3359 c.
1016 3308 1061 3365 ll,
1081 3322 1109 3357 n.
1123 3308 1171 3367 ix,

106 3384 153 3441 13,
176 3386 214 3433 De
234 3384 299 3434 Gen.
319 3382 354 3431 nd
372 3382 431 3444 tiu„
447 3382 493 3431 lib.
510 3378 542 3435 V.
556 3395 583 3431 c.
600 3380 644 3439 ti,
659 3397 686 3431 n.
702 3380 747 3440 28,
764 3382 803 3433 Dc
816 3384 893 3431 imm.
907 3396 965 3440 on..
980 3395 1005 3431 c.
1023 3380 1066 3436 to.
1081 3395 1108 3430 n.
1127 3382 1172 3431 l'i.

143 3450 209 3503 ter
223 3468 286 3515 prae
305 3456 418 3511 ceteris,
438 3468 462 3503 s.
482 3450 581 3504 Bonam
591 3488 600 3516 ‚
625 3455 662 3503 lie
679 3460 774 3516 septem
792 3456 852 3503 litu.
872 3462 942 3511 net,
963 3451 1025 3505 ltin.
1046 3454 1073 3512 3,
1093 3454 1121 3503 d.
1143 3454 1172 3513 l,

107 3544 134 3579 a.
155 3527 182 3577 3:
206 3530 244 3576 iis
261 3534 356 3590 septem
374 3528 450 3575 donis
466 3528 576 3589 spiritus
594 3526 636 3583 S„
657 3526 696 3577 ue
713 3528 782 3575 douo
799 3526 896 3585 intell,
916 3540 942 3575 ο.
965 3524 985 3575 l.

144 3594 212 3647 scs
226 3612 253 3647 c.
274 3597 320 3655 tv,
339 3602 448 3661 possim.

143 3671 204 3723 itn
223 3671 266 3721 tit.
288 3671 400 3732 istut..
421 3668 486 3721 [list.
507 3666 628 3732 xxviii,
649 3684 676 3734 q.
699 3668 720 3733 i,
740 3684 766 3719 a.
787 3668 803 3720 2
823 3671 873 3723 tol.
