2475 3909
464 208 546 257 nans
566 206 670 255 nnius
1014 182 1052 250 31

80 290 112 360 2⁰
135 294 285 368 Veritas,
308 301 340 357 et
361 290 484 357 salsitas
506 289 741 359 enunciationis
755 284 890 352 modalis
911 306 928 351 a
948 284 1095 381 veritate,

50 390 75 443 et
95 377 235 442 falsitate
258 373 345 439 modi
368 372 575 439 diiudicanda
596 384 656 449 est;
676 393 750 436 nam
770 381 886 437 natura
900 377 1097 433 enuncratro·
1133 378 1137 387 '

48 460 87 523 nis
107 457 245 523 modalis
265 457 411 523 consistit
433 459 465 523 in
487 457 687 521 connexione
715 452 802 519 modi
833 474 907 517 cnm
927 471 990 527 eo,
1010 446 1097 594 qnod

48 540 183 606 subiecto
207 541 336 615 inesse,
369 551 424 606 aut
445 560 510 603 non
531 541 634 603 inesse
656 535 865 621 significatur.
889 536 927 599 E.
951 553 996 617 q„
1033 530 1098 627 alsa

48 635 87 689 est
105 622 185 687 haec
207 622 401 700 enunciatio,
427 620 584 704 Gontinqit
605 620 758 685 hominem
777 639 838 683 esse
858 615 992 691 animal,
1020 634 1098 698 qula

50 704 166 781 nodus,
182 724 248 788 quo
270 700 309 767 de
330 703 461 768 homine
476 702 596 768 animal
610 703 811 776 enunciatur,
825 709 873 765 est
888 698 998 764 falsus.

130 845 201 895 Aur.
224 823 355 892 tv.-'uo
375 841 484 892 dirersis
503 842 640 904 speciebus
658 840 873 892 enunciationem
891 854 923 890 ex
941 843 1016 903 parte

511 916 638 965 materiae

81 1032 131 1095 71.
156 1028 364 1105 Enunciatio,
387 1030 416 1095 si
437 1050 479 1095 ex
502 1041 592 1116 parte
614 1031 761 1095 materiae
781 1037 955 1113 spectetur,
975 1024 1103 1090 diversa

51 1134 85 1177 ex
104 1108 234 1195 duplici
258 1112 362 1196 capite
390 1132 459 1178 esse
486 1118 612 1197 potest,
639 1132 753 1197 nempe
782 1122 877 1197 prout
904 1119 951 1174 est
977 1108 1103 1172 diversa

49 1194 181 1260 subiecti
204 1194 361 1268 extensio,
387 1214 471 1279 quae
490 1196 569 1263 ,eius
595 1198 797 1279 quantitatem
825 1194 931 1269 efficit,
954 1202 986 1258 et
1007 1198 1105 1275 prout

51 1278 115 1341 eius
138 1274 272 1342 termini
294 1296 407 1353 unum,
431 1286 486 1342 aut
508 1277 599 1361 ptura
621 1274 812 1360 significant.

85 1358 136 1422 72.
159 1356 298 1421 Ratione
319 1358 511 1424 extensionis
533 1358 684 1434 subiecti,
699 1360 767 1423 sive
795 1357 978 1441 quantitatis
1006 1374 1105 1419 enun-

52 1442 204 1505 tiationes
228 1439 260 1501 in
280 1439 477 1517 uniuersales,
496 1441 713 1525 partiuelores,
727 1449 760 1505 et
773 1440 944 1523 siupulares
956 1436 1106 1501 dividun-

52 1534 110 1587 tur.
135 1521 331 1586 Enunciatio
353 1523 523 1608 singularis
550 1545 586 1589 ea
614 1536 683 1595 est,
712 1525 746 1587 in
772 1543 836 1608 qua
861 1520 1038 1587 subiectum
1060 1526 1108 1581 est

54 1600 174 1697 aliquiql
198 1600 426 1681 individuum,
449 1627 478 1670 e.
503 1625 547 1751 q„
569 1609 711 1673 Socrates
733 1618 774 1670 est
793 1603 1004 1691 philosophus.
1030 1599 1108 1666 llni·

55 1685 327 1759 catumeum,
350 1686 446 1751 cuins
467 1708 505 1752 su
530 1689 648 1755 iectum
670 1697 719 1753 εει
740 1689 846 1775 aliqua
870 1689 958 1753 notio
980 1684 1109 1749 univcr-

55 1768 123 1833 salis
145 1775 276 1850 accepta
296 1768 448 1846 universe,
462 1769 522 1833 hoc
543 1782 591 1837 est
610 1769 789 1835 secundum
802 1781 904 1835 totum
924 1788 1019 1834 suum
1041 1785 1109 1828 am-

54 1848 173 1927 bitam,
195 1872 225 1914 e.
249 1868 294 1932 g„
318 1850 429 1917 Omnes
451 1850 587 1918 homiues
608 1864 678 1917 sunt
699 1854 818 1916 ratione
836 1851 985 1936 praediti.
1009 1846 1110 1910 Deni-

56 1954 112 2017 que
132 1931 258 2000 dicitur
273 1934 494 2016 particularis,
517 1935 544 1999 si
565 1936 636 2000 eius
657 1934 841 2001 subiectum
861 1944 909 1999 est
929 1934 1019 1997 notio
1039 1928 1111 1991 uni-

59 2014 187 2081 versalis
208 2025 339 2110 accepta
360 2037 400 2078 ec
415 2027 517 2100 parte,
539 2037 655 2101 nempe
680 2017 724 2081 ita
744 2025 780 2082 ut
801 2037 864 2081 non
880 2014 1110 2100 complectatur

59 2098 176 2177 omnia,
198 2118 281 2182 quae
303 2117 375 2163 erus
396 2097 551 2165 ambitum
572 2101 787 2175 constituunt,
809 2119 838 2162 e.
862 2119 907 2184 g.,
930 2097 1038 2185 Aliqui
1060 2093 1112 2156 ta
1231 2123 1232 2152 ;

62 2179 152 2245 mines
174 2189 246 2243 suut
262 2177 451 2264 philosophi.

94 2260 143 2327 73.
172 2262 215 2327 Ut
236 2271 377 2347 patescat
396 2273 507 2329 utrum
529 2262 710 2329 subiectum
730 2265 883 2339 universe,
904 2283 944 2327 an
966 2283 1005 2325 eo·
1021 2267 1112 2344 parte

61 2346 249 2430 accipiatur,
270 2364 307 2409 ac
328 2343 463 2429 proinde
484 2353 595 2411 utrum
616 2345 855 2411 enunciationes
873 2346 937 2410 sint
949 2344 1114 2409 universa·
1231 2333 1232 2336 '

63 2424 105 2490 tes
117 2472 126 2503 ,
149 2447 192 2491 an
213 2425 446 2511 particulares,
472 2427 599 2513 aliquae
621 2439 708 2491 natae
728 2428 873 2493 subiecto
900 2425 1111 2491 adiiciuntur.

63 2508 127 2573 Hae
148 2520 224 2574 sunt
242 2530 304 2605 pro
325 2510 548 2576 enunciatione
569 2508 744 2574 universali
766 2510 886 2587 omnis,
907 2509 1034 2584 nullus;
1055 2525 1114 2590 pro

64 2590 252 2675 particulari
281 2601 389 2656 autem
416 2593 550 2678 aliquis,
578 2592 629 2656 vei
676 2591 792 2655 uidam.
821 2592 904 2656 Cum
929 2586 1116 2656 huiusmodi

63 2686 133 2739 nota
148 2695 213 2737 non
228 2672 405 2770 profertur,
419 2675 629 2740 enunciatioi
688 2675 851 2737 terminata
864 2681 1008 2750 vocatur,
1023 2675 1117 2758 quip-

65 2773 101 2837 pe
121 2754 209 2840 qnod
233 2777 313 2841 ipsa,
335 2768 431 2842 prout
451 2757 659 2840 exprimitur,
682 2776 746 2820 non
767 2763 1116 2823 commonstrat‘utrnm

66 2838 236 2915 universe,
258 2859 299 2902 an
320 2859 361 2901 ex
404 2850 470 2903 arte
491 2838 680 2923 accipienda
700 2840 764 2915 sit,
787 2836 842 2902 sed
862 2847 900 2902 ut
920 2837 981 2903 hoc
1001 2860 1118 2924 cogno·

65 2930 180 2994 scum,
202 2858 447 3005 expendencfum
462 2932 521 2998 est,
536 2929 646 2987 utrum
663 2918 855 2987 attributum
875 2920 914 2985 ad
936 2921 1117 2987 subiectum

65 3000 289 3077 essentialiter,
311 3022 352 3065 on
373 3004 593 3089 contingenter
613 3001 781 3068 referatur.
798 3003 831 3069 Si
845 3004 999 3087 primurn,
1020 3022 1118 3069 enun·

66 3084 164 3150 ciatio
187 3093 235 3148 est
254 3084 466 3162 universalis,
489 3106 518 3150 e.
542 3105 586 3169 g„
615 3084 704 3147 laena
731 3094 775 3148 est
802 3084 921 3148 ratione
945 3086 1118 3169 praeditae

67 3167 112 3229 sin
134 3165 286 3243 alterum,
310 3175 356 3231 est
377 3168 593 3251 particularis,
615 3188 645 3231 ε.
668 3187 713 3250 g,
735 3166 824 3229 loma
844 3181 885 3229 est
906 3170 1038 3251 sapiens.

102 3248 155 3313 rt.
181 3246 318 3313 Ratione
341 3257 446 3313 autom
474 3250 584 3325 iltius,
611 3249 698 3333 quod
725 3246 855 3315 termini
883 3250 1120 3316 enunciationis

68 3328 259 3415 significant,
281 3332 290 3394 i
317 3350 351 3394 sa
372 3329 531 3397 dividitur
552 3332 586 3395 in
606 3352 712 3408 unam,
728 3342 760 3397 et
780 3328 992 3411 multiplicem,
1006 3333 1122 3396 *Enno-

68 3414 163 3479 eiatio
184 3351 350 3498 multiplex
371 3434 409 3478 ea
429 3423 488 3491 est,
510 3434 591 3499 quae
613 3434 656 3477 en
699 3423 766 3480 arte
786 3407 1010 3488 sustentant
1032 3432 1123 3498 prae·

69 3494 185 3572 dicati,
208 3507 265 3563 aut
285 3496 454 3581 utriusque
477 3496 571 3592 ptura
592 3436 767 3642 siqniflcat,
788 3513 871 3579 quae
893 3492 1016 3559 nullum
1036 3493 1124 3560 ordi-

71 3599 141 3643 nem
163 3578 250 3644 inter
271 3598 304 3643 se
326 3576 454 3655 hahent,
477 3588 521 3643 ita
543 3587 617 3643 uta
662 3579 793 3643 unicum
815 3595 911 3639 conce
937 3586 1005 3640 tum
1019 3574 1124 3639 subie-

71 3660 134 3735 cti,
157 3672 215 3727 aut
237 3658 414 3747 praedicati
443 3659 553 3727 reduci
583 3670 751 3746 nequeant.
775 3660 813 3725 Ε.
839 3678 883 3743 g„
905 3596 1067 3729 gamotei,
1094 3662 1123 3713 tl
