2475 3909
518 201 723 251 cosuncocra
1058 184 1115 249 151

79 285 256 374 quivocam
283 287 368 352 inter
389 284 542 358 belluam,
566 297 598 351 et
621 310 658 351 ve
681 286 812 353 etabile.
828 289 872 352 At
886 284 919 349 id
940 286 1074 349 omnino
1098 287 1158 351 lal-

80 392 156 436 sum
177 380 225 434 est
239 368 262 432 ¹.
285 370 369 434 Nam
385 369 532 456 polypus,
548 371 623 446 etsi,
638 309 680 434 od
693 381 875 436 structurae
894 369 1067 453 organicae
1082 369 1157 432 sim-

81 452 284 537 plicitatem,
310 453 466 536 propius,
488 473 585 536 quam
617 463 746 518 ceterae
772 451 926 525 belluae,
950 448 990 513 ad
1014 449 1158 534 plantam

80 533 227 610 accedat,
244 542 350 598 tamen
372 541 420 596 est
440 534 572 609 animal,
588 545 620 599 et
634 555 696 598 coo
710 534 811 610 uliud,
833 533 896 598 nisi
917 532 1055 607 animal3
1080 533 1158 615 quia

81 615 216 697 perinde
237 636 275 679 ac
296 614 428 690 animal,
444 617 553 692 sentit,
569 637 603 680 se
618 618 727 702 ipsum
744 625 864 692 movet,
879 623 911 679 et
930 615 1043 690 nutrit,
1067 634 1156 677 man-

78 697 180 763 ducat
200 708 233 766 et
255 697 376 782 digerit
389 697 414 760 ².

244 819 310 870 dar.
327 818 372 871 lll.
388 847 421 856 -
437 817 472 872 ue
493 821 603 871 nexihus
622 824 775 886 dynamico,
795 828 823 873 et
841 821 999 884 teleologico

468 907 555 942 rerum
576 896 772 945 mandanarum

124 993 194 1060 130.
218 993 329 1058 Nexus
350 1013 462 1058 rerum
485 991 723 1058 mundanarum
739 1015 802 1058 nou
823 989 928 1057 solum
942 1012 984 1055 ex
1002 1011 1042 1055 eo
1056 1012 1155 1056 exur-

81 1155 156 1204 tioue
175 1167 227 1205 uon
249 1161 380 1212 utantur,
406 1162 496 1206 tamen
522 1159 685 1215 rationales,
705 1170 738 1206 ac
757 1155 867 1218 proinde
888 1155 1029 1207 homiues.
1050 1155 1157 1206 dicendi

79 1231 155 1276 sunt.
176 1224 249 1290 Quod
270 1228 302 1278 ad
323 1223 482 1277 Leihnitium
502 1235 615 1292 spectet,
632 1227 759 1293 quidquid
779 1229 813 1276 stt
832 1228 865 1276 de
883 1228 943 1277 aliis
957 1226 1072 1285 rnurrdis,
1087 1242 1155 1291 quos

79 1299 132 1348 sihi
152 1298 237 1362 tingit,
252 1302 346 1363 procul
365 1301 444 1350 dubio
464 1303 546 1360 entia,
567 1315 599 1350 ex
618 1303 716 1365 quihus
735 1301 780 1350 hic
800 1298 913 1348 mundus
933 1303 1049 1358 constat,
1065 1300 1100 1348 ita
1122 1301 1155 1349 ab

79 1383 112 1420 se
132 1372 244 1421 iurtcem
265 1372 380 1434 pendere
400 1373 512 1431 dehent,
534 1377 563 1424 ut
582 1375 644 1423 inde
663 1375 774 1423 unicum
794 1375 909 1435 systema
929 1376 1051 1434 exurgat.
1072 1367 1157 1435 Atqui

81 1444 110 1492 in
131 1444 250 1508 quoiihet
269 1458 359 1494 rerum
378 1451 532 1506 systemate,
548 1442 669 1497 Leihuitii
690 1446 799 1500 iudicio,
814 1445 903 1494 nuilus
923 1443 1012 1493 hiatus
1032 1457 1089 1492 csse
1109 1445 1155 1494 de-

79 1516 137 1566 het.
158 1513 238 1578 Ergo,
259 1517 280 1565 si
300 1530 352 1581 qua
372 1519 475 1580 species
493 1519 639 1582 aequivoca
660 1519 729 1568 iuter
747 1517 903 1574 hominem,
923 1520 951 1564 et
970 1516 1088 1566 hettuam
1108 1517 1156 1566 da·

80 1593 168 1648 retur,
182 1589 250 1638 haec
270 1589 294 1637 iu
315 1595 405 1640 uestro
424 1590 475 1640 hoc
494 1592 593 1640 mundo
607 1591 718 1641 inveniri
732 1589 851 1639 deberet.
867 1586 985 1650 Denique
999 1585 1154 1639 Buchnerus

79 1661 196 1718 delirat,
218 1675 269 1710 non
291 1661 503 1726 philosophatur.
524 1660 612 1721 Nam,
633 1675 821 1729 quaecumque
840 1661 874 1710 sit
892 1661 1052 1718 similitudo,
1072 1675 1153 1724 qrrae,

78 1738 215 1784 structura
236 1737 360 1796 organica
379 1739 510 1797 spectata,
527 1737 595 1786 iuter
613 1737 714 1792 simias,
729 1740 756 1784 et
770 1730 915 1796 Aethiopes
927 1734 1079 1791 intercedit,
1094 1748 1153 1783 cer-

80 1811 139 1854 tum
159 1811 200 1856 est
219 1803 362 1870 Aethiopes
382 1809 483 1857 ratione
503 1809 623 1870 potiere,
644 1823 697 1870 qua
717 1805 830 1865 simiae,
851 1804 960 1868 perinde
980 1819 1012 1855 ac
1032 1803 1153 1869 reliquae

79 1878 196 1937 hestiae,
213 1883 325 1936 errent,
346 1892 493 1942 eorumque
512 1881 616 1944 aliquos
636 1881 721 1944 ipsam
740 1879 807 1929 adeo
824 1879 985 1935 excoluisse,
1006 1883 1036 1926 ut
1056 1879 1104 1929 riri
1127 1879 1153 1926 in

80 1950 174 2013 primis
193 1951 300 2008 eruditi,
320 1954 401 2013 atque
419 1955 491 2002 acrrti
510 1953 661 2002 eraderent.

122 2024 128 2058 ¹
150 2017 186 2073 Cf
202 2019 340 2080 Florrrsus,
357 2026 472 2074 Histoire
490 2027 534 2075 des
550 2032 673 2083 trasone,
694 2030 717 2074 et
734 2023 780 2072 des
797 2021 865 2073 idios
883 2022 914 2071 ds
927 2020 1032 2084 Buffou,
1052 2026 1081 2071 et
1101 2016 1154 2072 Cu·

81 2096 149 2152 rior,
172 2097 284 2147 Histoire
301 2099 347 2146 der
366 2105 488 2154 uocaus,
508 2101 563 2147 etc.

119 2165 130 2200 ²
151 2164 233 2228 Magis
252 2173 344 2218 autem
362 2167 476 2218 absurda
495 2173 536 2218 est
555 2171 644 2232 opinio
663 2167 782 2225 illorum,
796 2165 917 2230 quicum
931 2159 1153 2229 uosrnerotcon-

79 2239 223 2289 riddrotion
242 2241 306 2303 pilii.
326 2254 373 2289 rur
391 2242 418 2290 lo
435 2243 574 2304 prudentiore
593 2241 719 2291 natur-eiie
736 2241 781 2288 des
799 2239 898 2300 lor-mss
916 2239 948 2287 de
965 2238 1050 2295 l'itre,
1065 2239 1154 2289 octies

79 2313 163 2361 essoia
182 2313 213 2360 de
231 2313 257 2363 iu
276 2321 378 2366 nature.
393 2315 437 2376 qui
454 2313 618 2376 apprehende
629 2311 646 2363 d
658 2314 727 2376 {cire
740 2313 873 2366 Plomma,
889 2307 1055 2360 hmsterdam
1074 2309 1154 2378 titiis)

78 2387 214 2447 quotquot
231 2391 293 2436 sunt
314 2385 339 2434 iu
360 2384 467 2443 mundo,
483 2385 601 2436 diversus
615 2389 735 2442 saturas,
750 2397 802 2434 nou
816 2395 873 2433 esse
888 2382 972 2440 aliud,
987 2383 1035 2432 nisi
1050 2384 1153 2433 diversa

80 2455 228 2505 rudimento
248 2457 326 2506 unitis
345 2461 467 2515 naturae,
483 2471 576 2518 nempe
596 2457 741 2516 humanae,
761 2461 789 2506 et
807 2455 925 2506 diversas
943 2460 1063 2512 aetates,
1084 2469 1153 2516 qrrus

80 2527 162 2576 unica
181 2527 227 2578 iila
247 2535 341 2578 natura
362 2529 508 2591 percurrit,
529 2542 612 2592 usque
631 2530 695 2579 dum
714 2529 829 2580 formam
849 2528 971 2577 omnium
992 2526 1154 2590 periectissi-

80 2611 167 2656 mam,
182 2613 276 2664 nempe
290 2601 445 2658 humanam,
460 2607 628 2664 assequatur.
643 2599 722 2660 Saue,
736 2602 757 2650 si
771 2612 864 2650 omues
876 2600 978 2661 species
991 2605 1053 2650 emit
1067 2605 1152 2648 trans-

80 2672 244 2724 mutationes
264 2674 341 2722 uuius
359 2674 477 2735 speciei,
498 2675 672 2737 consequitur
695 2675 801 2724 unicam
826 2685 885 2722 esse
910 2671 1030 2721 omnium
1051 2685 1152 2729 rerum,

78 2755 151 2806 quae
171 2750 243 2803 sunt,
263 2746 418 2803 essentiam,
433 2759 480 2795 seu
496 2745 682 2804 substantiam,
696 2752 724 2797 et
742 2748 882 2795 dumtaxat
900 2743 1049 2794 accidentia
1068 2744 1155 2795 direr-

80 2827 126 2866 sa.
148 2811 230 2879 Atqui
248 2817 299 2868 hoc
318 2817 463 2867 absurdum
483 2822 540 2876 est,
561 2819 623 2882 quia
643 2819 762 2868 diversae
781 2820 904 2875 naturae,
923 2827 972 2866 seu
990 2817 1093 2878 species
1112 2829 1155 2866 rc-

79 2900 164 2946 rum,
184 2901 217 2938 ex
236 2890 334 2952 quibus
352 2891 423 2939 scala
444 2891 535 2939 mundi
554 2890 745 2948 constituitur,
772 2889 921 2938 monadum
939 2890 1103 2948 essentiam,
1123 2893 1154 2938 ut

78 2958 208 3018 vidimus,
229 2962 262 3011 ab
281 2975 309 3011 se
328 2961 465 3011 dilierunt.
486 2959 556 3025 Ergo
576 2963 689 3012 absurda
708 2967 749 3012 est
767 2962 857 3022 opinio
875 2974 980 3019 sorum,
996 2961 1042 3024 qui
1060 2973 1153 3010 omnes

80 3036 196 3082 naturas
215 3046 306 3084 rerum
326 3033 359 3082 uh
378 3035 457 3083 unius
476 3035 574 3096 speciei
594 3035 747 3084 evolutione
766 3038 901 3096 repetunt.
916 3031 1028 3083 Accedit
1043 3033 1070 3082 1⁰
1082 3033 1153 3095 quod

78 3105 326 3168 assumimusque
345 3105 443 3169 gradus
462 3107 520 3156 eius
539 3107 584 3164 sit,
603 3109 808 3157 exercitatione
828 3111 951 3164 naturae,
964 3117 1034 3168 quse
1054 3105 1080 3154 in
1099 3106 1153 3167 pri-

79 3177 133 3226 mis
152 3187 184 3226 ea
204 3179 356 3228 evolutione
375 3179 488 3228 materia
508 3178 585 3227 bruta
604 3183 662 3234 ost,
682 3178 829 3228 seeundum
847 3177 917 3227 hunc
935 3176 1105 3236 seutentiam,
1125 3191 1153 3225 e-

79 3255 217 3310 xurgerctc
239 3251 263 3300 id
282 3251 353 3314 quod
373 3250 405 3299 de
426 3251 478 3298 vita
500 3253 646 3313 vegetatira
666 3257 693 3300 et
712 3252 835 3301 sensitiva
855 3250 983 3300 abnorme
993 3261 1052 3298 esse
1064 3254 1154 3300 osteu-

78 3321 182 3376 dimus,
202 3325 229 3370 et
249 3324 333 3385 magia
352 3322 495 3372 absurdum
515 3335 572 3371 esse
591 3322 679 3386 quoad
697 3325 779 3373 ritum
798 3323 957 3372 rationali-ur
976 3321 1091 3371 hominis
1103 3335 1153 3371 suo

80 3395 143 3443 loco
162 3392 413 3444 demonstrabimus.
430 3393 460 3442 2⁰
472 3390 547 3458 Quod
566 3395 588 3444 si
609 3394 733 3452 mundus,
755 3396 793 3445 uti
812 3393 961 3457 philosophi
980 3394 1025 3443 isti
1043 3401 1154 3444 conten·

78 3466 160 3522 duut,
173 3477 205 3514 ea
219 3469 245 3516 ri
260 3466 304 3517 uni
318 3467 468 3528 primitivae
486 3467 584 3528 speciei
598 3465 676 3517 insita
688 3465 799 3518 eiiectus
819 3466 922 3524 luisset,
937 3463 1007 3516 Deus
1018 3467 1150 3525 omnium,

78 3548 153 3600 quac
172 3542 245 3588 extra
267 3539 353 3602 ipsum
373 3541 454 3594 suat,
475 3543 570 3588 auctor
589 3552 641 3588 uon
659 3544 750 3598 esseti
769 3540 796 3592 ld
814 3537 885 3601 quod
904 3539 1021 3588 maxime
1040 3539 1152 3602 impium

78 3611 124 3658 est
142 3621 271 3662 asserere.
287 3609 323 3660 De
336 3611 465 3660 sententia
486 3617 577 3661 autem
597 3610 660 3662 huic
679 3611 756 3661 valde
774 3610 857 3668 altini,
871 3623 953 3674 quam
966 3606 1150 3671 hamarclrius,

79 3675 193 3734 Duratio
211 3683 310 3750 ultique
329 3681 407 3734 hodie
427 3687 605 3748 propugnant,
625 3683 654 3735 iu
671 3685 876 3754 Anthropolopio
893 3683 1025 3737 dicemus.
