2475 3909
515 206 697 253 oiiroiocii
1066 191 1103 255 11

112 282 164 349 25.
191 282 351 348 Probatur
373 285 487 349 minor.
511 288 554 352 Et
574 308 661 365 sane,
685 289 884 374 principium
911 291 1145 359 contradictio·

72 368 123 429 nis
145 385 186 429 eii
213 366 422 451 conceptibus
449 370 544 445 entis,
573 381 607 435 ct
634 391 696 434 non
726 372 810 435 entis
837 370 1014 437 conficitur.
1043 374 1142 457 Atqui

72 457 247 531 conceptus
268 451 363 525 entis
387 460 417 515 ct
439 470 502 514 non
524 452 607 515 entis
628 461 702 516 sunt
717 449 780 530 itti,
795 450 835 515 ad
857 472 955 535 quos,
977 456 1081 519 voluti
1104 454 1145 521 ad

73 530 222 624 onpnipm
251 551 441 617 supremos,
469 533 590 629 reliqui
622 555 734 597 omnes
766 527 968 600 reducuntur
997 537 1020 597 i.
1055 537 1144 620 Ergo

74 612 275 695 principium
308 611 574 680 contradictionis
607 614 769 680 eiusmodi
802 626 872 693 est,
903 625 938 682 ut
963 617 1002 681 ad
1037 618 1145 700 ipsum

74 694 185 756 omnia
212 694 338 778 reliqua
360 696 522 782 principia
544 695 754 762 reducantur.
778 695 855 761 lnde
884 696 941 776 tit,
968 710 1006 764 nt
1027 698 1148 781 princi-

75 773 167 857 piuin
189 776 454 844 contradictionis
482 779 524 844 sit
553 776 797 843 fundamentum
826 778 1030 875 reliquorum
1058 781 1148 863 prin-

76 856 251 952 cipiorum,
274 860 352 943 quia
368 860 553 925 firmitatem
570 881 660 924 suam
676 861 794 925 ceteris
811 861 980 956 principiis
999 861 1146 926 omnium

76 938 286 1003 scientiarum
309 940 537 1006 communibus
559 940 711 1027 largitum
733 939 894 1027 siquidem
916 944 944 1007 si
966 944 1040 1027 quis
1061 944 1150 1007 iniie-

76 1022 117 1084 sti
144 1038 199 1082 arc
221 1021 312 1098 velit,
336 1043 395 1087 cur
417 1022 456 1088 de
480 1023 545 1087 iilis
567 1026 671 1108 princi
698 1025 800 1087 iisne
823 1023 996 1088 minimum
1016 1023 1148 1109 quidem

77 1038 230 1167 <initiare
248 1104 359 1189 possit,
375 1106 482 1169 statim
499 1043 723 1191 deprehendit,
739 1102 772 1167 id
788 1125 829 1169 ex
849 1106 1047 1182 convenire,
1063 1102 1150 1193 quod

77 1184 106 1247 si
128 1182 209 1249 falsa
232 1196 349 1260 essent,
373 1186 461 1250 idem
483 1186 580 1250 simul
596 1187 821 1262 affirmaretur,
841 1195 874 1251 et
893 1199 1079 1271 nogaretum
1093 1207 1152 1250 un·

77 1264 118 1329 dc
140 1263 267 1364 reliqua
301 1267 462 1352 principia
492 1278 625 1351 possunt
645 1267 793 1331 indirecte
822 1266 1036 1333 demonstrari
1058 1273 1070 1306 ²
1093 1288 1153 1351 per

79 1346 280 1433 principium
305 1348 570 1415 contradictionis
597 1360 710 1413 contra
740 1348 812 1412 ilios
833 1394 841 1424 ,
865 1367 884 1409 a
905 1349 1026 1433 quibus
1047 1352 1093 1415 im
1119 1371 1154 1412 n-

80 1438 235 1576 qnantun
259 1431 408 1573 quisquis
430 1432 517 1494 enini
540 1430 666 1515 aliquid
689 1428 821 1493 illorum
843 1429 1037 1516 impugnat,
1065 1368 1116 1495 ud
1128 1432 1155 1494 i-

78 1536 88 1575 i

102 1530 153 1574 cin
183 1512 268 1576 sinin
306 1532 401 1589 csse,
433 1522 465 1576 et
492 1531 557 1575 non
584 1532 653 1577 esse
682 1508 892 1575 asserendum
921 1512 1051 1579 tandem
1080 1513 1153 1598 cogi

80 1601 199 1681 potest.

120 1674 170 1738 26.
199 1674 293 1751 Quod
322 1672 362 1737 ad
384 1673 518 1739 alteram
545 1674 770 1758 quaestionem
797 1683 921 1758 spectat
941 1721 949 1752 ,
972 1674 1155 1741 Leibnitius

79 1758 195 1822 statuit
213 1756 413 1841 principium
429 1755 685 1820 contradictionis
709 1776 777 1821 esse
792 1755 937 1840 primum
955 1758 1156 1844 principium

77 1839 255 1903 veritatum
278 1839 579 1913 necessariarum,et
593 1836 794 1935 principium
808 1837 942 1900 rationis
965 1839 1156 1922 sufficientis,

79 1917 167 2005 quod
190 1919 351 2005 significat
363 1920 414 1983 his
428 1918 549 1995 verbis,
573 1918 667 1983 nisit
686 1928 728 1981 est
749 1919 816 1981 sine
835 1919 956 1981 ratione
976 1919 1156 2002 sufficione,

79 2021 150 2067 esse
166 2001 309 2085 primum
325 2002 524 2086 principium
541 2001 716 2065 veritatum
729 2000 986 2084 contingentium
1006 2003 1029 2063 ⁸.

121 2083 173 2146 27.
196 2082 282 2158 Quid
305 2081 346 2146 de
368 2082 426 2146 hac
448 2081 603 2148 Leibnitii
633 2083 787 2146 sententia
813 2080 988 2146 tenendum
1015 2082 1078 2159 sit,
1105 2082 1161 2147 ad-

81 2164 223 2229 struitur
245 2164 278 2228 in
301 2168 447 2249 sequenti

123 2246 221 2330 Prop.
246 2246 450 2329 Principium
471 2244 604 2309 rationis
629 2244 808 2329 sufficientis
832 2256 877 2307 cst
901 2265 1032 2319 nomm,
1059 2257 1088 2309 ot
1108 2267 1161 2308 ou·

82 2330 123 2392 let
144 2346 206 2391 non
226 2327 323 2391 solnm
340 2326 605 2412 proceritatibus
630 2324 896 2408 continpontidns,
919 2327 1083 2391 sedetiam
1100 2348 1162 2411 pro

82 2408 269 2475 veritatibus
291 2410 546 2485 necessariique
566 2419 600 2471 nt
621 2421 779 2500 tpinqnom
797 2408 996 2492 principium
1019 2410 1162 2492 ipsarum

82 2490 257 2555 tondendum
280 2491 334 2567 sit,
357 2491 488 2554 sednon
509 2500 572 2553 tam
594 2511 666 2552 num
684 2490 828 2573 primum
846 2490 1059 2585 principium.

125 2573 178 2639 28.
202 2570 360 2637 Probatur
386 2571 419 2635 1¹
448 2592 533 2656 pars.
561 2510 604 2636 [it
630 2571 739 2655 aliqua
765 2592 818 2635 res
844 2591 878 2633 in
906 2570 1027 2635 mundo
1056 2572 1164 2656 potius

82 2652 215 2727 existat,
239 2674 337 2737 quain
360 2673 421 2717 non
437 2655 568 2727 existat,
584 2664 681 2748 atquo
695 2653 817 2717 existat
836 2652 948 2736 potius
967 2652 1044 2727 hoc,
1064 2673 1164 2736 qnam

82 2737 144 2804 itio
166 2733 275 2813 modo,
299 2755 362 2800 non
384 2734 489 2801 solnm
511 2736 691 2819 requiritur
712 2732 860 2817 aliquid,
883 2732 971 2816 quod
990 2735 1033 2798 sit
1055 2754 1164 2807 consa,

84 2818 245 2883 cronius
267 2818 298 2881 vi
321 2818 460 2893 existat,
483 2817 538 2881 sed
566 2815 665 2879 etiarn
691 2814 838 2898 aliquid,
861 2815 1101 2900 propterquod
1123 2816 1164 2880 ad

85 2899 196 2985 potius
216 2898 436 2975 existendum,
460 2920 557 2983 quam
579 2916 643 2959 non
664 2894 890 2974 existendum,
919 2907 1014 2983 atquc
1035 2895 1075 2961 ad
1096 2899 1167 2961 ciii-

86 2978 235 3045 stendum
258 2980 456 3066 potiushoc,
475 3000 575 3064 quain
595 2978 652 3042 iiio
676 2977 771 3042 modo
796 2978 1042 3044 determinetur.
1065 2981 1167 3062 Atqui

87 3060 184 3138 iilud,
198 3062 430 3150 propterquod
445 3083 496 3127 res
511 3060 551 3125 ed
571 3072 661 3130 certo
682 3059 824 3149 quodam
845 3060 940 3124 modo
960 3059 1168 3125 existendum

92 3296 215 3345 dictionis
233 3306 326 3343 cinnes
346 3294 469 3343 intentui
486 3294 601 3343 derivari
620 3294 711 3342 sensit.
728 3290 787 3341 Vid.
808 3304 877 3356 qnae
896 3292 1010 3341 diximus
1022 3291 1048 3340 Ιιι
1070 3293 1168 3355 cocta,

88 3382 118 3433 p.
140 3364 188 3424 itt,
209 3381 234 3415 o.
257 3363 302 3423 iV.
323 3379 349 3415 a.
370 3366 397 3421 2.
419 3379 445 3426 p.
466 3364 512 3421 91,
534 3371 589 3414 ιιοῑ.
611 3364 639 3420 2.
660 3366 714 3414 rot.
737 3362 825 3412 1.-ψ1
846 3358 885 3413 Gt
898 3377 925 3425 p.
946 3364 973 3412 8.

127 3438 139 3474 ²
160 3440 285 3488 tndtrooto
304 3439 449 3501 inquimus,
464 3440 525 3500 quia
541 3438 668 3500 principia
688 3438 854 3493 communia,
868 3448 931 3483 oum
950 3436 1002 3483 sint
1020 3448 1053 3484 or
1072 3448 1099 3485 se
1113 3451 1175 3499 per-

90 3512 204 3573 spicua,
230 3511 336 3571 proprie
355 3514 471 3559 sumtum
495 3509 750 3559 demonstiationem
770 3522 822 3557 non
845 3506 1000 3557 admittunt.
1021 3502 1055 3559 ci
1072 3510 1172 3575 copia..

90 3598 121 3648 p.
141 3580 175 3639 ΙΙ,
198 3596 223 3631 c.
245 3577 292 3636 ΙΙΙ,
313 3595 340 3630 a.
362 3582 387 3639 t,
408 3594 435 3644 p.
456 3580 491 3630 dt
510 3583 565 3631 rot.
589 3578 610 3630 Ι.
1118 3574 1124 3583 ’

129 3652 197 3709 tLo
215 3654 405 3720 nonodotopi'e,
427 3658 442 3716 s
462 3652 559 3715 31-38)
579 3654 700 3719 Prinotp.
718 3653 750 3706 do
768 3652 794 3705 tu
812 3658 881 3713 not„
901 3657 917 3714 s
938 3652 964 3713 7,
984 3656 1012 3706 ot
1030 3653 1058 3706 8.
