2475 3909
462 168 735 251 cannamomum
1022 178 1086 244 ete

59 278 220 364 simplex,
245 291 342 378 atque
368 284 553 351 uniusmodi
575 287 741 353 exhibent.
765 288 806 351 At
829 292 925 367 prout
947 304 1124 369 corporeae

58 361 268 458 substantiae·
282 376 414 442 insunt,
436 388 499 430 non
520 382 596 435 sunt
618 366 851 440 indivisibilem
875 367 1016 463 gravitas
1037 367 1125 431 enim

61 444 369 539 iuxtadivisionem
390 467 513 513 massae
527 452 674 536 corporis
688 448 856 522 dividitur;
879 461 974 525 item,
991 448 1039 511 vis
1060 468 1126 511 mo·

61 537 126 589 trix
152 548 190 620 ‚in
208 548 345 620 omncs·
359 540 466 612 partes
486 534 634 615 corporis
656 530 853 617 dispergitur
868 542 886 605 ,'
899 532 945 595 ita
971 540 1008 595 ut
1028 530 1053 593 si
1077 530 1126 594 vis

60 614 184 669 motrix
205 630 397 703 incorpore
419 620 484 687 est,
507 626 544 679 ut
564 615 637 690 duo,
660 616 692 679 in
715 610 854 677 dimidio
876 611 934 687 sit,
957 620 994 676 ut
1013 630 1124 674 unum.

59 688 87 750 E
109 698 274 781 contrario
295 696 431 774 quaevis
452 693 607 777 cogitatio
630 705 698 761 tuin
721 697 754 760 iii
779 714 824 769 se,
847 704 915 759 tum
932 696 965 758 in
980 693 1127 758 subiecto

59 779 223 851 cogitante
246 792 379 866 prorsus
400 774 610 842 indivisibilis
631 790 689 842 est.

95 850 173 947 110.
197 850 305 946 Qbiic.
329 852 364 917 2⁰
386 854 579 922 Nullatenus
604 858 673 922 lieri
698 866 812 942 potest,
838 865 874 919 ut
894 856 1018 921 extensi
1042 854 1134 919 obie-

58 939 113 1026 cti·
130 953 305 1015 imaginem
326 936 437 1001 anima
460 937 668 1003 indivisibilis
686 942 718 1003 iii
740 960 772 1003 se
795 938 967 1004 contiueat.
992 940 1080 1022 Ergo
1101 938 1128 1001 si

60 1032 170 1075 anima
193 1034 246 1077 res
267 1028 417 1082 extensas
439 1022 590 1104 percipit,
606 1022 674 1105 ipse
694 1019 903 1085 indivisibilis
916 1042 986 1085 esse
1002 1020 1127 1104 nequit.

88 1094 310 1190 ,¹4¹213espu
334 1119 400 1182 nep.
423 1110 488 1166 eut.
511 1116 544 1167 ct
564 1123 647 1166 cous.
672 1104 753 1168 Nain
776 1104 883 1167 anima
898 1126 914 1163 ii
932 1124 994 1166 non
1015 1112 1064 1166 est
1083 1101 1149 1163 in-¹

61 1172 262 1255 divisibilis,
288 1190 325 1244 ut
351 1193 505 1264 punctum
532 1183 653 1248 babens
685 1185 784 1250 situm
813 1186 847 1247 in
876 1186 1052 1257 contiuuo,
1075 1180 1131 1245 sed

62 1278 125 1353 per
145 1255 392 1352 abstractionem
415 1285 432 1327 a
455 1276 523 1331 toto
548 1286 666 1350 genere
695 1264 867 1330 continui¹
892 1288 921 1326 ii.
946 1267 1026 1331 Sane
1049 1262 1132 1327 iudi-

60 1338 194 1434 visibile
216 1340 338 1407 babens
361 1347 578 1440 positionem,
602 1346 785 1412 cuiusmodi
810 1354 857 1410 est
879 1357 1032 1429 punctum
1047 1346 1082 1420 ¹,
1107 1344 1132 1407 i-

61 1441 228 1515 maginem
250 1435 373 1489 extensi
396 1427 516 1495 obiecti
541 1440 654 1503 totam,
676 1440 795 1513 quanta
815 1448 850 1491 re
867 1428 935 1511 ipsa
958 1438 1016 1499 est,
1042 1427 1075 1490 in
1098 1446 1132 1489 se

62 1513 232 1568 continere
255 1528 317 1571 non
362 1518 454 1575 otest.
478 1514 521 1577 At
542 1512 647 1576 virtus
661 1511 820 1595 integram
836 1510 1056 1573 extensionem
1077 1505 1134 1571 ob·

63 1585 145 1650 iecti
168 1526 368 1671 percipiendi
390 1612 451 1656 non
479 1592 685 1664 indivisibili,
708 1594 809 1657 instar
830 1593 960 1676 puncti,
984 1588 1037 1655 sod
1060 1586 1136 1652 sub·

63 1666 202 1733 stantiae
223 1671 356 1733 omnino
380 1672 587 1751 indivisibili,
610 1694 694 1759 quae
717 1694 832 1757 nempe
855 1673 980 1739 nullum
1003 1670 1042 1736 ad
1063 1688 1136 1755 pur-
1235 1738 1237 1743 ,

64 1760 114 1846 tes
134 1748 278 1815 ordinem
301 1752 408 1830 babet,
430 1767 463 1821 et
488 1755 529 1818 ed
551 1777 653 1840 genus
674 1756 818 1820 continui
842 1752 929 1817 nullo
953 1752 1049 1818 modo
1064 1771 1137 1836 per-

64 1842 160 1906 tinet,
184 1834 315 1918 propria
336 1846 395 1900 est.
418 1837 513 1912 Quod
536 1842 561 1902 si
585 1837 625 1902 ad
649 1837 814 1902 obiectum
841 1847 1008 1900 extensum
1031 1832 1137 1921 perci-

65 1914 222 1998 piendum
255 1919 401 1982 extensio
426 1921 457 1982 in
479 1918 627 1984 subiecto
658 1919 747 2017 perci
776 1919 860 1981 iente
883 1918 1087 1999 requiritur,
1111 1914 1138 1983 i·

65 1994 141 2093 stud
165 2007 306 2068 tantam.
330 2010 362 2065 el
385 2011 447 2066 tani
472 2004 594 2067 variam
617 2022 725 2098 reipsa
751 1940 870 2063 liubere
897 1998 993 2064 debet
1013 1998 1144 2070 dinien-¹

66 2100 204 2154 sionem,
226 2093 347 2163 quanta
378 2095 427 2149 est
458 2083 620 2147 dimensio
647 2082 873 2155 diversorum,
895 2101 978 2163 quae
1005 2080 1045 2144 ab
1067 2079 1078 2142 i
1103 2082 1138 2142 sb'

68 2161 313 2246 percipiuntur,
336 2163 548 2239 obiectorum3
565 2165 596 2228 id
613 2163 699 2249 quod
716 2176 765 2229 est
779 2174 888 2256 aperte
909 2162 1026 2227 falsum
1039 2163 1064 2224 ⁸.
1078 2100 1139 2225 do·

68 2243 168 2316 cedit,
184 2245 271 2326 quod
288 2247 412 2330 integra
436 2250 483 2311 rci
499 2249 646 2311 extensio
662 2245 722 2309 sub
737 2266 800 2309 nnn
816 2244 1069 2328 simplicissima,
1084 2262 1141 2389 pc-

68 2327 224 2410 uitusque
246 2327 437 2393 indivisibili
461 2329 587 2393 ratione
609 2327 739 2392 formali
763 2326 962 2411 percipitur3
985 2346 1062 2409 ergo
1106 2346 1142 2387 u-

69 2410 210 2474 insmodi
233 2411 400 2495 perceptio
432 2430 495 2473 non
525 2412 588 2474 nisi
612 2408 651 2474 ad
676 2408 876 2494 principium
901 2408 1035 2470 omuino
1056 2405 1142 2470 indi-

70 2489 203 2560 visibile
225 2496 388 2575 pertiuerc
434 2502 528 2558 otest.

113 2574 183 2638 142.
206 2576 315 2641 Obiic.
338 2572 372 2640 3⁰
425 2574 569 2657 ulgatum
585 2581 634 2636 est
647 2570 725 2634 illud
749 2568 894 2635 effatum:
919 2568 1078 2664 Quidquid
1095 2588 1142 2631 re·

67 2654 206 2738 cipitur,
224 2676 283 2739 per
304 2653 428 2717 modum
449 2655 626 2738 recipientis
651 2651 816 2736 recipitur.
840 2652 938 2735 Atqui
963 2668 1068 2714 anime
1091 2671 1142 2714 re·

68 2737 196 2821 cipitur
217 2741 250 2805 in
272 2756 328 2800 cor
351 2756 420 2800 ore.
443 2739 532 2822 Ergo
552 2746 600 2799 est
621 2754 789 2819 corporea.

114 2820 185 2886 113.
209 2820 307 2904 Resp.
368 2818 400 2880 'it
421 2820 520 2892 moi,
544 2818 588 2883 ita
622 2825 659 2879 ut
691 2824 829 2899 nequeat
855 2834 955 2876 unum
978 2810 1019 2875 ab
1041 2813 1142 2878 altero

69 2900 188 2986 recipi,
201 2904 264 2969 nisi
279 2902 323 2967 sit
336 2902 422 2965 inter
437 2911 610 2994 utrumque
625 2896 784 2981 quaedam
801 2896 967 2980 proportio
981 2892 1144 2959 habitudi-

72 2984 153 3059 nis,
175 3005 258 3051 conc.
283 2985 383 3058 mit,
407 2982 469 3047 nisi
491 2980 532 3044 sit
553 2988 639 3043 inter
666 2999 703 3041 ea
731 2987 864 3042 naturae
889 2976 1141 3049 convenientia,

113 3212 491 3339 {llill'litilltl‘
503 3204 860 3334 :lilnf'ssitlfln
883 3274 917 3325 i.

113 3363 125 3399 ³
146 3380 157 3406 i
175 3356 239 3410 Tam
259 3358 368 3413 inultas,
389 3354 421 3403 ad
441 3366 498 3403 rem
519 3351 604 3413 inquit
624 3363 647 3399 s.
668 3344 841 3412 Augustinus.
855 3353 882 3397 et
896 3354 950 3396 tarn
964 3358 1073 3409 mugnus
1087 3358 1149 3394 eor-

75 3448 173 3502 porum
192 3431 330 3493 imagines.
350 3428 372 3476 il
391 3428 479 3474 anima
499 3436 596 3484 corpus
614 3425 694 3477 esset.
710 3434 805 3483 capeio
825 3420 974 3482 cogitando,
989 3418 1030 3467 vel
1046 3430 1151 3467 moruo-

78 3512 118 3559 ria
139 3504 297 3555 continendo
317 3512 368 3550 uon
388 3501 487 3560 posset.
498 3531 504 3544 .
516 3528 542 3544 ..
561 3491 618 3557 Qua
638 3494 718 3555 igitur
737 3492 926 3555 magnitudine,
940 3503 1008 3554 quae
1022 3489 1093 3539 nulla
1108 3487 1148 3539 illl

76 3585 132 3633 est,
152 3577 278 3638 imagines
291 3581 345 3623 tum
360 3580 516 3631 magnorum
536 3579 689 3627 corporum.
704 3570 730 3613 et
743 3568 901 3627 spatiorum,
917 3569 996 3623 ii'qiie
1010 3564 1149 3627 regionum

78 3651 172 3716 capit?
193 3666 205 3694 i
226 3650 265 3700 lte
282 3648 363 3698 enini.
387 3649 410 3694 el
429 3646 483 3692 θέω
501 3642 581 3704 orig„
606 3638 655 3687 lili.
679 3634 723 3699 ll',
743 3652 769 3690 o.
794 3638 836 3695 ll,
856 3650 883 3687 n·
905 3635 950 3687 15.
1061 3682 1063 3687 ,
