2475 3909
160 132 223 203 328
462 152 652 215 runouoem
673 150 864 203 narrastis

121 236 316 322 appellatur.
340 236 407 301 lam
428 238 490 302 etsi
512 230 727 322 perfectiones
753 256 865 301 omnes
888 236 921 299 in
943 228 1022 315 Deo,
1044 236 1091 301 uti
1112 254 1175 299 mor
1212 218 1213 293 l

120 316 436 392 demonstrabimus,
458 317 540 383 Eius
561 315 744 385 Essentiam
766 319 987 392 constituant,
1010 330 1177 383 tamenne

120 396 199 475 bis,
221 400 281 483 qui
311 420 375 464 non
420 420 569 465 ossumus
591 402 656 467 Eas
679 419 742 464 uno
764 401 883 465 mentis
908 401 1031 465 intuitu
1052 397 1177 484 comple·
1212 446 1213 449 ,

122 479 181 556 cti,
204 481 372 565 inquirere
394 418 483 557 lieet,
503 502 666 566 quaenam
688 502 730 547 ex
755 482 836 567 ipsis
857 492 1022 566 tamquam
1042 480 1178 547 Divinam
1212 486 1213 489 ’

122 564 305 627 Essentiam
328 564 528 627 constituens
549 565 688 648 spectari
711 565 822 647 possit.

151 642 216 736 .7⁶·
240 642 339 738 Prop.
356 643 495 737 duritas,
517 647 581 709 sior
603 666 664 709 esra
686 668 706 710 o
725 667 755 711 ae
778 657 937 731 tamquam
959 644 1116 709 Essentioe
1136 642 1180 705 lli-

123 744 214 788 omoe
234 734 473 791 constratorum
503 729 663 810 arripuere?
679 740 789 813 potest.

165 802 340 871 Probatur.
364 806 531 872 Aseitotem
559 820 626 875 tam
650 830 725 874 uam
755 808 879 894 aliquid
902 809 1046 893 primum
1074 808 1107 871 in
1127 802 1181 869 Dea
1212 830 1213 903 p

125 906 196 951 esso
218 888 439 974 concipimus;
466 892 591 955 namsi
614 830 702 957 alind
725 892 817 977 prins
838 893 964 955 oscitare
985 888 1017 952 in
1041 888 1107 953 Deo
1126 908 1180 952 esse
1212 908 1213 949 t

125 969 265 1052 eogitari
310 981 413 1047 osset,
443 991 595 1037 earcere
618 983 682 1038 tam
707 994 782 1037 uam
804 972 846 1036 ab
867 974 933 1037 alio
955 970 1058 1035 lluens
1084 968 1182 1035 intelli·
1212 972 1213 989 ¹

127 1048 268 1134 gendum
288 988 399 1127 laren
416 1052 448 1116 id
476 1053 565 1138 quod
587 1053 667 1118 absu
711 1076 767 1119 um
789 1066 847 1120 ost.
862 1053 990 1119 Deinde
1013 1053 1129 1117 Aseitor
1145 1062 1182 1115 est

125 1132 212 1195 ratio
233 1131 341 1197 Deum
366 1131 570 1215 distinguens
590 1136 632 1201 ab
654 1137 742 1202 omni
763 1157 821 1212 eo,
834 1136 921 1221 quod
945 1136 1033 1199 Deus
1057 1156 1118 1199 nou
1136 1142 1180 1203 est

126 1232 218 1291 nam,
246 1224 284 1278 ut
305 1226 392 1279 reote
420 1236 446 1279 s.
471 1217 607 1281 Thomas
630 1219 747 1303 inquit,
770 1240 847 1283 «ex
865 1218 926 1283 boo
948 1219 1018 1300 ipso
1042 1218 1119 1282 Esse
1140 1215 1181 1279 m'
1212 1272 1213 1283 .

126 1292 167 1357 ab
181 1295 333 1361 omnibus
355 1294 432 1362 aliis
452 1297 680 1381 distinguitur,
696 1300 772 1385 quia
795 1300 874 1364 nibil
890 1301 928 1365 Ei
952 1297 1026 1362 addi
1046 1298 1181 1383 potestbt
1212 1348 1213 1385 ,

127 1374 204 1440 ideo
226 1390 335 1444 autem
358 1378 438 1443 nibil
461 1379 530 1442 Deo
552 1380 628 1445 addi
651 1391 767 1468 potest,
782 1382 860 1469 quia
882 1393 931 1447 est
951 1380 1063 1465 Ipsum
1086 1387 1181 1455 maeel
1212 1406 1213 1429 t

127 1457 266 1541 proinde
287 1458 356 1525 Ena
376 1482 397 1523 o
423 1483 466 1525 aa.
489 1460 639 1546 Denique
662 1466 799 1541 Asellus,
814 1461 852 1529 dt
872 1486 912 1528 ex
936 1463 1043 1547 primo
1067 1458 1182 1527 articulo

127 1552 279 1618 constat,
301 1549 367 1606 tam
390 1563 468 1606 uam
491 1543 575 1607 ratio
601 1546 822 1632 intelligitur,
846 1566 889 1609 ex
909 1564 973 1629 qua
996 1563 1108 1609 omnes
1128 1562 1183 1628 per·

128 1619 286 1688 sectiones
309 1623 342 1687 in
415 1643 526 1689 oesse
548 1623 698 1694 debeant.
717 1652 733 1689 o
748 1628 796 1692 Ex
820 1628 896 1701 boo,
920 1627 966 1691 ait
988 1622 1077 1687 idem
1103 1625 1183 1707 Aqui·

128 1723 200 1780 nas,
214 1701 302 1788 quod
318 1703 405 1769 Deus
427 1716 476 1770 est
496 1708 605 1851 ipsum
627 1728 696 1775 esse
720 1730 779 1794 per
799 1730 832 1773 se
855 1707 1044 1781 subsistens,
1109 1724 1183 1790 opor

129 1796 188 1931 tgt,
209 1785 297 1870 quod
320 1796 422 1852 totam
445 1806 504 1871 per
519 1788 678 1854 actionem
702 1790 829 1856 essendi
853 1792 885 1856 in
914 1810 947 1855 se
969 1788 1182 1854 continear»-
1212 1834 1213 1887 ,

161 1886 233 1932 ro.
1212 1890 1213 1897 ¹

170 1887 222 2013 ΙῚ.
246 1948 393 2028 Accedit,
415 1949 522 2034 quod,
546 1951 680 2019 docente
703 1974 728 2019 s.
753 1952 900 2028 Hilario,
923 1950 1053 2016 «nobis
1074 1952 1184 2034 loquen-
1212 1950 1213 2003 ἶ

133 2027 214 2095 dum
234 2052 299 2096 non
320 2031 418 2097 aliter
438 2031 478 2097 de
501 2032 587 2111 Deo,
610 2054 710 2118 quam
733 2043 770 2100 ul
796 2034 867 2120 lpse
890 2031 929 2097 ad
953 2030 1183 2120 intelligentius

132 2124 278 2177 nostram
300 2111 340 2177 de
355 2133 389 2178 se
404 2114 533 2179 locutus
548 2129 597 2183 est
614 2120 662 2181 8ι).
680 2117 748 2181 lam
763 2115 867 2201 Moysi
889 2116 1183 2195 interrogantique
1212 2142 1213 2145 ¹

132 2205 228 2271 esset,
242 2195 431 2281 respondet:
448 2194 516 2279 Epo
538 2218 628 2273 rum,
644 2199 700 2285 qui
720 2218 799 2261 sum.
817 2199 873 2267 Sic
893 2196 975 2262 dices
996 2195 1077 2279 filiis
1094 2189 1185 2261 trad:

133 2278 281 2356 (retest,
304 2279 395 2342 misit
416 2298 464 2340 mr
485 2278 526 2342 od
547 2300 600 2342 ooa
613 2282 637 2342 ⁸.
661 2277 790 2357 Quibus
811 2276 920 2345 verbis
943 2291 1111 2361 tamquam
1131 2290 1184 2359 pru
1212 2306 1213 2309 ¹

133 2361 243 2443 prium
265 2359 411 2426 Naturae
433 2380 512 2425 suae
534 2360 764 2436 characterom,
787 2382 845 2427 ens
894 2380 932 2425 er
956 2360 1138 2431 essentiam,
1156 2351 1184 2415 ab

134 2441 201 2506 alio
221 2438 454 2526 independens,
478 2462 596 2528 nempe
619 2446 775 2509 ueritatem
797 2464 816 2508 a
838 2380 931 2507 nobis
958 2436 1184 2526 concipiendam
1212 2524 1213 2533 ἵ

135 2544 205 2590 esse
227 2523 410 2608 designavit
423 2524 447 2588 ⁸.
1212 2534 1213 2559 t

538 2660 718 2727 GAPVT
749 2664 806 2731 ΙΙΙ.

186 2792 231 2858 m
252 2792 429 2861 asnonio
447 2793 518 2873 no,
542 2800 579 2861 οι
599 2796 800 2945 {mres
821 2794 875 2873 tu,
898 2810 980 2876 quae
1003 2792 1149 2867 osona

1212 2934 1213 3007 t

181 3008 234 3073 78.
256 3004 503 3086 Perseotiones,
526 3028 606 3094 quas
629 3004 669 3072 ab
692 3007 841 3072 Essentia
863 3005 924 3070 Dei
954 3001 1130 3090 seeundum¹
1146 3014 1186 3057 no
1212 3010 1213 3091 l

141 3104 244 3157 strum
266 3087 473 3172 concipiendi
495 3088 628 3155 modum
652 3110 781 3154 manare
804 3086 1030 3170 intelligimus,
1047 3078 1185 3166 Arrrttou
1212 3092 1213 3117 ³

143 3171 204 3237 Dei
227 3171 443 3236 nominamus.
468 3171 520 3238 Ex
541 3172 584 3236 iis
605 3169 766 3256 quaedam
788 3169 942 3234 dicuntur
962 3165 1107 3231 absoluta
1124 3207 1132 3233 r
1150 3168 1185 3220 ¹¹1¹
1212 3178 1213 3205 ³

143 3253 321 3337 Sapientia,
344 3251 499 3327 Bonitas,
520 3264 617 3336 atque
638 3252 699 3316 hoo
721 3253 851 3316 nomine
874 3248 916 3313 ab
938 3249 981 3313 iis
1002 3246 1185 3330 distinguun-

181 3452 190 3486 ¹
211 3454 291 3512 rota„
310 3456 359 3505 tiu.
379 3452 401 3516 l,
421 3470 448 3507 o.
468 3454 607 3515 tu-21,
628 3473 656 3521 q.
672 3448 719 3518 tv,
738 3470 765 3507 a.
786 3458 802 3507 2
823 3473 848 3508 e.

180 3520 191 3556 Ι
211 3524 250 3572 Dr
269 3526 355 3584 Tria„
376 3524 425 3575 ΙΙΙ).
446 3524 531 3578 V.—⁴
552 3530 637 3578 Ezod.
659 3524 706 3587 ΙΙΙ,
729 3529 773 3579 ΙΙ.

180 3591 192 3625 ³
212 3586 248 3640 Cf
263 3606 286 3642 s.
306 3592 444 3658 Damaso„
464 3599 504 3650 De
522 3600 585 3652 atde
602 3600 717 3660 orthod..
738 3600 785 3651 lib.
806 3597 828 3660 l,
849 3614 875 3652 c.
897 3598 941 3651 tu.
