2475 3909
338 192 525 241 rusonocm
546 196 735 245 nervuaars
981 180 1042 247 323

18 276 140 343 ratione
162 276 392 344 distinctionis.
417 280 565 344 Essentia
593 293 701 347 autom
729 280 846 346 Divina
874 292 1006 347 nonest
1028 282 1083 349 de·

18 361 186 424 terminata
219 360 329 445 primo
351 360 475 438 modu,
504 361 560 426 sed
582 361 725 428 secundo
749 362 844 427 modo
860 363 871 401 ¹
889 386 917 427 u.
941 366 1022 429 Sane
1050 368 1083 429 in

17 440 149 518 Deum,
173 451 283 525 utpote
306 443 363 526 qui
387 452 435 507 est
463 446 570 530 ipsum
594 466 656 509 esse
680 465 798 528 purum
826 445 1028 523 subsistens,
1052 459 1084 512 et

17 522 155 599 actuale,
178 522 268 587 nulla
290 522 520 589 determinatio
541 526 747 591 limitationis
769 526 883 592 eadere
906 536 1021 612 potest.
1043 531 1085 592 At

17 603 259 681 determinatio,
274 606 302 667 si
316 606 416 670 altera
438 605 674 690 significatione
696 619 862 684 sumatur,
878 608 1084 674 attribuenda

16 685 149 770 quidem
172 686 242 752 Deo
270 698 328 751 est.
354 712 371 750 ι(
388 688 424 751 ln
447 689 594 753 Esseutia
617 688 763 767 Divina,
789 690 895 793 pergit
914 691 1085 835 siguinae,

17 788 83 832 uon
103 776 153 831 est
173 766 298 853 aliquid
321 772 355 832 in
377 769 441 833 alio
464 780 643 856 receptum,
668 770 814 856 eoquod
837 774 914 835 Esse
968 772 1018 835 ius
1039 782 1087 834 est

16 850 87 945 ipsa
103 846 223 913 Divina
238 851 363 917 Natura
385 851 574 929 subsistens,
590 850 679 931 quod
702 853 736 915 in
759 852 847 917 nulla
870 852 932 916 alia
955 874 990 916 re
1013 873 1089 916 cou-

18 931 126 1012 trugit3
144 951 218 994 uam
239 931 404 1015 quaelibet
424 954 478 996 res
500 933 563 997 alia
586 931 682 997 habet
701 954 770 997 esse
793 942 972 1016 receptum,
995 936 1087 999 etsie

18 1012 216 1088 limitatnm3
232 1024 265 1079 et
288 1014 363 1079 inde
386 1014 540 1098 estquod
562 1016 712 1081 Essentia
734 1013 854 1079 Divina
875 1014 915 1078 ab
937 1014 1088 1079 omuibus

18 1093 233 1179 distinguitur
254 1096 406 1180 perlue,
427 1095 516 1192 quod
537 1109 585 1163 est
607 1098 642 1161 in
664 1096 729 1161 alio
751 1116 816 1159 non
838 1097 982 1182 recipi...
998 1098 1091 1162 Patet

18 1195 99 1259 ergo
121 1174 208 1260 quod
230 1178 376 1243 Essentia
404 1177 524 1243 Divina
553 1199 617 1243 non
640 1190 688 1243 est
708 1177 786 1274 quid
810 1176 960 1298 generale
986 1179 1020 1242 in
1042 1200 1091 1244 es·

17 1256 132 1332 sendo,
155 1278 230 1322 cum
252 1260 296 1324 sit
316 1259 356 1323 ab
379 1259 532 1325 omuibus
554 1259 629 1324 aliis
650 1258 803 1325 distincta
848 1282 877 1323 ».

60 1338 112 1403 65.
128 1337 237 1404 Obiic.
254 1341 420 1406 Infinitum
442 1352 544 1407 totum
559 1362 617 1405 ease
639 1341 672 1405 iu
687 1362 721 1405 se
745 1339 984 1427 complectitur.
1002 1340 1090 1427 Ergo

19 1442 40 1484 a
64 1420 154 1484 nulla
175 1442 223 1497 re,
245 1442 331 1506 quae
353 1432 446 1488 extra
467 1424 481 1487 l
506 1444 577 1488 sum
600 1424 655 1501 sit,
679 1421 836 1508 distingui
882 1433 976 1488 otest.

62 1502 115 1567 66.
138 1501 237 1588 Resp.
261 1505 343 1587 Neo.
368 1526 450 1569 cona.
474 1444 517 1571 dt
537 1524 626 1582 saue,
650 1524 777 1569 summa
799 1442 958 1601 perfectio
978 1550 986 1581 ,
1008 1522 1092 1589 quae

21 1593 128 1648 totum
148 1604 210 1649 esse
231 1590 388 1663 continet,
410 1586 545 1651 minime
566 1585 729 1683 prohibet,
744 1606 920 1670 quominus
943 1585 1030 1653 Deus
1052 1584 1092 1649 ab
1154 1638 1159 1649 .

21 1666 101 1751 aliis
113 1676 207 1730 extra
222 1664 331 1751 lpsum
353 1668 526 1734 distinctus
540 1668 688 1747 dicatur3
702 1666 865 1753 siquidem
879 1668 968 1734 Deus
990 1679 1093 1736 totum

21 1768 88 1811 eeae
108 1750 264 1826 continet,
279 1770 345 1814 non
359 1761 520 1836 quatenus
542 1751 622 1815 Eius
644 1771 703 1815 esee
724 1770 797 1813 cum
823 1772 896 1827 esse,
911 1750 998 1836 quod
1020 1770 1095 1837 pro-

24 1831 139 1975 prium
158 1828 259 1893 rebus
280 1834 370 1896 extra
391 1831 501 1917 Ipsum
523 1842 582 1909 est,
600 1831 822 1910 confunditur,
841 1852 896 1897 eas
912 1833 1002 1897 enim
1023 1852 1095 1918 per·
1131 1844 1135 1849 '

39 1911 201 1987 ectiones,
223 1912 404 1996 exquibus
425 1914 486 1978 hae
507 1914 763 1992 constituuntur,
779 1925 817 1980 ut
839 1936 915 1978 mox
937 1913 1094 1987 dicemus,

23 1993 160 2058 diversa
174 2012 309 2078 prorsus
330 1996 457 2062 ratione
472 1994 561 2061 Deus
582 1994 828 2082 complectitur3
844 1995 899 2061 sed
921 1998 998 2082 quia
1013 1994 1097 2061 eius-

66 2208 77 2244 ¹
99 2206 217 2271 maddi.
238 2203 298 2265 Vll,
318 2220 345 2256 a.
369 2208 379 2257 t
401 2209 435 2260 ad
458 2210 482 2259 1.

64 2280 78 2315 ²
98 2280 163 2329 ibid.
186 2276 254 2327 llinc
273 2278 335 2327 alibi
355 2276 407 2345 (tn
424 2282 470 2331 tid.
493 2283 506 2329 1
522 2282 606 2339 Seni„
629 2277 694 2331 liist.
717 2277 788 2339 Vlll,
808 2295 836 2343 q.
860 2277 913 2336 lV,
934 2291 960 2327 a.
984 2276 993 2325 l
1017 2276 1049 2325 ad
1069 2271 1098 2342 2)

24 2357 78 2411 ait,
93 2348 179 2401 Deum
190 2366 239 2415 par
255 2364 330 2399 auum
348 2352 411 2402 Erae
429 2353 574 2403 absolutum
591 2367 645 2401 non
663 2361 762 2404 tontum
780 2366 846 2411 aare,
859 2350 904 2403 aed
921 2349 1016 2414 aliquid
1034 2362 1098 2399 ease.

25 2424 105 2480 Unde
125 2428 215 2474 monet
233 2423 381 2473 carendum
401 2437 460 2476 ease
485 2424 518 2473 ab
538 2424 644 2474 illorum
664 2437 765 2484 errore,
782 2424 852 2487 aqui
872 2420 957 2473 Deum
976 2420 1100 2470 dixerunt

25 2509 90 2549 ease
109 2496 174 2545 illud
193 2506 252 2546 esee
265 2495 431 2555 universale,
446 2510 499 2561 quo
519 2498 654 2561 quaelibet
673 2510 714 2547 ree
728 2496 876 2547 formaliter
894 2498 944 2544 est.
959 2488 1014 2542 lloe
1028 2491 1099 2541 enim

25 2584 98 2628 erae,
118 2568 187 2631 quod
207 2565 278 2618 Deua
295 2574 347 2628 est,
367 2568 446 2619 huius
471 2568 629 2619 conditionis
648 2574 699 2627 est,
714 2573 742 2617 ut
763 2568 835 2618 nulla
856 2566 904 2616 sibi
924 2564 1024 2614 additio
1042 2562 1100 2614 tleri

26 2643 127 2706 possit.
147 2638 220 2692 Unde
238 2654 286 2703 per
305 2642 389 2703 ipsam
409 2654 485 2691 suam
505 2642 648 2702 puritatem
668 2646 708 2690 eat
727 2654 781 2690 aare
800 2640 955 2689 distinctum
975 2636 1008 2685 ab
1028 2638 1100 2686 omni

27 2728 106 2770 aem
127 2720 234 2775 propter
252 2714 323 2777 quod
341 2714 368 2763 in
388 2707 546 2764 commento
565 2726 651 2763 nouae
670 2712 857 2774 Propositiouia
883 2709 942 2760 libri
961 2710 992 2758 da
1013 2711 1102 2759 &usia

28 2787 144 2841 dieitur,
164 2785 235 2847 quod
254 2785 427 2835 inetrrdnatio
446 2783 550 2835 Primae
569 2780 682 2844 Causae,
703 2797 772 2847 quae
791 2789 832 2833 eat
851 2798 906 2833 sara
924 2786 1039 2838 tautum,
1059 2786 1101 2830 est

28 2872 82 2923 per
102 2869 197 2918 puram
218 2852 366 2907 Bonitatem
385 2854 485 2915 ilium
501 2862 540 2908 Da
557 2866 614 2908 enta
632 2866 656 2909 et
675 2871 737 2916 aaa,
751 2869 777 2906 c.
792 2855 826 2914 ὃς
841 2855 871 2905 ei
888 2853 986 2911 carot,
1001 2867 1027 2901 c.
1045 2850 1102 2909 Vll,

26 2947 58 2980 a.
82 2928 110 2987 3,
132 2941 160 2991 p.
178 2928 213 2978 48
233 2942 275 2993 sq.
294 2924 449 2979 Adnotauda
468 2936 559 2980 autem
578 2935 639 2979 aunt
659 2930 704 2978 illa
724 2928 827 2987 verba,
847 2936 874 2979 ut
893 2924 965 2976 nuile
984 2925 1032 2975 riti
1057 2928 1104 2974 ed-

27 3004 98 3054 ditio
117 3001 176 3065 fieri
191 3005 282 3063 possit.
296 2997 403 3051 Etenim
423 3001 459 3058 id,
480 3000 551 3065 quod
569 3014 713 3051 commune
732 3005 782 3059 eat,
803 3001 844 3050 rel
865 2996 1026 3054 uniuersale,
1040 3008 1103 3046 eon-

29 3074 171 3126 sideratur
188 3074 296 3136 quidem
315 3075 371 3123 sino
395 3072 542 3132 additione,
563 3073 608 3122 aad
628 3076 684 3124 siue
703 3072 835 3123 additione
854 3084 912 3121 esse
931 3082 983 3117 uon
1002 3072 1104 3131 potest,

30 3161 61 3198 a.
84 3159 124 3209 g„
147 3147 272 3195 «animat
297 3158 350 3194 non
369 3150 533 3207 potestesse
552 3145 651 3209 absque
672 3146 795 3195 rationali
821 3142 864 3193 vel
885 3139 1030 3193 irrationali
1055 3138 1105 3189 dii-

31 3219 164 3276 ierentia,
184 3219 306 3279 quamvis
323 3217 381 3267 alne
399 3218 441 3268 lats
459 3218 613 3269 differentiis
631 3220 763 3281 cogitetur
775 3234 801 3265 ι.
817 3214 926 3280 insuper
945 3213 1106 3271 universale,

36 3314 49 3338 ι
69 3292 137 3340 ticet
153 3290 285 3352 cogitetur
301 3290 400 3353 absque
419 3289 575 3347 additione,
596 3303 649 3339 uon
669 3295 759 3339 tamen
777 3288 877 3351 absque
901 3283 1106 3347 receptibitltate

31 3363 182 3414 additionis
200 3368 257 3410 est:
271 3374 334 3411 nam
347 3366 367 3411 ai
380 3361 490 3411 animati
508 3360 583 3412 nulia
602 3360 751 3412 differentia
770 3361 829 3411 addi
849 3364 947 3423 posset,
960 3370 1043 3420 genus
1055 3369 1108 3406 uon

33 3439 110 3488 esset
124 3428 184 3483 ·.ll
203 3436 346 3491 contrario,
364 3432 516 3483 «Divinum
535 3430 601 3485 Eaae
619 3440 660 3484 est
679 3434 778 3498 absque
797 3433 930 3483 additione
950 3442 1002 3480 non
1020 3428 1109 3479 solum

33 3507 221 3569 cogitatione,
242 3506 287 3555 aed
306 3506 386 3555 ettam
405 3508 431 3556 in
452 3518 542 3555 rarum
562 3512 672 3567 natura;
692 3510 719 3555 et
739 3519 790 3555 non
809 3506 897 3556 solum
916 3504 1016 3569 absque
1034 3500 1109 3553 addi·

34 3583 124 3635 tione,
139 3579 281 3628 sedetiam
299 3577 399 3641 absque
417 3579 621 3642 receptibitttate
635 3578 775 3629 additionis
785 3597 810 3639 »ς
819 3582 907 3632 Cento.
921 3578 1009 3637 tieret,
1023 3574 1070 3627 llb.
1086 3570 1110 3638 l,

33 3668 64 3702 c.
87 3649 135 3700 26.

908 3720 928 3759 ὲ
