2475 3909
452 180 534 225 nans
556 178 660 225 nurus
1016 160 1058 225 27

41 264 110 329 nius
131 262 204 341 rei,
227 263 316 329 iilius
336 282 473 348 nempe,
495 262 535 328 de
554 284 621 409 qua
641 261 764 348 aliquid
786 262 1007 330 enuntiatur¹.
1032 262 1098 327 De-

39 348 133 431 nique
157 344 279 411 dicitur
302 347 430 410 nomine
452 346 554 431 aliqui
594 346 768 432 siqnificori
782 347 847 410 eice
861 348 1007 410 varietate
1021 356 1097 408 tem-

37 426 133 509 poris.
161 426 209 491 Re
229 427 362 524 quidem
383 449 458 492 vera
481 441 617 513 tempus,
634 439 669 494 ut
683 450 741 495 suo
756 426 828 491 ioco
849 426 1095 513 explicabimus,

40 510 103 573 sine
126 520 307 575 mutatione
325 510 446 595 prioris
471 520 502 576 et
520 512 702 595 posterioris
730 510 867 595 inteiiigi
897 512 1030 596 nequit,
1057 532 1096 575 ac

41 590 174 674 proinde
198 590 301 670 iiiud,
323 590 407 677 quod
430 614 503 657 cum
526 605 668 677 tempore
689 592 908 677 significatur,
932 605 995 658 tam
1018 613 1095 655 uam

40 672 162 757 aliquid
185 672 287 738 fixum
302 686 340 770 οει
359 695 551 771 permanens
574 674 750 761 significari
772 695 836 739 non
858 684 972 761 potest.
996 613 1095 759 atqui

41 775 168 831 nomen,
191 776 266 819 eum
285 756 442 853 significet
457 757 650 836 subiectum,
665 757 790 844 aliquid
804 768 968 842 tamquam
982 756 1096 828 fixum,

41 850 69 902 et
89 858 284 923 permanens
305 839 473 924 significat.
490 842 577 925 Ergo
591 860 707 905 nomen
722 848 770 905 est
783 860 859 914 vox,
875 860 958 925 quac
972 838 1097 925 aliquid

43 920 105 983 sine
129 932 277 1005 tempore
298 920 491 1006 significot².

75 1002 126 1068 60.
149 1002 279 1067 Nomen
300 1025 339 1067 ex
361 1024 410 1080 eo,
434 1003 519 1086 quod
539 1002 699 1089 significat
711 1002 835 1089 aliquid
851 1004 920 1068 sine
936 1012 1097 1088 ternpore,

44 1104 57 1143 a
78 1084 170 1147 serbo
195 1083 312 1151 differt.
336 1085 465 1150 Etenim
487 1085 621 1151 verbum
636 1108 698 1150 non
714 1087 817 1151 solum
835 1107 915 1162 rem,
931 1084 1096 1151 sedetiam

45 1176 190 1251 tempus,
213 1167 332 1252 inquo
359 1189 409 1233 res
430 1168 565 1245 existit,
588 1168 757 1253 significat.
780 1169 939 1245 Quocirca
963 1167 1097 1233 verbum

46 1245 204 1315 definitur:
228 1270 289 1313 vox
312 1250 462 1337 simplex,
475 1272 567 1347 'quae
588 1250 633 1323 id,
656 1249 741 1336 quod
764 1249 934 1335 significat,
951 1271 1025 1315 cum
1039 1246 1099 1313 aii-

45 1352 102 1414 qua
130 1331 317 1396 differentia
345 1344 500 1414 temporis
529 1332 699 1419 significat.
728 1334 766 1397 E.
798 1354 843 1416 g.,
871 1349 934 1396 vox
962 1332 1099 1396 ualetudo

45 1426 86 1477 est
105 1434 244 1489 nornen,
268 1416 344 1499 quia
370 1411 547 1499 quidquam
576 1413 687 1493 aliud,
717 1424 844 1500 praeter
871 1414 1097 1488 valetudinem,

48 1517 105 1559 non
128 1494 312 1580 significan
340 1508 474 1571 eontra,
496 1517 559 1561 vox
581 1498 656 1561 coiet
676 1508 725 1563 est
745 1497 901 1573 verbum,
930 1497 1006 1580 quia
1034 1516 1096 1559 non

47 1575 136 1672 modo
161 1578 393 1723 vaietpdinem,
410 1577 465 1642 sed
487 1580 585 1644 etiarn
608 1590 744 1663 tempus,
759 1600 824 1664 quo
838 1577 984 1646 valetudo
998 1575 1099 1643 alicui

47 1673 126 1725 tuest
161 1680 189 1723 sr
239 1662 246 1724 i
273 1670 333 1725 cat.

80 1708 137 1806 ets
152 1681 310 1806 Nppnuffi
333 1741 540 1825 Philosophi,
564 1743 649 1807 inter
669 1763 750 1827 quos
771 1742 1003 1829 Galluppius',
1027 1760 1102 1803 con·

47 1823 189 1899 tendunt,
211 1824 381 1889 essentiam
396 1823 486 1889 verbi
509 1824 542 1888 in
564 1845 603 1887 eo
625 1824 760 1909 positam
776 1846 857 1901 esse,
873 1824 958 1909 quod
974 1821 1097 1906 aliquid

46 1910 189 1972 affirmat.
213 1910 271 1971 Ast
290 1905 367 1969 haec
388 1906 545 1971 sententia
574 1906 654 1969 iaisa
675 1927 745 1971 esse
766 1927 806 1970 ex
828 1927 867 1971 eo
889 1905 1100 2002 perspicitur,

45 1987 128 2074 quod
150 1988 332 2063 affirmatio,
355 2008 429 2052 cum
451 1987 609 2073 significet
629 1987 750 2073 aliquid
773 1989 870 2053 alicui
893 2008 1013 2062 messe,
1035 2006 1100 2050 non

46 2094 83 2135 ex
103 2070 173 2136 solo
194 2068 303 2146 verbo,
320 2068 373 2133 sed
396 2090 437 2133 ex
458 2069 569 2144 verbo,
584 2080 616 2135 et
632 2072 760 2134 nomine
774 2071 923 2144 efficitur;
939 2065 1100 2156 siquidem

48 2154 111 2237 ipsa
133 2175 174 2217 ex
220 2152 316 2217 stuiat
336 2149 440 2228 iilud,
464 2150 549 2237 quod
579 2154 779 2230 affirmatur,
809 2173 922 2238 nempe
951 2150 1097 2227 verbum,

47 2247 138 2319 atquc
161 2232 258 2311 ilud,
278 2231 317 2298 de
338 2254 402 2319 quo
424 2233 547 2319 aliquid
570 2235 757 2312 affirmatur,
779 2255 894 2320 nempe
916 2253 1043 2299 nomen.

79 2319 131 2385 62.
155 2316 223 2381 Alii
246 2326 353 2381 autern
373 2316 547 2401 opinantur
561 2315 694 2379 verbum
709 2338 727 2381 a
740 2318 867 2381 nominc
880 2315 1099 2381 discriminari

46 2396 253 2483 essequod
282 2399 463 2473 actionem,
492 2409 524 2462 et
552 2398 731 2483 passionem
759 2398 927 2484 significat.
956 2401 998 2463 nt
1023 2396 1100 2461 haec

47 2485 140 2548 etiam
162 2482 320 2547 sententia
344 2478 521 2544 reiicienda
551 2489 608 2544 est.
639 2479 766 2545 Etenim
794 2489 841 2546 est
869 2479 999 2566 quidem
1026 2498 1101 2563 pro-

48 2568 152 2647 prium
175 2560 279 2637 verbi,
301 2571 459 2647 quatenus
481 2560 520 2625 ad
543 2560 721 2625 subiectum
743 2560 898 2635 refertur,
918 2558 1100 2645 significare

47 2644 168 2733 aiiqnid
188 2664 245 2727 per
264 2644 387 2707 modum
408 2644 537 2707 actionis
558 2652 586 2705 et
603 2644 781 2727 passionis,
811 2642 973 2728 siquidem
1001 2639 1100 2705 verbo

49 2728 246 2814 significetur
267 2726 496 2811 proprietatem
511 2724 653 2808 aliquam
666 2723 811 2791 subiecto
827 2727 943 2803 inesse,
959 2723 1008 2788 vel
1022 2725 1102 2820 quia

50 2812 152 2895 ipsum
175 2807 355 2874 subiectum
378 2806 466 2871 iilam
489 2807 523 2870 in
545 2827 578 2871 se
600 2805 761 2891 producit,
777 2807 827 2874 rei
842 2806 918 2891 quia
933 2804 973 2871 ab
992 2805 1101 2890 aitqua

48 2913 138 2957 rausa
162 2891 197 2955 in
218 2887 362 2954 subiecto
387 2886 600 2973 producitur;
624 2910 653 2951 e.
677 2910 721 2973 g„
744 2889 778 2954 in
799 2887 858 2953 hae
878 2888 1101 2953 enunciatione

52 2976 159 3039 Petrus
182 2982 266 3035 omot
289 2970 449 3047 Paulum,
478 2990 569 3034 emor
589 2967 629 3034 de
651 2969 745 3035 Petro
775 2969 998 3056 praedicatur,
1024 2969 1101 3055 quia

400 3116 707 3134 m

82 3206 92 3243 ¹
110 3202 170 3257 Vox
187 3203 298 3265 stmpleoe
315 3201 483 3262 distinguitur
501 3213 516 3247 a
535 3212 600 3251 roeo
618 3200 763 3262 complexo,
776 3212 844 3263 quae
857 3200 945 3263 piures
957 3203 1101 3261 conceptus

51 3282 114 3331 inter
133 3290 162 3326 se
182 3274 319 3339 colligatos
336 3270 474 3337 significat,
495 3286 520 3321 e.
540 3286 579 3334 p,
598 3273 674 3320 nomo
691 3274 780 3321 iustus.

80 3352 91 3389 2
109 3348 248 3401 Advortite
269 3347 318 3397 iltis
337 3349 417 3396 etiam
437 3344 592 3402 nominibus,
613 3356 681 3406 quae
701 3345 805 3392 nomina
824 3342 950 3405 temporis
962 3341 1099 3401 dicuutur,

52 3437 73 3473 e.
90 3438 130 3487 p,
150 3422 231 3477 horo,
252 3420 320 3476 dica,
339 3420 449 3471 menna.
468 3416 567 3480 aliquid
586 3416 643 3465 sina
661 3420 780 3479 temporo
797 3416 952 3480 significari,
972 3415 1102 3477 siquidem

54 3500 104 3558 ipra
123 3490 271 3556 significant
290 3497 410 3555 tempus,
430 3494 507 3553 prout
526 3494 566 3539 est
584 3486 714 3552 quaedam
733 3501 794 3547 res,
814 3502 866 3539 non
884 3501 947 3540 roro
966 3492 1045 3551 prout
1062 3491 1105 3536 ost

54 3576 204 3695 affin„
223 3636 275 3687 uz.
294 3630 373 3696 xiii,
395 3642 414 3686 ι.
436 3630 457 3693 1,
477 3647 505 3700 p.
526 3630 589 3693 aes,
610 3628 702 3698 respon
723 3630 803 3684 teaa.
