2475 3909
499 108 750 157 cnrranrotoom
1056 80 1117 151 aei

90 195 201 262 dimus
215 195 238 271 ¹,
261 196 348 259 eirca
371 193 537 257 obiectum
559 192 624 256 sibi
647 192 815 276 proprium
838 188 944 274 decipi
969 200 1083 275 potest.
1100 190 1162 254 Di-

90 280 201 342 simus
218 297 277 361 per
298 296 353 352 se3
377 296 451 339 nam
478 273 601 340 falsitas
617 294 677 357 per
699 274 836 337 occidens
859 274 889 334 in
914 270 1018 355 prima
1041 292 1154 357 opera·

88 360 179 423 tione
203 356 385 424 intellectus
419 358 558 421 inveniri
583 366 712 441 potest,
738 380 754 419 «
778 353 903 417 scilicet
923 354 1050 417 ratione
1073 354 1158 417 affir-

88 441 259 512 mationis,
283 440 333 504 vel
356 438 539 523 negationis
560 458 705 501 annexae
729 460 758 513 n,
781 460 810 501 e.
829 456 859 521 g.
877 455 951 498 cum
974 435 1156 501 intellectus

89 546 106 580 «
132 520 358 585 definitionem
380 521 479 585 unius
500 519 653 585 attribuit
679 520 784 595 alteri,
807 530 844 585 ut
865 518 891 581 si
915 516 1035 581 animal
1056 520 1158 583 ratio-

87 603 160 667 nale
186 604 321 667 mortale
347 602 535 686 conciperet
556 602 648 687 quasi
676 599 897 665 definitionem
917 600 1000 664 asini
1014 619 1023 676 ;
1047 599 1096 664 vel
1121 602 1154 663 in

86 693 245 768 quantum
267 686 435 768 coniungit
462 696 568 770 partes
595 681 794 747 delinitionis
820 681 860 745 ad
885 680 1046 758 invicem,
1070 702 1154 766 quae

85 767 245 850 coniungi
268 789 331 831 non
354 776 499 852 possunt,
516 778 551 830 ut
567 766 592 829 si
609 766 796 911 conciperet
816 765 907 847 quasi
932 762 1153 829 definitionem

86 847 171 910 asini
195 847 314 911 animal
337 848 526 912 irrationale
547 847 698 913 immorta
714 867 754 923 e;
777 846 854 910 haec
881 846 967 910 enim
990 856 1038 910 est
1061 844 1152 921 falsa,

85 928 219 1011 aliquod
242 930 360 993 animal
384 929 573 995 irrationale
595 940 643 994 est
665 927 847 992 immortale
863 928 875 962 ²
892 951 921 989 a.
945 931 1014 1004 Ast,
1037 928 1063 991 si
1088 928 1155 1013 pri-

83 1030 189 1084 mum,
214 1012 396 1080 intellectus
417 1015 544 1077 asinum
567 1031 627 1096 pro
649 1010 789 1085 homine,
811 1021 960 1092 respectu
981 1011 1076 1077 cuius
1099 1009 1153 1073 ille

84 1102 262 1175 conceptus
293 1113 388 1157 verus
415 1103 485 1170 est,
514 1091 791 1178 apprehenderet:
815 1092 865 1155 sin
887 1092 1048 1166 alterum,
1072 1091 1153 1156 nihil

83 1173 295 1257 intelligeret.
320 1178 405 1239 Hinc
429 1175 514 1240 idem
542 1186 670 1239 sanctus
696 1174 838 1238 Doctor:
863 1196 880 1233 α
903 1174 938 1237 ln
962 1174 1153 1261 operatione

84 1254 285 1334 intellectus,
307 1278 371 1344 qua
393 1257 560 1353 cognoscit
579 1256 665 1341 quod
688 1254 768 1341 quid
790 1266 850 1329 est,
874 1267 978 1338 potest
1000 1276 1069 1320 esse
1094 1255 1153 1321 lal-

82 1335 174 1412 sitas,
200 1338 411 1423 inquantum
441 1337 487 1403 rbi
516 1338 708 1423 compositio
732 1336 913 1402 intellectus
942 1337 1150 1403 admiscetur.

81 1416 176 1491 Quod
199 1432 302 1503 potest
324 1442 393 1486 esse
414 1419 602 1507 dupliciter.
632 1420 701 1486 Uno
723 1418 840 1494 modo,
864 1419 1042 1485 secundum
1062 1418 1150 1503 quod

81 1499 266 1579 intellectus
293 1502 514 1568 definitionem
541 1502 641 1567 unius
661 1499 811 1569 attribuit
831 1497 945 1577 alteri,
969 1511 1005 1566 ut
1026 1500 1052 1564 si
1074 1499 1152 1568 defi-

80 1580 241 1647 nitionem
274 1584 391 1649 circuli
423 1583 578 1649 attribuat
607 1583 742 1649 homini:
771 1581 858 1647 unde
886 1581 1032 1649 definitio
1053 1584 1152 1653 unies

79 1664 129 1725 rei
152 1674 202 1730 est
222 1663 303 1730 salsa
324 1666 364 1730 de
388 1667 501 1733 altera.
518 1666 594 1731 atto
617 1664 715 1729 modo
736 1662 916 1729 secundum
931 1662 1019 1750 quod
1042 1673 1152 1749 partes

80 1742 279 1813 delinitionis
300 1749 466 1832 componit
487 1748 527 1812 ad
552 1749 706 1823 invicem,
749 1766 810 1810 uae
831 1746 929 1812 simul
952 1746 1071 1815 sociari
1085 1766 1149 1812 non

78 1837 232 1923 pessunt3
256 1831 304 1894 sic
325 1832 413 1895 enim
435 1827 582 1895 definitio
609 1850 673 1893 non
695 1768 800 1893 solum
821 1840 869 1895 est
892 1828 974 1894 falsa
1001 1838 1149 1913 respectu

79 1908 223 1977 alicuius
244 1913 310 1988 rei,
333 1911 389 1978 sed
404 1923 452 1977 est
472 1910 554 1976 falsa
576 1911 609 1975 in
632 1934 684 1987 se,
707 1922 743 1976 ut
764 1911 791 1974 si
814 1909 933 1977 lormet
953 1910 1050 1976 talem
1072 1908 1151 1977 dell-

77 1990 249 2069 nitionem,
272 1993 392 2058 animal
415 1991 572 2058 rationale
599 1990 804 2139 quadrupes,
827 1990 928 2058 falsus
949 2002 997 2057 est
1024 1990 1151 2057 intelle·

78 2082 152 2137 ctus
174 2077 221 2140 sie
243 2074 440 2151 deliniendo,
456 2084 629 2160 propterea
651 2096 716 2157 quo
762 2074 862 2138 salsus
884 2086 932 2141 est
952 2076 984 2140 in
1008 2072 1150 2139 forman-

77 2154 121 2219 do
136 2156 218 2221 hanc
233 2159 517 2243 compositionem,
533 2157 663 2240 aliquod
688 2154 806 2222 animal
830 2157 986 2221 rationale
1009 2166 1058 2227 est
1070 2175 1149 2240 qua·

76 2236 212 2325 drnpes.
236 2242 277 2308 Et
304 2250 438 2325 propter
464 2237 525 2304 hoe
547 2240 581 2301 in
603 2236 825 2324 cognoscendo
851 2239 1051 2325 quidditates
1072 2237 1148 2301 sim·

76 2321 178 2404 pliees
200 2344 263 2387 non
286 2333 390 2408 potest
414 2341 485 2387 esse
518 2320 699 2386 intellectus
727 2320 849 2399 falsus,
874 2321 1002 2388 sedvel
1025 2328 1073 2387 est
1094 2340 1148 2384 ve·

73 2426 144 2482 rus,
169 2406 216 2470 vel
240 2405 384 2473 totaliter
404 2404 483 2469 nihil
507 2402 663 2488 intelligit
678 2403 690 2439 ⁸
706 2424 735 2466 n.

130 2525 199 2578 Aer.
221 2526 255 2578 ll.
271 2556 304 2565 -
319 2526 413 2581 Utrum
432 2528 529 2579 veritas
548 2528 582 2576 sit
602 2528 768 2582 mutationis.
788 2532 816 2577 et
835 2540 989 2591 progressus
1008 2542 1092 2591 capax

113 2635 166 2701 96.
192 2634 346 2700 Recentes
368 2642 627 2719 propugnatores
642 2653 843 2717 progressus,
859 2655 918 2699 seu
955 2633 1147 2701 erlectibili-

73 2718 151 2783 tatis
172 2716 301 2802 generis
323 2715 469 2788 humani,
494 2714 579 2779 inter
599 2734 682 2798 quos
703 2716 913 2792 Lermdnier,
933 2654 1144 2796 lemannais,

75 2800 236 2886 Jouttroy,
259 2796 509 2873 Sansimoniani,
527 2796 651 2881 aliique
673 2798 906 2884 quamplurimi
924 2811 1146 2877 recensentur,

706 2944 749 2955 1-

72 3016 123 3061 est.
145 3008 212 3060 Nam
234 3010 362 3073 principia
383 3024 430 3072 per
448 3024 476 3061 se
495 3016 557 3060 nota
578 3016 640 3059 suut
660 3012 717 3069 llta,
731 3024 799 3074 quae
818 3014 920 3069 statim,
936 3014 1078 3063 intellectis
1093 3019 1146 3063 ter·

71 3086 172 3142 minis,
192 3093 403 3144 cognoscuntur,
423 3096 455 3133 ex
474 3082 595 3146 eoquod
615 3083 798 3144 praedicatum
819 3088 925 3147 ponitur
950 3086 977 3135 in
990 3085 1143 3138 diffinitione

70 3158 184 3208 subiecti
202 3177 212 3199 ι
228 3154 263 3223 (l,
283 3171 311 3219 q.
333 3151 420 3214 llVll,
442 3170 468 3205 a.
489 3154 505 3205 3
525 3155 557 3203 ad
578 3154 605 3210 dt
628 3156 657 3205 el
675 3170 701 3216 p.
722 3155 774 3205 atti
794 3154 847 3219 sq).
868 3154 966 3221 Quare,
984 3159 1143 3209 «secundae

70 3230 220 3290 operationi
241 3230 404 3278 admiscetur
423 3228 525 3279 falsitas
544 3229 626 3275 etlam
647 3241 692 3284 ner
711 3242 747 3283 arr
766 3242 816 3277 non
836 3231 942 3293 quidem
961 3236 1091 3293 quantum
1110 3232 1143 3280 ad

69 3305 170 3364 primas
189 3300 399 3357 affirmationes,
420 3315 486 3364 quas
505 3301 663 3349 naturaliter
683 3296 834 3349 intellectus
858 3304 1013 3365 cognoscit,
1035 3306 1063 3351 ut
1083 3312 1145 3353 tunt

68 3375 231 3437 dignitates,
251 3374 296 3423 sed
315 3377 444 3437 quantum
464 3372 496 3421 ad
515 3378 727 3435 consequentes,
755 3374 816 3435 quia
843 3376 972 3424 rationem
995 3374 1143 3425 inducendo

68 3446 200 3509 eontirrgit
218 3458 309 3495 errare
329 3460 376 3507 per
394 3444 599 3507 applicationem
620 3443 697 3494 unius
716 3444 748 3493 ad
769 3444 840 3493 aliud
863 3466 888 3504 η
910 3450 941 3497 tn
960 3446 1004 3498 tto.
1027 3448 1040 3499 1
1057 3448 1142 3509 Sane,

68 3514 135 3571 [list.
157 3514 230 3574 lllll,
251 3531 277 3580 q.
302 3514 333 3573 V,
354 3529 381 3567 a.
406 3518 413 3564 l
437 3518 470 3566 ad
491 3517 575 3567 7.-¹
596 3515 625 3566 Ρ.
646 3514 711 3565 ate.

103 3588 184 3659 ²0q.
206 3590 307 3656 dispe,
328 3590 381 3640 loc.
403 3588 512 3641 cie—³
532 3586 553 3647 l,
573 3602 601 3656 q.
623 3584 708 3648 llVll¹
730 3601 756 3640 a.
778 3587 794 3640 3
814 3602 839 3642 e.
