2475 3909
183 178 224 246 68
573 200 775 249 noricas

145 302 245 356 risam,
268 291 300 346 ct
321 280 532 367 adaequatam
548 287 705 350 rationem
728 286 777 350 rei
800 283 1034 350 demonstratae
1049 288 1201 364 eontinet;

141 364 191 426 uti
216 360 527 450 holere'pelrnenes,
557 365 827 451 quemadmodum
856 366 952 451 paulo
980 379 1052 432 ante
1081 367 1202 436 dictum

144 456 211 519 est,
235 464 333 509 causa
354 458 456 513 estre
493 446 618 528 irendi3
640 451 796 535 quocirca
817 450 895 513 haec
915 447 1140 516 demonstratio
1160 452 1199 516 ad

68 570 74 579 ·
143 526 365 611 syllogismum
387 550 448 615 apo
472 534 602 598 rcticum
623 531 799 597 reducitur.
815 530 1052 596 Demonstratio
1065 532 1201 618 quiadi-

143 611 229 672 citur
251 607 329 684 illa,
350 631 434 694 quae
456 625 637 689 remotam,
660 623 694 679 ει
713 614 819 678 minos
847 612 1056 697 adaequatam
1079 616 1125 679 rei
1147 615 1202 679 do·

142 698 338 756 monstratae
360 712 510 774 causam,
533 716 590 761 seu
615 698 775 762 rationem
803 694 917 771 affert,
945 694 1089 770 scilicet,
1118 718 1202 782 quae

142 771 387 840 determinatam
409 776 564 850 radicem,
586 787 836 864 propterquam
860 798 911 841 res
931 787 990 853 est,
1012 777 1095 841 haud
1111 799 1203 863 prae·

142 854 265 949 sefert;
282 857 337 920 uti
360 878 420 922 esse
441 860 561 925 enimet
582 871 632 926 est
651 880 747 924 causa
770 860 878 923 minus
899 858 1076 942 adaequata
1104 864 1202 946 respi-

140 934 249 1011 rand13
266 938 315 1001 vel
332 935 400 1015 illa,
414 961 498 1025 quae
512 943 612 1008 sumit
624 940 775 1007 ellectum
790 938 830 1004 ad
846 940 1043 1026 probandam
1058 963 1199 1020 causam;

140 1040 170 1112 ε..
195 1040 239 1104 g,
262 1018 491 1089 demonstratio
513 1026 707 1090 existentiae
728 1022 805 1100 Dei,
827 1044 912 1109 qnae
933 1044 976 1087 ex
997 1042 1104 1087 rernm
1126 1046 1202 1089 con-

139 1103 335 1187 ungentium
363 1106 532 1171 existentia
560 1106 753 1183 coniicitur,
780 1115 827 1170 est
854 1103 1085 1171 demonstratio
1111 1110 1200 1191 quie,

141 1204 217 1281 cup}
239 1185 309 1268 ipsa
326 1206 389 1333 per
410 1187 542 1255 effeetus
563 1188 630 1253 liat.

181 1288 230 1331 rm.
254 1266 304 1330 nd
349 1290 384 1335 as
404 1269 485 1336 duas
505 1268 786 1336 demonstrationis
806 1268 928 1353 speeies
941 1266 1016 1332 illae
1031 1266 1128 1333 facile
1148 1292 1202 1335 re-

140 1351 250 1413 vecari
273 1363 415 1444 possunt,
430 1374 514 1439 quae
529 1354 627 1435 vulgo
642 1350 929 1416 demonstrationes
941 1371 961 1414 o
970 1351 1088 1444 priori,
1103 1362 1202 1437 atque

140 1455 159 1494 o
176 1434 347 1516 perterreri
358 1433 521 1501 dicuntur
533 1437 555 1499 ¹.
574 1434 813 1500 Demonstratio
832 1453 852 1496 o
871 1434 975 1517 priori
990 1452 1028 1496 ea
1041 1443 1100 1509 est,
1115 1454 1202 1518 quae

138 1514 176 1580 tit
198 1535 255 1599 per
276 1535 418 1596 causam,
440 1527 473 1583 et
492 1517 724 1582 demonstratio
744 1538 765 1578 e
775 1515 951 1613 posteriori
970 1525 1021 1579 est
1038 1535 1093 1593 ea,
1114 1537 1202 1601 quae

139 1597 176 1661 srt
197 1618 254 1681 per
275 1596 419 1675 elieetus,
441 1612 474 1665 et
494 1599 717 1686 proprietates.
741 1598 826 1662 llrno
848 1608 934 1684 patet
956 1594 1203 1665 demonstratio-

140 1699 214 1743 nem
236 1702 254 1743 e
271 1682 439 1764 posteriori
452 1702 522 1748 esse
536 1681 843 1747 demonstrationem
856 1681 943 1765 quie,
959 1689 992 1743 et
1004 1678 1204 1745 demonstra-

139 1763 262 1829 tionem
284 1784 304 1826 e
320 1764 440 1849 priori,
462 1767 491 1830 si
513 1764 569 1832 liat
590 1784 649 1850 per
669 1783 799 1828 causam
820 1761 999 1848 propriam,
1015 1764 1202 1847 proximam

139 1857 172 1912 et
192 1842 415 1931 adaequatam,
436 1848 583 1913 eamdem
598 1866 679 1921 esse,
694 1864 732 1909 ac
746 1843 1051 1910 demonstrationem
1068 1856 1205 1927 prepter

139 1926 226 2015 quid3
249 1930 301 1993 sin
322 1950 382 2015 per
400 1950 530 1995 causam
551 1938 719 2003 remotam,
734 1926 785 1991 vel
802 1925 1062 2011 inadaequatam,
1083 1924 1124 1990 ad
1145 1925 1206 1992 de·

81 2018 82 2025 ’
139 2012 405 2076 monstrationem
426 2012 499 2097 quio
520 2011 678 2078 revocari.

180 2094 230 2157 56.
254 2092 487 2176 Distinguenda
513 2096 611 2160 etiarn
639 2102 688 2157 est
714 2087 945 2155 demonstratio
966 2087 1082 2153 directe
1102 2110 1121 2153 a
1143 2088 1204 2154 de-

140 2174 370 2239 monstratione
392 2173 553 2254 indirecto,
576 2194 659 2273 quae
680 2172 802 2237 dicitur
823 2174 920 2237 etiam
940 2171 1080 2235 deductio
1094 2170 1134 2234 od
1147 2171 1204 2235 elr-

140 2256 281 2320 sordem.
305 2254 542 2321 Demonstratio
564 2256 688 2322 directa
709 2275 746 2317 ea
768 2264 829 2331 est,
851 2254 884 2317 in
905 2273 971 2338 qua
992 2250 1124 2338 aliquod
1145 2275 1206 2318 re-

139 2359 214 2403 rum
236 2336 409 2403 deducitur
429 2358 469 2401 ex
490 2338 554 2404 alio
574 2358 674 2415 sere,
697 2357 772 2401 cum
793 2356 858 2421 que
880 2336 1092 2402 connectitur.
1114 2332 1206 2401 lndi-

139 2432 227 2487 reeta
249 2432 359 2487 autem
381 2417 607 2488 demonstratio
628 2442 666 2484 ea
687 2428 755 2495 est,
786 2418 820 2482 in
846 2438 910 2502 qua
939 2418 980 2482 ali
1004 2418 1064 2483 uid
1084 2439 1205 2483 rerum

139 2526 208 2569 esse
230 2504 391 2570 evincitur
412 2522 453 2565 ex
473 2523 511 2567 eo
532 2500 632 2589 quod,
652 2500 709 2566 ille
731 2509 859 2584 negato,
875 2500 963 2585 aliqu
1019 2498 1204 2565 absurdum

140 2587 335 2664 ‹iboriretun
359 2582 408 2651 vel
431 2584 548 2650 lalsom
569 2583 667 2650 redar
688 2583 790 2658 uitur,
812 2583 902 2667 quia,
924 2583 951 2647 si
974 2593 1059 2648 esset
1072 2602 1205 2658 rernm,

138 2668 270 2755 aliquod
292 2665 470 2734 absurdum
490 2668 654 2733 existeret.
667 2604 716 2731 lta
731 2664 871 2727 animam
892 2684 961 2728 esse
983 2660 1207 2731 immortalem

139 2751 379 2818 demonstratur
398 2750 511 2815 directe
532 2770 573 2814 ex
595 2770 648 2824 eo,
669 2745 754 2832 qued
776 2745 953 2829 spiritualis
974 2754 1033 2822 est;
1049 2746 1208 2811 indirecte

139 2856 179 2897 ex
201 2856 251 2909 eo,
273 2832 360 2923 quod
381 2833 408 2898 si
430 2832 623 2897 immortalis
644 2850 708 2893 non
729 2836 823 2904 esset,
841 2826 928 2893 nulla
949 2846 1052 2913 poena
1066 2828 1208 2907 vitium,

140 2916 294 3002 nulleque
318 2913 463 3007 praemio
484 2914 586 2980 virtus
609 2912 799 2978 alliceretur.

515 3066 823 3085 W

176 3167 184 3201 ¹
206 3162 283 3227 Origo
302 3103 414 3225 duplicis
428 3161 506 3211 huius
517 3160 622 3225 qenerls
640 3161 887 3218 demonstrationis,
907 3174 1003 3225 nempe
1020 3180 1037 3214 e
1055 3167 1153 3228 priori,
1176 3174 1207 3218 et

137 3254 155 3287 o
173 3240 321 3301 posteriori,
341 3250 373 3285 ox
392 3247 423 3284 eo
443 3233 582 3297 repetenda
601 3239 653 3293 est,
672 3235 743 3298 quod
756 3234 888 3283 interdum
901 3248 982 3285 causa
995 3235 1102 3297 ellectu,
1117 3239 1207 3289 inter-

135 3312 200 3359 dum
219 3308 329 3360 olfactus
349 3321 427 3357 causa
449 3308 533 3357 oetier
552 3310 601 3357 est.
624 3300 690 3357 Com
709 3306 780 3356 enirn
799 3306 987 3358 demonstratio
1006 3324 1021 3359 a
1040 3315 1104 3360 noto
1124 3311 1160 3361 ad
1184 3314 1208 3359 Ι-

40 3434 41 3441 ,
135 3388 246 3445 gnotum
266 3380 386 3446 progredi
405 3380 513 3438 debeat,
536 3378 619 3442 liquet
638 3379 889 3429 demonstrationem
908 3380 951 3430 rel
969 3395 985 3431 a
1005 3396 1087 3433 causa
1106 3383 1142 3433 ad
1161 3386 1209 3435 ei-

1 3796 53 3875 R

137 3454 250 3512 iccium,
269 3453 311 3504 rel
331 3453 363 3503 ate
382 3451 476 3503 edoctu
495 3452 529 3502 ad
548 3464 656 3501 causam
671 3451 788 3515 progredi
808 3455 941 3513 opertere,
956 3461 1035 3517 prout
1053 3456 1097 3507 ret
1114 3470 1204 3508 ρης.

130 3528 224 3579 notior
242 3527 316 3577 nobis
333 3532 391 3587 est,
411 3525 453 3577 ret
471 3522 580 3577 euectus
602 3525 689 3579 notior
708 3537 799 3578 caasa.
819 3520 847 3573 St
865 3524 981 3588 primurn
1001 3527 1065 3585 nrt.
1085 3528 1206 3581 demon-

136 3602 230 3653 stratio
248 3599 345 3650 iiettur
364 3614 380 3648 e
398 3599 497 3661 priori.
524 3592 563 3647 sin
589 3594 719 3657 alterum,
739 3599 921 3661 spectatori.
941 3592 977 3651 Gi
991 3614 1015 3651 s.
1035 3596 1146 3662 Thous„
1170 3606 1204 3653 in

138 3674 183 3726 tta.
205 3675 349 3741 Horten,
369 3673 432 3723 lcct.
455 3668 499 3725 lV.
