<?xml version="1.0" encoding="UTF-8"?>
<!DOCTYPE html PUBLIC "-//W3C//DTD XHTML 1.0 Transitional//EN"
    "http://www.w3.org/TR/xhtml1/DTD/xhtml1-transitional.dtd">
<html xmlns="http://www.w3.org/1999/xhtml" xml:lang="en" lang="en">
 <head>
  <title>
</title>
<meta http-equiv="Content-Type" content="text/html;charset=utf-8" />
  <meta name='ocr-system' content='tesseract 3.04.00' />
  <meta name='ocr-capabilities' content='ocr_page ocr_carea ocr_par ocr_line ocrx_word'/>
</head>
<body>
  <div class='ocr_page' id='page_1' title='image "./philosophiachri00sansgoog_0371.png"; bbox 0 0 2475 3909; ppageno 0'>
   <div class='ocr_carea' id='block_1_1' title="bbox 512 189 1089 259">
    <p class='ocr_par' dir='ltr' id='par_1_1' title="bbox 512 189 1089 259">
     <span class='ocr_line' id='line_1_1' title="bbox 512 189 1089 259; baseline -0.002 -3"><span class='ocrx_word' id='word_1_1' title='bbox 512 209 696 259; x_wconf 78' lang='lat' dir='ltr'><strong>omotonrs</strong></span> <span class='ocrx_word' id='word_1_2' title='bbox 764 210 767 215; x_wconf 87' lang='lat'>·</span> <span class='ocrx_word' id='word_1_3' title='bbox 1049 189 1089 255; x_wconf 85' lang='lat'><strong>71</strong></span> 
     </span>
    </p>
   </div>
   <div class='ocr_carea' id='block_1_2' title="bbox 55 288 1137 942">
    <p class='ocr_par' dir='ltr' id='par_1_2' title="bbox 55 288 1137 942">
     <span class='ocr_line' id='line_1_2' title="bbox 58 288 1135 382; baseline 0 -25"><span class='ocrx_word' id='word_1_4' title='bbox 58 288 265 377; x_wconf 76' lang='lat' dir='ltr'>producitur,</span> <span class='ocrx_word' id='word_1_5' title='bbox 289 292 522 358; x_wconf 78' lang='lat' dir='ltr'><strong>discernamus.</strong></span> <span class='ocrx_word' id='word_1_6' title='bbox 547 296 587 361; x_wconf 87' lang='grc' dir='ltr'><strong>Ε.</strong></span> <span class='ocrx_word' id='word_1_7' title='bbox 612 316 658 382; x_wconf 69' lang='lat' dir='ltr'><strong>g„</strong></span> <span class='ocrx_word' id='word_1_8' title='bbox 683 316 740 360; x_wconf 90' lang='lat' dir='ltr'><strong>nos</strong></span> <span class='ocrx_word' id='word_1_9' title='bbox 762 290 904 359; x_wconf 78' lang='lat' dir='ltr'><strong>dicimus</strong></span> <span class='ocrx_word' id='word_1_10' title='bbox 932 294 1042 379; x_wconf 81' lang='lat' dir='ltr'><strong>ignem</strong></span> <span class='ocrx_word' id='word_1_11' title='bbox 1065 314 1135 357; x_wconf 88' lang='lat' dir='ltr'><strong>esse</strong></span> 
     </span>
     <span class='ocr_line' id='line_1_3' title="bbox 57 374 1135 451; baseline 0.001 -13"><span class='ocrx_word' id='word_1_12' title='bbox 57 396 190 440; x_wconf 87' lang='lat' dir='ltr'><strong>causam</strong></span> <span class='ocrx_word' id='word_1_13' title='bbox 212 374 320 451; x_wconf 89' lang='lat' dir='ltr'><strong>iumi;</strong></span> <span class='ocrx_word' id='word_1_14' title='bbox 343 385 460 440; x_wconf 85' lang='lat' dir='ltr'><strong>utnon</strong></span> <span class='ocrx_word' id='word_1_15' title='bbox 491 374 633 442; x_wconf 85' lang='lat' dir='ltr'>dicimus</span> <span class='ocrx_word' id='word_1_16' title='bbox 660 376 746 442; x_wconf 87' lang='lat' dir='ltr'><strong>diem</strong></span> <span class='ocrx_word' id='word_1_17' title='bbox 774 395 844 440; x_wconf 88' lang='lat' dir='ltr'><strong>esse</strong></span> <span class='ocrx_word' id='word_1_18' title='bbox 866 395 995 441; x_wconf 87' lang='lat' dir='ltr'><strong>cansam</strong></span> <span class='ocrx_word' id='word_1_19' title='bbox 1020 376 1135 449; x_wconf 89' lang='lat' dir='ltr'><strong>noctis,</strong></span> 
     </span>
     <span class='ocr_line' id='line_1_4' title="bbox 57 455 1135 541; baseline -0.001 -21"><span class='ocrx_word' id='word_1_20' title='bbox 57 470 232 523; x_wconf 84' lang='lat' dir='ltr'><strong>autunum</strong></span> <span class='ocrx_word' id='word_1_21' title='bbox 255 465 477 541; x_wconf 78' lang='lat' dir='ltr'><strong>tempestatem</strong></span> <span class='ocrx_word' id='word_1_22' title='bbox 504 478 573 523; x_wconf 88' lang='lat' dir='ltr'><strong>esse</strong></span> <span class='ocrx_word' id='word_1_23' title='bbox 600 479 731 524; x_wconf 91' lang='lat' dir='ltr'><strong>causam</strong></span> <span class='ocrx_word' id='word_1_24' title='bbox 757 458 904 523; x_wconf 85' lang='lat' dir='ltr'><strong>alterius.</strong></span> <span class='ocrx_word' id='word_1_25' title='bbox 927 455 1022 533; x_wconf 85' lang='lat' dir='ltr'><strong>Quod</strong></span> <span class='ocrx_word' id='word_1_26' title='bbox 1044 458 1071 522; x_wconf 92' lang='lat' dir='ltr'><strong>si</strong></span> <span class='ocrx_word' id='word_1_27' title='bbox 1095 455 1135 520; x_wconf 84' lang='lat' dir='ltr'><strong>de</strong></span> 
     </span>
     <span class='ocr_line' id='line_1_5' title="bbox 57 537 1137 625; baseline -0.002 -23"><span class='ocrx_word' id='word_1_28' title='bbox 57 537 245 623; x_wconf 82' lang='lat' dir='ltr'><strong>cognitione</strong></span> <span class='ocrx_word' id='word_1_29' title='bbox 268 539 470 603; x_wconf 75' lang='lat' dir='ltr'><strong>necessitatis</strong></span> <span class='ocrx_word' id='word_1_30' title='bbox 491 538 681 606; x_wconf 88' lang='lat' dir='ltr'><strong>huiusmodi</strong></span> <span class='ocrx_word' id='word_1_31' title='bbox 704 537 936 625; x_wconf 87' lang='lat' dir='ltr'><strong>dependentiae</strong></span> <span class='ocrx_word' id='word_1_32' title='bbox 959 558 1067 603; x_wconf 90' lang='lat' dir='ltr'><strong>sermo</strong></span> <span class='ocrx_word' id='word_1_33' title='bbox 1081 538 1137 601; x_wconf 89' lang='lat' dir='ltr'><strong>ba-</strong></span> 
     </span>
     <span class='ocr_line' id='line_1_6' title="bbox 58 618 1136 715; baseline 0 -32"><span class='ocrx_word' id='word_1_34' title='bbox 58 619 187 695; x_wconf 79' lang='lat' dir='ltr'><strong>beatur,</strong></span> <span class='ocrx_word' id='word_1_35' title='bbox 204 640 279 685; x_wconf 88' lang='lat' dir='ltr'><strong>sane</strong></span> <span class='ocrx_word' id='word_1_36' title='bbox 300 642 371 685; x_wconf 86' lang='lat' dir='ltr'><strong>eam</strong></span> <span class='ocrx_word' id='word_1_37' title='bbox 387 622 592 715; x_wconf 82' lang='lat' dir='ltr'><strong>experientia</strong></span> <span class='ocrx_word' id='word_1_38' title='bbox 614 644 679 687; x_wconf 94' lang='lat' dir='ltr'><strong>non</strong></span> <span class='ocrx_word' id='word_1_39' title='bbox 700 629 943 696; x_wconf 82' lang='lat' dir='ltr'><strong>commonstrat,</strong></span> <span class='ocrx_word' id='word_1_40' title='bbox 964 619 1020 684; x_wconf 89' lang='lat' dir='ltr'><strong>sed</strong></span> <span class='ocrx_word' id='word_1_41' title='bbox 1043 618 1136 684; x_wconf 88' lang='lat' dir='ltr'><strong>intei-</strong></span> 
     </span>
     <span class='ocr_line' id='line_1_7' title="bbox 58 701 1136 789; baseline -0.001 -24"><span class='ocrx_word' id='word_1_42' title='bbox 58 702 160 766; x_wconf 83' lang='lat' dir='ltr'><strong>iectus</strong></span> <span class='ocrx_word' id='word_1_43' title='bbox 182 702 320 783; x_wconf 86' lang='lat' dir='ltr'><strong>perficit,</strong></span> <span class='ocrx_word' id='word_1_44' title='bbox 343 720 405 786; x_wconf 90' lang='lat' dir='ltr'><strong>ope</strong></span> <span class='ocrx_word' id='word_1_45' title='bbox 428 701 516 768; x_wconf 84' lang='lat' dir='ltr'><strong>titius</strong></span> <span class='ocrx_word' id='word_1_46' title='bbox 545 704 763 789; x_wconf 91' lang='lat' dir='ltr'><strong>pronuntiati,</strong></span> <span class='ocrx_word' id='word_1_47' title='bbox 809 702 873 768; x_wconf 88' lang='lat' dir='ltr'><strong>nod</strong></span> <span class='ocrx_word' id='word_1_48' title='bbox 900 704 1016 769; x_wconf 86' lang='lat' dir='ltr'><strong>Sootns</strong></span> <span class='ocrx_word' id='word_1_49' title='bbox 1037 703 1082 766; x_wconf 90' lang='lat' dir='ltr'><strong>ita</strong></span> <span class='ocrx_word' id='word_1_50' title='bbox 1104 721 1136 763; x_wconf 89' lang='lat' dir='ltr'><strong>e·</strong></span> 
     </span>
     <span class='ocr_line' id='line_1_8' title="bbox 57 724 1136 870; baseline -0.001 -23"><span class='ocrx_word' id='word_1_51' title='bbox 57 784 248 849; x_wconf 85' lang='lat' dir='ltr'><strong>nunciavit:</strong></span> <span class='ocrx_word' id='word_1_52' title='bbox 277 781 485 869; x_wconf 70' lang='lat' dir='ltr'><strong>«Quidquid</strong></span> <span class='ocrx_word' id='word_1_53' title='bbox 512 786 623 850; x_wconf 88' lang='lat' dir='ltr'><strong>evenit</strong></span> <span class='ocrx_word' id='word_1_54' title='bbox 647 794 684 852; x_wconf 90' lang='lat' dir='ltr'><strong>ut</strong></span> <span class='ocrx_word' id='word_1_55' title='bbox 715 786 751 849; x_wconf 91' lang='lat' dir='ltr'><strong>in</strong></span> <span class='ocrx_word' id='word_1_56' title='bbox 779 724 930 870; x_wconf 68' lang='lat' dir='ltr'><strong>pinribus</strong></span> <span class='ocrx_word' id='word_1_57' title='bbox 957 781 998 848; x_wconf 87' lang='lat' dir='ltr'><strong>ab</strong></span> <span class='ocrx_word' id='word_1_58' title='bbox 1025 782 1136 868; x_wconf 79' lang='lat' dir='ltr'><strong>aliqua</strong></span> 
     </span>
     <span class='ocr_line' id='line_1_9' title="bbox 55 863 1132 942; baseline -0.003 -12"><span class='ocrx_word' id='word_1_59' title='bbox 55 885 154 930; x_wconf 86' lang='lat' dir='ltr'><strong>causa</strong></span> <span class='ocrx_word' id='word_1_60' title='bbox 177 885 239 930; x_wconf 92' lang='lat' dir='ltr'><strong>nou</strong></span> <span class='ocrx_word' id='word_1_61' title='bbox 262 863 389 942; x_wconf 82' lang='lat' dir='ltr'><strong>libera,</strong></span> <span class='ocrx_word' id='word_1_62' title='bbox 412 876 460 931; x_wconf 88' lang='lat' dir='ltr'><strong>est</strong></span> <span class='ocrx_word' id='word_1_63' title='bbox 486 865 619 933; x_wconf 78' lang='lat' dir='ltr'><strong>effectus</strong></span> <span class='ocrx_word' id='word_1_64' title='bbox 641 865 799 931; x_wconf 81' lang='lat' dir='ltr'><strong>naturalis</strong></span> <span class='ocrx_word' id='word_1_65' title='bbox 825 866 916 931; x_wconf 83' lang='lat' dir='ltr'><strong>illius</strong></span> <span class='ocrx_word' id='word_1_66' title='bbox 941 885 1057 929; x_wconf 89' lang='lat' dir='ltr'><strong>causae</strong></span> <span class='ocrx_word' id='word_1_67' title='bbox 1074 866 1085 904; x_wconf 84' lang='lat'><strong>¹</strong></span> <span class='ocrx_word' id='word_1_68' title='bbox 1102 888 1132 927; x_wconf 75' lang='grc' dir='ltr'><strong>ι).</strong></span> 
     </span>
    </p>
   </div>
   <div class='ocr_carea' id='block_1_3' title="bbox 289 992 902 1050">
    <p class='ocr_par' dir='ltr' id='par_1_3' title="bbox 289 992 902 1050">
     <span class='ocr_line' id='line_1_10' title="bbox 289 992 902 1050; baseline 0.002 -3"><span class='ocrx_word' id='word_1_69' title='bbox 289 992 356 1047; x_wconf 77' lang='lat' dir='ltr'><strong>Aur.</strong></span> <span class='ocrx_word' id='word_1_70' title='bbox 379 994 412 1049; x_wconf 87' lang='lat' dir='ltr'><strong>Vi</strong></span> <span class='ocrx_word' id='word_1_71' title='bbox 419 996 438 1046; x_wconf 91' lang='grc'><strong>1.</strong></span> <span class='ocrx_word' id='word_1_72' title='bbox 450 1024 483 1035; x_wconf 88' lang='lat'><em>-</em></span> <span class='ocrx_word' id='word_1_73' title='bbox 495 993 637 1050; x_wconf 80' lang='lat' dir='ltr'><strong>Reintatnr</strong></span> <span class='ocrx_word' id='word_1_74' title='bbox 661 992 902 1048; x_wconf 81' lang='lat' dir='ltr'><strong>Occasionattsmus</strong></span> 
     </span>
    </p>
   </div>
   <div class='ocr_carea' id='block_1_4' title="bbox 55 1103 1135 2555">
    <p class='ocr_par' dir='ltr' id='par_1_4' title="bbox 55 1103 1135 1985">
     <span class='ocr_line' id='line_1_11' title="bbox 100 1103 1133 1189; baseline 0.002 -22"><span class='ocrx_word' id='word_1_75' title='bbox 100 1104 171 1169; x_wconf 79' lang='lat'><strong>190.</strong></span> <span class='ocrx_word' id='word_1_76' title='bbox 195 1104 268 1167; x_wconf 89' lang='lat' dir='ltr'><strong>Non</strong></span> <span class='ocrx_word' id='word_1_77' title='bbox 290 1104 383 1188; x_wconf 87' lang='lat' dir='ltr'><strong>pauci</strong></span> <span class='ocrx_word' id='word_1_78' title='bbox 412 1104 594 1171; x_wconf 84' lang='lat' dir='ltr'><strong>Cartesiani</strong></span> <span class='ocrx_word' id='word_1_79' title='bbox 624 1114 695 1189; x_wconf 89' lang='lat' dir='ltr'><strong>post</strong></span> <span class='ocrx_word' id='word_1_80' title='bbox 717 1103 1024 1170; x_wconf 80' lang='lat' dir='ltr'><strong>Maiebrancbium⁸</strong></span> <span class='ocrx_word' id='word_1_81' title='bbox 1040 1118 1133 1174; x_wconf 87' lang='lat' dir='ltr'><strong>autu-</strong></span> 
     </span>
     <span class='ocr_line' id='line_1_12' title="bbox 59 1184 1133 1270; baseline 0.005 -23"><span class='ocrx_word' id='word_1_82' title='bbox 59 1195 150 1250; x_wconf 88' lang='lat' dir='ltr'><strong>mant</strong></span> <span class='ocrx_word' id='word_1_83' title='bbox 165 1184 269 1249; x_wconf 84' lang='lat' dir='ltr'><strong>Denm</strong></span> <span class='ocrx_word' id='word_1_84' title='bbox 292 1206 360 1250; x_wconf 84' lang='lat' dir='ltr'><strong>esse</strong></span> <span class='ocrx_word' id='word_1_85' title='bbox 376 1186 506 1250; x_wconf 90' lang='lat' dir='ltr'><strong>unicam</strong></span> <span class='ocrx_word' id='word_1_86' title='bbox 527 1206 659 1251; x_wconf 89' lang='lat' dir='ltr'><strong>causam</strong></span> <span class='ocrx_word' id='word_1_87' title='bbox 678 1195 839 1270; x_wconf 78' lang='lat' dir='ltr'><strong>agentem,</strong></span> <span class='ocrx_word' id='word_1_88' title='bbox 854 1207 906 1251; x_wconf 87' lang='lat' dir='ltr'><strong>res</strong></span> <span class='ocrx_word' id='word_1_89' title='bbox 919 1197 1027 1252; x_wconf 86' lang='lat' dir='ltr'><strong>autem</strong></span> <span class='ocrx_word' id='word_1_90' title='bbox 1043 1208 1133 1253; x_wconf 90' lang='lat' dir='ltr'><strong>crea·</strong></span> 
     </span>
     <span class='ocr_line' id='line_1_13' title="bbox 58 1265 1132 1354; baseline 0.002 -23"><span class='ocrx_word' id='word_1_91' title='bbox 58 1279 108 1331; x_wconf 89' lang='lat' dir='ltr'><strong>tas</strong></span> <span class='ocrx_word' id='word_1_92' title='bbox 121 1268 211 1331; x_wconf 91' lang='lat' dir='ltr'><strong>omni</strong></span> <span class='ocrx_word' id='word_1_93' title='bbox 228 1268 391 1332; x_wconf 88' lang='lat' dir='ltr'><strong>activitatc</strong></span> <span class='ocrx_word' id='word_1_94' title='bbox 414 1268 559 1344; x_wconf 88' lang='lat' dir='ltr'><strong>destitui,</strong></span> <span class='ocrx_word' id='word_1_95' title='bbox 576 1268 722 1351; x_wconf 87' lang='lat' dir='ltr'><strong>nibiique</strong></span> <span class='ocrx_word' id='word_1_96' title='bbox 737 1265 825 1332; x_wconf 83' lang='lat' dir='ltr'><strong>atiud</strong></span> <span class='ocrx_word' id='word_1_97' title='bbox 845 1279 1016 1353; x_wconf 87' lang='lat' dir='ltr'><strong>praestare.</strong></span> <span class='ocrx_word' id='word_1_98' title='bbox 1032 1290 1132 1354; x_wconf 88' lang='lat' dir='ltr'><strong>quam</strong></span> 
     </span>
     <span class='ocr_line' id='line_1_14' title="bbox 56 1346 1133 1435; baseline 0.006 -24"><span class='ocrx_word' id='word_1_99' title='bbox 56 1346 142 1432; x_wconf 90' lang='lat' dir='ltr'><strong>quod</strong></span> <span class='ocrx_word' id='word_1_100' title='bbox 167 1346 237 1411; x_wconf 83' lang='lat' dir='ltr'><strong>Deo</strong></span> <span class='ocrx_word' id='word_1_101' title='bbox 258 1350 459 1413; x_wconf 84' lang='lat' dir='ltr'><strong>occasionem</strong></span> <span class='ocrx_word' id='word_1_102' title='bbox 475 1347 591 1435; x_wconf 82' lang='lat' dir='ltr'><strong>agendi</strong></span> <span class='ocrx_word' id='word_1_103' title='bbox 608 1346 775 1435; x_wconf 87' lang='lat' dir='ltr'><strong>praebent.</strong></span> <span class='ocrx_word' id='word_1_104' title='bbox 792 1350 880 1414; x_wconf 86' lang='lat' dir='ltr'><strong>Haec</strong></span> <span class='ocrx_word' id='word_1_105' title='bbox 894 1352 1053 1416; x_wconf 87' lang='lat' dir='ltr'><strong>sententia</strong></span> <span class='ocrx_word' id='word_1_106' title='bbox 1075 1352 1133 1417; x_wconf 83' lang='lat' dir='ltr'><strong>oc-</strong></span> 
     </span>
     <span class='ocr_line' id='line_1_15' title="bbox 55 1429 1133 1514; baseline 0.002 -21"><span class='ocrx_word' id='word_1_107' title='bbox 55 1429 290 1495; x_wconf 80' lang='lat' dir='ltr'><strong>casionalisutus</strong></span> <span class='ocrx_word' id='word_1_108' title='bbox 314 1450 331 1493; x_wconf 94' lang='lat' dir='ltr'><strong>a</strong></span> <span class='ocrx_word' id='word_1_109' title='bbox 380 1431 507 1495; x_wconf 81' lang='lat' dir='ltr'><strong>citatur.</strong></span> <span class='ocrx_word' id='word_1_110' title='bbox 523 1431 598 1514; x_wconf 89' lang='lat' dir='ltr'><strong>Ipsa</strong></span> <span class='ocrx_word' id='word_1_111' title='bbox 619 1442 740 1507; x_wconf 91' lang='lat' dir='ltr'><strong>autem,</strong></span> <span class='ocrx_word' id='word_1_112' title='bbox 761 1451 859 1514; x_wconf 85' lang='lat' dir='ltr'><strong>quam</strong></span> <span class='ocrx_word' id='word_1_113' title='bbox 882 1432 982 1496; x_wconf 87' lang='lat' dir='ltr'><strong>etiam</strong></span> <span class='ocrx_word' id='word_1_114' title='bbox 1002 1432 1062 1496; x_wconf 87' lang='lat' dir='ltr'><strong>bac</strong></span> <span class='ocrx_word' id='word_1_115' title='bbox 1078 1452 1133 1495; x_wconf 89' lang='lat' dir='ltr'><strong>no-</strong></span> 
     </span>
     <span class='ocr_line' id='line_1_16' title="bbox 56 1510 1134 1611; baseline -0.001 -35"><span class='ocrx_word' id='word_1_116' title='bbox 56 1524 122 1579; x_wconf 89' lang='lat' dir='ltr'><strong>stra</strong></span> <span class='ocrx_word' id='word_1_117' title='bbox 144 1522 246 1577; x_wconf 89' lang='lat' dir='ltr'><strong>aetate</strong></span> <span class='ocrx_word' id='word_1_118' title='bbox 267 1510 318 1575; x_wconf 88' lang='lat' dir='ltr'><strong>ab.</strong></span> <span class='ocrx_word' id='word_1_119' title='bbox 372 1510 552 1611; x_wconf 73' lang='lat' dir='ltr'><strong>ebrepnens</strong></span> <span class='ocrx_word' id='word_1_120' title='bbox 567 1512 590 1586; x_wconf 81' lang='lat'><strong>⁸,</strong></span> <span class='ocrx_word' id='word_1_121' title='bbox 617 1511 800 1577; x_wconf 88' lang='lat' dir='ltr'><strong>Buchczins</strong></span> <span class='ocrx_word' id='word_1_122' title='bbox 818 1513 844 1590; x_wconf 76' lang='lat'><strong>⁴,</strong></span> <span class='ocrx_word' id='word_1_123' title='bbox 866 1512 990 1597; x_wconf 87' lang='lat' dir='ltr'><strong>aliique</strong></span> <span class='ocrx_word' id='word_1_124' title='bbox 1015 1531 1134 1597; x_wconf 92' lang='lat' dir='ltr'><strong>propn-</strong></span> 
     </span>
     <span class='ocr_line' id='line_1_17' title="bbox 57 1593 1135 1680; baseline 0 -22"><span class='ocrx_word' id='word_1_125' title='bbox 57 1605 169 1679; x_wconf 78' lang='lat' dir='ltr'><strong>gnant,</strong></span> <span class='ocrx_word' id='word_1_126' title='bbox 193 1604 340 1659; x_wconf 88' lang='lat' dir='ltr'><strong>auctores</strong></span> <span class='ocrx_word' id='word_1_127' title='bbox 362 1593 476 1660; x_wconf 76' lang='lat' dir='ltr'><strong>habunt</strong></span> <span class='ocrx_word' id='word_1_128' title='bbox 497 1593 653 1679; x_wconf 88' lang='lat' dir='ltr'><strong>quosdam</strong></span> <span class='ocrx_word' id='word_1_129' title='bbox 681 1604 806 1659; x_wconf 84' lang='lat' dir='ltr'><strong>veteres</strong></span> <span class='ocrx_word' id='word_1_130' title='bbox 825 1597 850 1670; x_wconf 80' lang='lat'><strong>⁵,</strong></span> <span class='ocrx_word' id='word_1_131' title='bbox 873 1616 915 1659; x_wconf 86' lang='lat' dir='ltr'><strong>ex</strong></span> <span class='ocrx_word' id='word_1_132' title='bbox 937 1614 1078 1680; x_wconf 92' lang='lat' dir='ltr'><strong>qnorum</strong></span> <span class='ocrx_word' id='word_1_133' title='bbox 1100 1614 1135 1658; x_wconf 91' lang='lat' dir='ltr'><strong>o-</strong></span> 
     </span>
     <span class='ocr_line' id='line_1_18' title="bbox 58 1674 1134 1761; baseline 0 -22"><span class='ocrx_word' id='word_1_134' title='bbox 58 1677 193 1759; x_wconf 88' lang='lat' dir='ltr'><strong>pinione</strong></span> <span class='ocrx_word' id='word_1_135' title='bbox 212 1675 311 1751; x_wconf 84' lang='lat' dir='ltr'><strong>Deus,</strong></span> <span class='ocrx_word' id='word_1_136' title='bbox 327 1674 404 1739; x_wconf 89' lang='lat' dir='ltr'><strong>dnm</strong></span> <span class='ocrx_word' id='word_1_137' title='bbox 428 1696 479 1741; x_wconf 92' lang='lat' dir='ltr'><strong>res</strong></span> <span class='ocrx_word' id='word_1_138' title='bbox 501 1678 534 1741; x_wconf 95' lang='lat' dir='ltr'><strong>in</strong></span> <span class='ocrx_word' id='word_1_139' title='bbox 557 1674 753 1760; x_wconf 88' lang='lat' dir='ltr'><strong>quibusdam</strong></span> <span class='ocrx_word' id='word_1_140' title='bbox 774 1676 1028 1742; x_wconf 85' lang='lat' dir='ltr'><strong>circumstantiis</strong></span> <span class='ocrx_word' id='word_1_141' title='bbox 1047 1678 1134 1761; x_wconf 88' lang='lat' dir='ltr'><strong>posi-</strong></span> 
     </span>
     <span class='ocr_line' id='line_1_19' title="bbox 57 1754 1134 1842; baseline -0.001 -20"><span class='ocrx_word' id='word_1_142' title='bbox 57 1770 107 1822; x_wconf 88' lang='lat' dir='ltr'><strong>tas</strong></span> <span class='ocrx_word' id='word_1_143' title='bbox 127 1758 285 1831; x_wconf 89' lang='lat' dir='ltr'><strong>intuetur,</strong></span> <span class='ocrx_word' id='word_1_144' title='bbox 301 1754 477 1820; x_wconf 89' lang='lat' dir='ltr'><strong>secundum</strong></span> <span class='ocrx_word' id='word_1_145' title='bbox 500 1757 599 1840; x_wconf 80' lang='lat' dir='ltr'><strong>leges,</strong></span> <span class='ocrx_word' id='word_1_146' title='bbox 615 1771 701 1842; x_wconf 81' lang='lat' dir='ltr'><strong>&#39;quas</strong></span> <span class='ocrx_word' id='word_1_147' title='bbox 722 1755 762 1821; x_wconf 86' lang='lat' dir='ltr'><strong>ad</strong></span> <span class='ocrx_word' id='word_1_148' title='bbox 782 1755 895 1822; x_wconf 89' lang='lat' dir='ltr'><strong>mnndi</strong></span> <span class='ocrx_word' id='word_1_149' title='bbox 917 1757 1134 1823; x_wconf 85' lang='lat' dir='ltr'><strong>conservatio·</strong></span> 
     </span>
     <span class='ocr_line' id='line_1_20' title="bbox 57 1837 1134 1925; baseline 0.001 -23"><span class='ocrx_word' id='word_1_150' title='bbox 57 1861 132 1904; x_wconf 89' lang='lat' dir='ltr'><strong>nem</strong></span> <span class='ocrx_word' id='word_1_151' title='bbox 154 1838 217 1904; x_wconf 87' lang='lat' dir='ltr'><strong>sibi</strong></span> <span class='ocrx_word' id='word_1_152' title='bbox 242 1839 470 1924; x_wconf 86' lang='lat' dir='ltr'><strong>praescripsit,</strong></span> <span class='ocrx_word' id='word_1_153' title='bbox 492 1839 626 1905; x_wconf 77' lang='lat' dir='ltr'><strong>effectus</strong></span> <span class='ocrx_word' id='word_1_154' title='bbox 650 1838 818 1925; x_wconf 88' lang='lat' dir='ltr'><strong>producit,</strong></span> <span class='ocrx_word' id='word_1_155' title='bbox 840 1839 898 1924; x_wconf 89' lang='lat' dir='ltr'><strong>qui</strong></span> <span class='ocrx_word' id='word_1_156' title='bbox 920 1837 961 1902; x_wconf 87' lang='lat' dir='ltr'><strong>ab</strong></span> <span class='ocrx_word' id='word_1_157' title='bbox 983 1840 1063 1925; x_wconf 91' lang='lat' dir='ltr'><strong>ipsis</strong></span> <span class='ocrx_word' id='word_1_158' title='bbox 1084 1860 1134 1903; x_wconf 89' lang='lat' dir='ltr'><strong>re-</strong></span> 
     </span>
     <span class='ocr_line' id='line_1_21' title="bbox 57 1919 467 1985; baseline -0.002 -1"><span class='ocrx_word' id='word_1_159' title='bbox 57 1920 120 1985; x_wconf 89' lang='lat' dir='ltr'><strong>bus</strong></span> <span class='ocrx_word' id='word_1_160' title='bbox 165 1919 277 1984; x_wconf 84' lang='lat' dir='ltr'><strong>roduci</strong></span> <span class='ocrx_word' id='word_1_161' title='bbox 304 1919 467 1984; x_wconf 87' lang='lat' dir='ltr'><strong>videntur.</strong></span> 
     </span>
    </p>

    <p class='ocr_par' dir='ltr' id='par_1_5' title="bbox 99 1942 1135 2121">
     <span class='ocr_line' id='line_1_22' title="bbox 99 1942 1135 2121; baseline 0 -56"><span class='ocrx_word' id='word_1_162' title='bbox 99 1942 171 2121; x_wconf 45' lang='lat'><strong>194).</strong></span> <span class='ocrx_word' id='word_1_163' title='bbox 195 2003 293 2089; x_wconf 86' lang='lat' dir='ltr'><strong>Prop.</strong></span> <span class='ocrx_word' id='word_1_164' title='bbox 323 2000 394 2065; x_wconf 83' lang='lat' dir='ltr'><strong>Vim</strong></span> <span class='ocrx_word' id='word_1_165' title='bbox 422 2000 533 2085; x_wconf 77' lang='lat' dir='ltr'><strong>optadi</strong></span> <span class='ocrx_word' id='word_1_166' title='bbox 559 1999 651 2065; x_wconf 82' lang='lat' dir='ltr'><strong>rebus</strong></span> <span class='ocrx_word' id='word_1_167' title='bbox 678 2000 792 2064; x_wconf 81' lang='lat' dir='ltr'><strong>creatis</strong></span> <span class='ocrx_word' id='word_1_168' title='bbox 817 2000 913 2064; x_wconf 73' lang='lat' dir='ltr'><strong>iussae</strong></span> <span class='ocrx_word' id='word_1_169' title='bbox 938 1998 1022 2063; x_wconf 75' lang='lat' dir='ltr'><strong>tucn</strong></span> <span class='ocrx_word' id='word_1_170' title='bbox 1041 2021 1135 2086; x_wconf 78' lang='lat' dir='ltr'><strong>repu-</strong></span> 
     </span>
    </p>

    <p class='ocr_par' dir='ltr' id='par_1_6' title="bbox 77 2096 170 2147">
     <span class='ocr_line' id='line_1_23' title="bbox 77 2096 170 2147; baseline 0.011 -1"><span class='ocrx_word' id='word_1_171' title='bbox 77 2096 131 2147; x_wconf 84' lang='lat' dir='ltr'><strong>ttot</strong></span> <span class='ocrx_word' id='word_1_172' title='bbox 162 2132 170 2147; x_wconf 95' lang='lat'><strong>.</strong></span> 
     </span>
    </p>

    <p class='ocr_par' dir='ltr' id='par_1_7' title="bbox 56 2104 1134 2249">
     <span class='ocr_line' id='line_1_24' title="bbox 56 2104 1134 2249; baseline -0.001 -20"><span class='ocrx_word' id='word_1_173' title='bbox 56 2104 76 2166; x_wconf 65' lang='lat'><strong><em>9</em></strong></span> <span class='ocrx_word' id='word_1_174' title='bbox 100 2165 270 2229; x_wconf 82' lang='lat' dir='ltr'><strong>Probatur.</strong></span> <span class='ocrx_word' id='word_1_175' title='bbox 295 2164 392 2230; x_wconf 87' lang='lat' dir='ltr'><strong>Nulla</strong></span> <span class='ocrx_word' id='word_1_176' title='bbox 415 2163 511 2239; x_wconf 89' lang='lat' dir='ltr'><strong>ratio,</strong></span> <span class='ocrx_word' id='word_1_177' title='bbox 535 2183 596 2228; x_wconf 90' lang='lat' dir='ltr'><strong>cnr</strong></span> <span class='ocrx_word' id='word_1_178' title='bbox 617 2162 715 2229; x_wconf 90' lang='lat' dir='ltr'><strong>rebus</strong></span> <span class='ocrx_word' id='word_1_179' title='bbox 735 2162 856 2228; x_wconf 85' lang='lat' dir='ltr'><strong>creatis</strong></span> <span class='ocrx_word' id='word_1_180' title='bbox 877 2162 924 2229; x_wconf 86' lang='lat' dir='ltr'><strong>ris</strong></span> <span class='ocrx_word' id='word_1_181' title='bbox 946 2160 1061 2249; x_wconf 82' lang='lat' dir='ltr'><strong>agendi</strong></span> <span class='ocrx_word' id='word_1_182' title='bbox 1085 2186 1134 2228; x_wconf 87' lang='lat' dir='ltr'><strong>re·</strong></span> 
     </span>
    </p>

    <p class='ocr_par' dir='ltr' id='par_1_8' title="bbox 59 2245 1132 2343">
     <span class='ocr_line' id='line_1_25' title="bbox 59 2245 1132 2343; baseline 0 -34"><span class='ocrx_word' id='word_1_183' title='bbox 59 2257 203 2343; x_wconf 80' lang='lat' dir='ltr'><strong>pugnet,</strong></span> <span class='ocrx_word' id='word_1_184' title='bbox 226 2245 311 2309; x_wconf 89' lang='lat' dir='ltr'><strong>sumi</strong></span> <span class='ocrx_word' id='word_1_185' title='bbox 341 2255 445 2330; x_wconf 91' lang='lat' dir='ltr'><strong>potest</strong></span> <span class='ocrx_word' id='word_1_186' title='bbox 471 2266 576 2330; x_wconf 85' lang='lat' dir='ltr'><strong>neque</strong></span> <span class='ocrx_word' id='word_1_187' title='bbox 599 2266 641 2309; x_wconf 85' lang='lat' dir='ltr'><strong>ex</strong></span> <span class='ocrx_word' id='word_1_188' title='bbox 663 2253 776 2309; x_wconf 85' lang='lat' dir='ltr'><strong>natura</strong></span> <span class='ocrx_word' id='word_1_189' title='bbox 803 2265 914 2309; x_wconf 87' lang='lat' dir='ltr'><strong>rerum</strong></span> <span class='ocrx_word' id='word_1_190' title='bbox 936 2255 1132 2321; x_wconf 89' lang='lat' dir='ltr'><strong>creatarum,</strong></span> 
     </span>
    </p>

    <p class='ocr_par' dir='ltr' id='par_1_9' title="bbox 60 2325 1133 2412">
     <span class='ocr_line' id='line_1_26' title="bbox 60 2325 1133 2412; baseline -0.001 -21"><span class='ocrx_word' id='word_1_191' title='bbox 60 2350 93 2391; x_wconf 89' lang='grc' dir='ltr'><strong>ιιι</strong></span> <span class='ocrx_word' id='word_1_192' title='bbox 117 2328 238 2411; x_wconf 86' lang='lat' dir='ltr'><strong>quibus</strong></span> <span class='ocrx_word' id='word_1_193' title='bbox 259 2328 314 2391; x_wconf 86' lang='lat' dir='ltr'><strong>iiia</strong></span> <span class='ocrx_word' id='word_1_194' title='bbox 339 2328 535 2412; x_wconf 87' lang='lat' dir='ltr'><strong>concipitur,</strong></span> <span class='ocrx_word' id='word_1_195' title='bbox 553 2348 658 2412; x_wconf 88' lang='lat' dir='ltr'><strong>neque</strong></span> <span class='ocrx_word' id='word_1_196' title='bbox 679 2347 720 2390; x_wconf 80' lang='lat' dir='ltr'><strong>eu</strong></span> <span class='ocrx_word' id='word_1_197' title='bbox 742 2338 858 2391; x_wconf 89' lang='lat' dir='ltr'><strong>natura</strong></span> <span class='ocrx_word' id='word_1_198' title='bbox 880 2325 954 2402; x_wconf 89' lang='lat' dir='ltr'><strong>Dei,</strong></span> <span class='ocrx_word' id='word_1_199' title='bbox 969 2328 1026 2412; x_wconf 87' lang='lat' dir='ltr'><strong>qui</strong></span> <span class='ocrx_word' id='word_1_200' title='bbox 1044 2327 1133 2391; x_wconf 85' lang='lat' dir='ltr'><strong>illam</strong></span> 
     </span>
    </p>

    <p class='ocr_par' dir='ltr' id='par_1_10' title="bbox 56 2406 1134 2555">
     <span class='ocr_line' id='line_1_27' title="bbox 56 2406 1134 2494; baseline 0 -21"><span class='ocrx_word' id='word_1_201' title='bbox 56 2430 134 2473; x_wconf 90' lang='lat' dir='ltr'><strong>cnm</strong></span> <span class='ocrx_word' id='word_1_202' title='bbox 151 2410 231 2494; x_wconf 90' lang='lat' dir='ltr'><strong>ipsis</strong></span> <span class='ocrx_word' id='word_1_203' title='bbox 245 2410 473 2473; x_wconf 88' lang='lat' dir='ltr'><strong>communicat.</strong></span> <span class='ocrx_word' id='word_1_204' title='bbox 491 2410 578 2492; x_wconf 85' lang='lat' dir='ltr'><strong>Ergo</strong></span> <span class='ocrx_word' id='word_1_205' title='bbox 594 2410 644 2473; x_wconf 83' lang='lat' dir='ltr'><strong>ris</strong></span> <span class='ocrx_word' id='word_1_206' title='bbox 665 2406 782 2492; x_wconf 82' lang='lat' dir='ltr'><strong>agendi</strong></span> <span class='ocrx_word' id='word_1_207' title='bbox 803 2406 902 2473; x_wconf 87' lang='lat' dir='ltr'><strong>rebus</strong></span> <span class='ocrx_word' id='word_1_208' title='bbox 917 2410 1032 2474; x_wconf 85' lang='lat' dir='ltr'><strong>creatis</strong></span> <span class='ocrx_word' id='word_1_209' title='bbox 1045 2408 1134 2473; x_wconf 89' lang='lat' dir='ltr'><strong>haud</strong></span> 
     </span>
     <span class='ocr_line' id='line_1_28' title="bbox 187 2501 230 2555; baseline 0 -1"><span class='ocrx_word' id='word_1_210' title='bbox 187 2501 230 2555; x_wconf 91' lang='lat' dir='ltr'><strong>at.</strong></span> 
     </span>
    </p>
   </div>
   <div class='ocr_carea' id='block_1_5' title="bbox 57 2510 1133 2905">
    <p class='ocr_par' dir='ltr' id='par_1_11' title="bbox 57 2510 1133 2905">
     <span class='ocr_line' id='line_1_29' title="bbox 58 2510 1133 2657; baseline -0.003 -20"><span class='ocrx_word' id='word_1_211' title='bbox 58 2510 185 2639; x_wconf 40' lang='lat' dir='ltr'><strong>miii?</strong></span> <span class='ocrx_word' id='word_1_212' title='bbox 196 2572 378 2636; x_wconf 77' lang='lat' dir='ltr'><strong>Antecederu</strong></span> <span class='ocrx_word' id='word_1_213' title='bbox 400 2571 446 2637; x_wconf 85' lang='lat' dir='ltr'><strong>ita</strong></span> <span class='ocrx_word' id='word_1_214' title='bbox 468 2570 730 2638; x_wconf 85' lang='lat' dir='ltr'><strong>demonstratur:</strong></span> <span class='ocrx_word' id='word_1_215' title='bbox 755 2568 790 2633; x_wconf 84' lang='lat'><strong>1⁰</strong></span> <span class='ocrx_word' id='word_1_216' title='bbox 815 2570 849 2638; x_wconf 91' lang='lat' dir='ltr'><strong>Si</strong></span> <span class='ocrx_word' id='word_1_217' title='bbox 871 2590 924 2635; x_wconf 86' lang='lat' dir='ltr'><strong>res</strong></span> <span class='ocrx_word' id='word_1_218' title='bbox 945 2570 1035 2657; x_wconf 89' lang='lat' dir='ltr'><strong>ipsae</strong></span> <span class='ocrx_word' id='word_1_219' title='bbox 1057 2592 1133 2636; x_wconf 90' lang='lat' dir='ltr'><strong>con-</strong></span> 
     </span>
     <span class='ocr_line' id='line_1_30' title="bbox 57 2650 1132 2730; baseline -0.002 -13"><span class='ocrx_word' id='word_1_220' title='bbox 57 2652 254 2730; x_wconf 87' lang='lat' dir='ltr'><strong>siderentur,</strong></span> <span class='ocrx_word' id='word_1_221' title='bbox 278 2656 344 2720; x_wconf 87' lang='lat' dir='ltr'><strong>vim</strong></span> <span class='ocrx_word' id='word_1_222' title='bbox 367 2652 563 2719; x_wconf 72' lang='lat' dir='ltr'><strong>coactricem</strong></span> <span class='ocrx_word' id='word_1_223' title='bbox 585 2654 634 2719; x_wconf 88' lang='lat' dir='ltr'><strong>eis</strong></span> <span class='ocrx_word' id='word_1_224' title='bbox 658 2656 761 2720; x_wconf 88' lang='lat' dir='ltr'><strong>inesse</strong></span> <span class='ocrx_word' id='word_1_225' title='bbox 787 2650 965 2717; x_wconf 89' lang='lat' dir='ltr'><strong>absurdum</strong></span> <span class='ocrx_word' id='word_1_226' title='bbox 986 2674 1050 2717; x_wconf 92' lang='lat' dir='ltr'><strong>non</strong></span> <span class='ocrx_word' id='word_1_227' title='bbox 1072 2665 1132 2719; x_wconf 90' lang='lat' dir='ltr'><strong>est.</strong></span> 
     </span>
     <span class='ocr_line' id='line_1_31' title="bbox 59 2729 1132 2821; baseline -0.003 -20"><span class='ocrx_word' id='word_1_228' title='bbox 59 2737 189 2802; x_wconf 86' lang='lat' dir='ltr'><strong>Etenim</strong></span> <span class='ocrx_word' id='word_1_229' title='bbox 213 2738 263 2801; x_wconf 88' lang='lat' dir='ltr'><strong>vis</strong></span> <span class='ocrx_word' id='word_1_230' title='bbox 284 2736 424 2821; x_wconf 81' lang='lat' dir='ltr'><strong>agendi,</strong></span> <span class='ocrx_word' id='word_1_231' title='bbox 448 2756 531 2820; x_wconf 84' lang='lat' dir='ltr'><strong>quae</strong></span> <span class='ocrx_word' id='word_1_232' title='bbox 552 2758 570 2800; x_wconf 91' lang='lat' dir='ltr'><strong>a</strong></span> <span class='ocrx_word' id='word_1_233' title='bbox 593 2734 698 2801; x_wconf 87' lang='lat' dir='ltr'><strong>Causa</strong></span> <span class='ocrx_word' id='word_1_234' title='bbox 724 2734 835 2801; x_wconf 88' lang='lat' dir='ltr'><strong>Prima</strong></span> <span class='ocrx_word' id='word_1_235' title='bbox 856 2729 997 2819; x_wconf 85' lang='lat' dir='ltr'><strong>pendet,</strong></span> <span class='ocrx_word' id='word_1_236' title='bbox 1019 2734 1132 2800; x_wconf 89' lang='lat' dir='ltr'><strong>limiti-</strong></span> 
     </span>
     <span class='ocr_line' id='line_1_32' title="bbox 59 2813 1133 2905; baseline 0 -24"><span class='ocrx_word' id='word_1_237' title='bbox 59 2817 185 2905; x_wconf 88' lang='lat' dir='ltr'><strong>busque</strong></span> <span class='ocrx_word' id='word_1_238' title='bbox 212 2816 387 2896; x_wconf 85' lang='lat' dir='ltr'><strong>definitur,</strong></span> <span class='ocrx_word' id='word_1_239' title='bbox 410 2828 443 2885; x_wconf 91' lang='lat' dir='ltr'><strong>et</strong></span> <span class='ocrx_word' id='word_1_240' title='bbox 465 2839 525 2905; x_wconf 90' lang='lat' dir='ltr'><strong>pro</strong></span> <span class='ocrx_word' id='word_1_241' title='bbox 552 2818 678 2883; x_wconf 86' lang='lat' dir='ltr'><strong>diversa</strong></span> <span class='ocrx_word' id='word_1_242' title='bbox 701 2823 927 2882; x_wconf 87' lang='lat' dir='ltr'><strong>creaturarum</strong></span> <span class='ocrx_word' id='word_1_243' title='bbox 952 2813 1062 2883; x_wconf 81' lang='lat' dir='ltr'><strong>indole</strong></span> <span class='ocrx_word' id='word_1_244' title='bbox 1083 2815 1133 2881; x_wconf 92' lang='lat' dir='ltr'><strong>di·</strong></span> 
     </span>
    </p>
   </div>
   <div class='ocr_carea' id='block_1_6' title="bbox 471 2985 759 2996">
    <p class='ocr_par' dir='ltr' id='par_1_12' title="bbox 471 2985 759 2996">
     <span class='ocr_line' id='line_1_33' title="bbox 471 2985 759 2996; baseline 0.01 -3"><span class='ocrx_word' id='word_1_245' title='bbox 471 2986 502 2994; x_wconf 59' lang='lat'><strong>--2</strong></span> <span class='ocrx_word' id='word_1_246' title='bbox 512 2986 517 2993; x_wconf 82' lang='grc' dir='ltr'><strong>ι</strong></span> <span class='ocrx_word' id='word_1_247' title='bbox 525 2985 759 2996; x_wconf 61' lang='lat' dir='ltr'><strong>mnu—aaa·-</strong></span> 
     </span>
    </p>
   </div>
   <div class='ocr_carea' id='block_1_7' title="bbox 58 3073 1133 3723">
    <p class='ocr_par' dir='ltr' id='par_1_13' title="bbox 96 3073 918 3143">
     <span class='ocr_line' id='line_1_34' title="bbox 96 3073 918 3143; baseline -0.004 -11"><span class='ocrx_word' id='word_1_248' title='bbox 96 3082 105 3117; x_wconf 58' lang='grc' dir='ltr'>ἱ</span> <span class='ocrx_word' id='word_1_249' title='bbox 129 3082 189 3132; x_wconf 74' lang='lat' dir='ltr'><strong>loo.</strong></span> <span class='ocrx_word' id='word_1_250' title='bbox 209 3084 251 3130; x_wconf 76' lang='lat' dir='ltr'><strong>att.</strong></span> <span class='ocrx_word' id='word_1_251' title='bbox 272 3073 309 3129; x_wconf 75' lang='lat' dir='ltr'><strong>ct</strong></span> <span class='ocrx_word' id='word_1_252' title='bbox 325 3080 467 3137; x_wconf 82' lang='lat' dir='ltr'><strong>Crttertot..</strong></span> <span class='ocrx_word' id='word_1_253' title='bbox 488 3092 514 3128; x_wconf 84' lang='lat' dir='ltr'><strong>e.</strong></span> <span class='ocrx_word' id='word_1_254' title='bbox 535 3075 582 3139; x_wconf 78' lang='grc' dir='ltr'><strong>Ν,</strong></span> <span class='ocrx_word' id='word_1_255' title='bbox 602 3092 630 3128; x_wconf 87' lang='lat' dir='ltr'><strong>a.</strong></span> <span class='ocrx_word' id='word_1_256' title='bbox 651 3078 679 3139; x_wconf 82' lang='grc'><strong>8,</strong></span> <span class='ocrx_word' id='word_1_257' title='bbox 700 3094 727 3143; x_wconf 92' lang='lat' dir='ltr'><strong>p.</strong></span> <span class='ocrx_word' id='word_1_258' title='bbox 749 3079 801 3131; x_wconf 74' lang='grc'><strong>888</strong></span> <span class='ocrx_word' id='word_1_259' title='bbox 820 3080 876 3131; x_wconf 80' lang='lat' dir='ltr'><strong>roi.</strong></span> <span class='ocrx_word' id='word_1_260' title='bbox 897 3076 918 3130; x_wconf 90' lang='grc' dir='ltr'><strong>Ι.</strong></span> 
     </span>
    </p>

    <p class='ocr_par' dir='ltr' id='par_1_14' title="bbox 95 3146 738 3216">
     <span class='ocr_line' id='line_1_35' title="bbox 95 3146 738 3216; baseline -0.003 -12"><span class='ocrx_word' id='word_1_261' title='bbox 95 3154 108 3190; x_wconf 80' lang='lat'><em>²</em></span> <span class='ocrx_word' id='word_1_262' title='bbox 127 3152 168 3204; x_wconf 75' lang='lat' dir='ltr'><strong>Da</strong></span> <span class='ocrx_word' id='word_1_263' title='bbox 185 3154 283 3216; x_wconf 74' lang='lat' dir='ltr'><strong>topatr.</strong></span> <span class='ocrx_word' id='word_1_264' title='bbox 302 3166 371 3212; x_wconf 69' lang='lat' dir='ltr'><strong>uer„</strong></span> <span class='ocrx_word' id='word_1_265' title='bbox 391 3152 438 3202; x_wconf 88' lang='lat' dir='ltr'><strong>tib.</strong></span> <span class='ocrx_word' id='word_1_266' title='bbox 460 3146 506 3211; x_wconf 87' lang='lat' dir='ltr'><strong>Vl,</strong></span> <span class='ocrx_word' id='word_1_267' title='bbox 526 3164 588 3213; x_wconf 86' lang='lat' dir='ltr'><strong>pars</strong></span> <span class='ocrx_word' id='word_1_268' title='bbox 606 3149 642 3211; x_wconf 88' lang='lat' dir='ltr'><strong>ii,</strong></span> <span class='ocrx_word' id='word_1_269' title='bbox 662 3164 689 3202; x_wconf 89' lang='lat' dir='ltr'><strong>o.</strong></span> <span class='ocrx_word' id='word_1_270' title='bbox 708 3152 738 3202; x_wconf 82' lang='grc'><strong>8.</strong></span> 
     </span>
    </p>

    <p class='ocr_par' dir='ltr' id='par_1_15' title="bbox 95 3220 1131 3289">
     <span class='ocr_line' id='line_1_36' title="bbox 95 3220 1131 3289; baseline -0.001 -15"><span class='ocrx_word' id='word_1_271' title='bbox 95 3224 107 3261; x_wconf 81' lang='lat'><strong>³</strong></span> <span class='ocrx_word' id='word_1_272' title='bbox 127 3224 232 3275; x_wconf 72' lang='lat' dir='ltr'><strong>morte</strong></span> <span class='ocrx_word' id='word_1_273' title='bbox 250 3224 359 3288; x_wconf 71' lang='lat' dir='ltr'><strong>bibitque</strong></span> <span class='ocrx_word' id='word_1_274' title='bbox 377 3226 408 3274; x_wconf 76' lang='lat' dir='ltr'><strong>ds</strong></span> <span class='ocrx_word' id='word_1_275' title='bbox 427 3224 455 3274; x_wconf 84' lang='lat' dir='ltr'><strong>ta</strong></span> <span class='ocrx_word' id='word_1_276' title='bbox 473 3226 646 3289; x_wconf 73' lang='lat' dir='ltr'><strong>sormopom&#39;s,</strong></span> <span class='ocrx_word' id='word_1_277' title='bbox 665 3230 690 3275; x_wconf 79' lang='lat' dir='ltr'><strong>st</strong></span> <span class='ocrx_word' id='word_1_278' title='bbox 706 3226 739 3275; x_wconf 79' lang='lat' dir='ltr'><strong>tis</strong></span> <span class='ocrx_word' id='word_1_279' title='bbox 756 3224 784 3274; x_wconf 83' lang='lat' dir='ltr'><strong>lo</strong></span> <span class='ocrx_word' id='word_1_280' title='bbox 801 3225 930 3289; x_wconf 61' lang='lat' dir='ltr'><strong>ptam,</strong></span> <span class='ocrx_word' id='word_1_281' title='bbox 956 3220 1030 3274; x_wconf 78' lang='lat' dir='ltr'><strong>Paris</strong></span> <span class='ocrx_word' id='word_1_282' title='bbox 1050 3222 1131 3273; x_wconf 77' lang='grc'><strong>1848.</strong></span> 
     </span>
    </p>

    <p class='ocr_par' dir='ltr' id='par_1_16' title="bbox 94 3292 1131 3361">
     <span class='ocr_line' id='line_1_37' title="bbox 94 3292 1131 3361; baseline -0.001 -14"><span class='ocrx_word' id='word_1_283' title='bbox 94 3294 107 3333; x_wconf 73' lang='lat'><strong><em>⁶</em></strong></span> <span class='ocrx_word' id='word_1_284' title='bbox 127 3296 229 3347; x_wconf 70' lang='lat' dir='ltr'><strong>Introit.</strong></span> <span class='ocrx_word' id='word_1_285' title='bbox 249 3292 268 3346; x_wconf 81' lang='lat' dir='ltr'><strong>ri</strong></span> <span class='ocrx_word' id='word_1_286' title='bbox 284 3298 379 3347; x_wconf 64' lang='lat' dir='ltr'><strong>enode</strong></span> <span class='ocrx_word' id='word_1_287' title='bbox 391 3298 436 3345; x_wconf 79' lang='lat' dir='ltr'><strong>naa</strong></span> <span class='ocrx_word' id='word_1_288' title='bbox 448 3298 557 3346; x_wconf 72' lang='lat' dir='ltr'><strong>satanam</strong></span> <span class='ocrx_word' id='word_1_289' title='bbox 569 3294 876 3360; x_wconf 72' lang='lat' dir='ltr'><strong>mentmm,tse.tt,p.or</strong></span> <span class='ocrx_word' id='word_1_290' title='bbox 888 3309 948 3361; x_wconf 78' lang='lat' dir='ltr'><strong>sqq,</strong></span> <span class='ocrx_word' id='word_1_291' title='bbox 962 3293 1035 3346; x_wconf 82' lang='lat' dir='ltr'><strong>Parit</strong></span> <span class='ocrx_word' id='word_1_292' title='bbox 1050 3294 1131 3346; x_wconf 82' lang='lat' dir='ltr'><strong>ttaa.</strong></span> 
     </span>
    </p>

    <p class='ocr_par' dir='ltr' id='par_1_17' title="bbox 58 3362 1133 3723">
     <span class='ocr_line' id='line_1_38' title="bbox 95 3362 1131 3435; baseline 0 -18"><span class='ocrx_word' id='word_1_293' title='bbox 95 3370 107 3406; x_wconf 78' lang='lat'>⁵</span> <span class='ocrx_word' id='word_1_294' title='bbox 126 3364 228 3418; x_wconf 82' lang='lat' dir='ltr'><strong>Horum</strong></span> <span class='ocrx_word' id='word_1_295' title='bbox 247 3370 348 3419; x_wconf 86' lang='lat' dir='ltr'><strong>mentio</strong></span> <span class='ocrx_word' id='word_1_296' title='bbox 367 3366 485 3417; x_wconf 85' lang='lat' dir='ltr'><strong>occurrit</strong></span> <span class='ocrx_word' id='word_1_297' title='bbox 503 3366 573 3431; x_wconf 85' lang='lat' dir='ltr'><strong>apud</strong></span> <span class='ocrx_word' id='word_1_298' title='bbox 586 3362 617 3418; x_wconf 84' lang='lat' dir='ltr'><strong>lt.</strong></span> <span class='ocrx_word' id='word_1_299' title='bbox 631 3365 693 3419; x_wconf 78' lang='lat' dir='ltr'><strong>att.</strong></span> <span class='ocrx_word' id='word_1_300' title='bbox 708 3366 745 3418; x_wconf 83' lang='lat' dir='ltr'><strong>tr.</strong></span> <span class='ocrx_word' id='word_1_301' title='bbox 767 3364 877 3435; x_wconf 66' lang='lat' dir='ltr'><strong>(Papa,</strong></span> <span class='ocrx_word' id='word_1_302' title='bbox 890 3368 937 3417; x_wconf 82' lang='lat' dir='ltr'><strong>uo.</strong></span> <span class='ocrx_word' id='word_1_303' title='bbox 953 3364 987 3425; x_wconf 85' lang='grc' dir='ltr'><strong>ΙΙ,</strong></span> <span class='ocrx_word' id='word_1_304' title='bbox 1001 3370 1082 3417; x_wconf 84' lang='lat' dir='ltr'><strong>tract.</strong></span> <span class='ocrx_word' id='word_1_305' title='bbox 1097 3364 1131 3427; x_wconf 88' lang='grc' dir='ltr'><strong>ΙΙ,</strong></span> 
     </span>
     <span class='ocr_line' id='line_1_39' title="bbox 58 3434 1133 3577; baseline -0.003 -16"><span class='ocrx_word' id='word_1_306' title='bbox 58 3437 156 3561; x_wconf 63' lang='lat' dir='ltr'><strong>‘ib</strong></span> <span class='ocrx_word' id='word_1_307' title='bbox 168 3440 291 3571; x_wconf 71' lang='lat' dir='ltr'><strong>tnnc,</strong></span> <span class='ocrx_word' id='word_1_308' title='bbox 303 3434 1042 3577; x_wconf 57' lang='lat' dir='ltr'><strong>abaciacumtttffttn.¹t¹:.t·.t</strong></span> <span class='ocrx_word' id='word_1_309' title='bbox 1058 3508 1133 3561; x_wconf 72' lang='lat' dir='ltr'><strong>...t</strong></span> 
     </span>
     <span class='ocr_line' id='line_1_40' title="bbox 58 3580 1132 3651; baseline -0.002 -16"><span class='ocrx_word' id='word_1_310' title='bbox 58 3582 104 3635; x_wconf 84' lang='lat' dir='ltr'><strong>bio</strong></span> <span class='ocrx_word' id='word_1_311' title='bbox 122 3588 174 3635; x_wconf 85' lang='lat' dir='ltr'><strong>est.</strong></span> <span class='ocrx_word' id='word_1_312' title='bbox 195 3580 288 3637; x_wconf 83' lang='lat' dir='ltr'><strong>Utrum</strong></span> <span class='ocrx_word' id='word_1_313' title='bbox 308 3586 409 3644; x_wconf 63' lang='lat' dir='ltr'><strong>anum,</strong></span> <span class='ocrx_word' id='word_1_314' title='bbox 424 3594 509 3634; x_wconf 84' lang='lat' dir='ltr'><strong>necne</strong></span> <span class='ocrx_word' id='word_1_315' title='bbox 530 3586 568 3636; x_wconf 85' lang='lat' dir='ltr'><strong>ris</strong></span> <span class='ocrx_word' id='word_1_316' title='bbox 587 3586 720 3650; x_wconf 79' lang='lat' dir='ltr'><strong>quactum</strong></span> <span class='ocrx_word' id='word_1_317' title='bbox 733 3592 844 3639; x_wconf 83' lang='lat' dir='ltr'><strong>actuosa</strong></span> <span class='ocrx_word' id='word_1_318' title='bbox 856 3584 918 3639; x_wconf 80' lang='lat' dir='ltr'><strong>insit</strong></span> <span class='ocrx_word' id='word_1_319' title='bbox 930 3584 1010 3651; x_wconf 74' lang='lat' dir='ltr'><strong>robus</strong></span> <span class='ocrx_word' id='word_1_320' title='bbox 1022 3582 1132 3642; x_wconf 81' lang='lat' dir='ltr'><strong>creatis,</strong></span> 
     </span>
     <span class='ocr_line' id='line_1_41' title="bbox 58 3654 514 3723; baseline -0.007 -12"><span class='ocrx_word' id='word_1_321' title='bbox 58 3656 87 3711; x_wconf 85' lang='lat' dir='ltr'><strong>in</strong></span> <span class='ocrx_word' id='word_1_322' title='bbox 106 3656 269 3722; x_wconf 67' lang='lat' dir='ltr'><strong>comminata</strong></span> <span class='ocrx_word' id='word_1_323' title='bbox 286 3654 514 3723; x_wconf 74' lang='lat' dir='ltr'><strong>incastigabtmus.</strong></span> 
     </span>
    </p>
   </div>
   <div class='ocr_carea' id='block_1_8' title="bbox 0 0 1242 3909">
    <p class='ocr_par' dir='ltr' id='par_1_18' title="bbox 0 0 1242 3909">
     <span class='ocr_line' id='line_1_42' title="bbox 0 0 1242 3909; baseline 0 0"><span class='ocrx_word' id='word_1_324' title='bbox 0 0 1242 3909; x_wconf 95' lang='lat' dir='ltr'><strong> </strong></span> 
     </span>
    </p>
   </div>
  </div>
 </body>
</html>
