2475 3909
457 229 693 277 nausearum
1029 211 1071 277 53

47 316 94 399 pai
114 313 234 397 alodius
256 313 391 391 occidit;
412 333 481 396 erpo
501 314 623 395 piadias
644 313 792 388 moritur:
825 314 904 398 quia
935 314 1058 392 occidat,
1082 315 1113 381 si

46 393 177 461 mcunda
200 394 320 483 syllaba
342 396 552 482 corripiatur,
577 397 664 461 idem
687 396 792 474 vaiet,
814 397 1034 472 samaritas:
1057 398 1107 462 sin

47 477 252 562 producatur,
277 477 363 543 idem
386 478 482 555 vaiet,
504 501 540 544 ac
562 479 719 561 interficit.

80 562 128 624 11.
153 561 321 645 sophisma
342 558 548 645 ampiiiaiiac
561 563 711 638 aiiicitnr,
726 559 852 646 quoties
866 560 977 644 piures
992 559 1109 625 dictio

43 663 93 706 nes
116 643 163 706 ita
185 643 446 728 coniunguntur,
467 653 503 708 ut
524 643 739 730 muitiplicem
760 640 1029 727 significationem
1076 663 1109 706 a·

43 726 135 788 riant.
160 725 199 789 E.
224 744 267 808 g,
291 726 369 789 haec
390 723 501 801 verba,
529 725 642 791 Vciicm
664 747 712 789 mc
731 744 838 809 copcrc
864 725 972 799 iactes,
995 661 1106 789 mudi-

43 806 155 889 piicem
171 826 300 871 sensum
316 806 444 881 habent,
460 810 548 891 quia,
565 828 639 873 cum
655 809 859 874 accusativus
879 828 926 870 mc
949 805 998 870 vei
1020 817 1106 883 ante,

42 888 82 951 sei
107 900 180 985 post
204 888 364 955 infinitum
387 908 491 974 capere
513 894 654 956 construi
703 899 793 967 neat,
819 888 891 975 ipsa
913 888 1107 954 aiterutrum

40 968 224 1055 significare
246 982 389 1056 possunt,
415 971 540 1039 sciiicet
561 984 617 1038 aut
638 911 711 1038 aeda
731 993 778 1035 mc
800 973 871 1055 capi
892 971 928 1036 ab
956 972 1103 1048 iactibus,

41 1062 91 1117 aut
115 1050 193 1116 cciic
214 1052 310 1117 icoctcs
332 1074 351 1117 o
371 1074 419 1116 sue
440 1056 522 1140 capi.
546 1054 708 1131 Quocirca
727 1057 819 1140 ipsa,
843 1055 948 1119 aiente
971 1052 1107 1118 Aiberto

40 1134 80 1198 ii.
98 1136 123 1212 ¹,
148 1136 351 1201 occasionem
373 1135 529 1219 praebere
551 1149 684 1223 possunt
704 1137 780 1204 huic
807 1137 1010 1221 sophismati:
1038 1135 1107 1199 Vei-

39 1216 90 1279 icm
114 1238 164 1279 mc
187 1218 323 1302 accipere
344 1236 548 1305 quoscumque
570 1219 679 1284 velicat
701 1242 748 1283 mc
768 1220 919 1302 accipere,-
938 1221 1026 1304 atqui
1045 1239 1107 1315 pak

39 1310 160 1380 pnnmcs
182 1299 287 1363 saliem
308 1318 355 1361 mc
376 1302 528 1384 accipere,-
549 1322 619 1387 erpo
641 1303 746 1374 ociicm
763 1313 937 1388 pupaaatcs
958 1322 1005 1364 mc
1025 1323 1107 1365 acci·
1157 1304 1163 1311 '

72 1400 105 1443 rc
118 1384 147 1445 ².

37 1400 124 1528 μή.
151 1462 292 1528 Faiiacia
312 1465 541 1546 compositionis
562 1467 684 1543 existit,
707 1466 836 1552 quaties
856 1466 968 1551 piures
986 1463 1107 1530 dictio-

40 1566 116 1622 nes,
152 1565 237 1629 quae
265 1545 297 1610 in
325 1566 418 1611 sensu
443 1545 548 1615 diviso
574 1548 744 1614 dumtaxat
772 1569 868 1613 verae
904 1560 999 1624 sunt,
1022 1548 1109 1611 acci·

39 1627 176 1774 piantur
196 1628 229 1691 in
251 1644 346 1695 sensu
368 1630 557 1715 composito.
581 1633 619 1696 E.
645 1652 690 1716 g„
713 1630 768 1695 iiia
789 1629 887 1695 verba
908 1632 933 1695 i.
957 1630 991 1697 C.
1015 1628 1104 1716 apud

62 1731 171 1785 acam,
195 1709 286 1774 Cacci
308 1710 421 1788 uideat,
444 1712 548 1776 cioudi
567 1712 742 1790 ambulant,
767 1712 858 1776 surdi
878 1714 1033 1787 audiisset,
1058 1714 1106 1775 in-

39 1790 211 1889 tciiipenda
238 1794 366 1858 suntin
388 1814 479 1857 seusa
498 1794 623 1872 diuisa,
645 1794 689 1860 ita
712 1814 850 1880 nempe,
878 1804 915 1858 ut
942 1796 1000 1880 qui
1027 1803 1102 1857 ante

39 1896 120 1939 caeca
145 1884 254 1953 erant,
278 1874 440 1952 viderent,
464 1878 573 1962 etqui
597 1875 723 1954 claudi,
747 1875 969 1953 ambularent,
993 1877 1104 1959 etqui

41 1955 141 2033 surdi,
160 1956 320 2023 audirent.
343 1961 386 2025 a:
400 1957 559 2025 increduli
575 1978 611 2023 aa
626 1958 728 2025 veinti
743 1957 912 2023 coniuncta
927 1957 1103 2042 accipiunt,

40 2043 136 2105 etita
162 2038 335 2121 sophistice
358 2048 641 2124 argumentantur:
664 2040 869 2126 Ea,puoram
889 2044 988 2104 uuum
1008 2039 1104 2103 aitero

42 2122 174 2201 taiiitur,
196 2122 294 2186 simui
314 2132 394 2185 stara
409 2142 442 2183 rc
465 2137 569 2205 capeat.
586 2124 683 2208 Atqui
705 2142 825 2187 caccum
847 2142 918 2200 cccc,
941 2134 967 2186 ct
988 2120 1104 2199 videa·

43 2206 182 2268 einardum
205 2224 279 2281 csse,
303 2214 330 2266 ct
352 2140 522 2285 amiciora
536 2204 667 2277 sardam
681 2225 754 2279 cccc,
778 2213 807 2266 ct
826 2204 934 2268 audire
952 2204 1104 2269 eiusmodi

44 2300 121 2365 suat,
145 2294 183 2348 at
205 2306 303 2348 uuum
326 2286 420 2350 aitcro
441 2286 582 2351 tollatur.
598 2284 687 2370 Erpa
707 2296 857 2369 rcpupaat
872 2306 975 2351 coccos
990 2286 1102 2363 cidere,

42 2368 167 2432 ciaudas
189 2366 357 2443 ambulare,
379 2382 405 2431 ct
426 2369 536 2433 surdos
558 2367 680 2433 audire.

78 2451 126 2517 13.
153 2448 303 2533 lienique
326 2448 453 2515 iaiiacia
474 2450 642 2515 divisionis
660 2447 885 2525 committitur,
900 2468 975 2513 cum
991 2448 1102 2534 piures

42 2530 213 2607 dictiones,
235 2552 318 2615 quae
342 2533 373 2595 in
395 2552 490 2596 sensu
512 2532 693 2621 composito
715 2529 881 2596 dumtaxat
901 2550 996 2597 rarae
1014 2544 1100 2606 sunt,

42 2629 211 2679 sumuntur
233 2612 266 2676 in
289 2634 384 2679 sensu
403 2613 517 2678 diviso.
541 2615 580 2679 Ε.
597 2634 644 2699 g„
665 2613 690 2677 si
707 2609 772 2676 duo
792 2622 823 2677 et
838 2614 913 2690 tria,
928 2633 1011 2697 quae
1026 2633 1100 2678 con·
1126 2665 1131 2673 .

43 2695 148 2761 iuncta
172 2696 306 2842 pariaque
326 2696 488 2772 efficiunt,
511 2696 657 2760 seiuncta
680 2694 863 2780 acceperis,
880 2693 955 2760 inde
978 2697 1100 2779 potoris

44 2798 153 2843 emere
198 2796 236 2839 oc
259 2777 431 2862 sophisma:
455 2778 541 2855 Duo,
564 2788 591 2841 ct
612 2778 674 2842 tria
695 2790 766 2843 suat
782 2778 879 2859 paria
900 2786 928 2840 ct
949 2777 1101 2860 imperim

42 2862 126 2955 appi
146 2860 282 2953 quiaque
304 2869 374 2923 suat
395 2860 477 2935 dua,
500 2868 527 2921 ct
549 2858 614 2922 tria
625 2882 638 2937 ,·
657 2876 727 2940 erpo
747 2860 884 2945 quiaque
900 2868 971 2923 suat
992 2862 1098 2943 paria,

41 2954 64 3003 tt
84 2960 237 3027 imparia.

240 3065 305 3118 tirr.
322 3066 452 3121 iii—iia
472 3069 641 3132 sophismatis
659 3072 732 3118 extra
752 3069 895 3119 dictionem

76 3181 127 3245 id.
151 3176 352 3261 Sophismata
365 3178 400 3242 ia
412 3200 455 3259 rc,
472 3179 538 3245 sive
553 3188 646 3243 caira
658 3180 832 3257 dictionem,
848 3190 938 3246 sunt:
955 3180 1098 3246 Fallacia

45 3261 217 3335 accidentis,
238 3260 393 3326 transitus
414 3282 434 3325 a
454 3260 537 3326 dicta
554 3261 720 3326 secuudum
736 3264 813 3351 quid
831 3264 872 3328 ad
892 3264 1009 3327 dictam
1023 3267 1100 3329 sim-

74 3486 83 3519 ¹
102 3484 274 3537 marran
292 3481 351 3532 iibri
368 3482 428 3539 dua,
449 3480 496 3529 iib.
516 3477 537 3538 i,
557 3484 639 3530 tract.
661 3476 680 3537 Ι,
700 3495 726 3531 a.
746 3480 774 3533 3.

73 3556 84 3593 ²
101 3554 159 3608 flac
177 3567 274 3620 muers
293 3553 494 3605 constructionis
512 3547 618 3616 Apulia,
638 3556 668 3601 ut
681 3551 777 3613 icatur,
790 3552 919 3619 Pyrrham
936 3553 1032 3604 deinsit
1045 3557 1097 3603 sci-

44 3632 188 3687 scitantem,
203 3641 267 3679 num
280 3626 378 3676 beiinrn
397 3621 520 3676 Romanis
533 3624 632 3675 interra
644 3626 761 3686 deborae
772 3629 811 3679 sta
828 3631 899 3679 enirn
911 3628 936 3678 ei
950 3627 1094 3691 respondit:

42 3704 86 3753 tto
103 3710 137 3764 tc,
157 3702 281 3761 Asuada,
301 3702 431 3755 samanar
448 3700 548 3752 atnam
563 3711 650 3765 posca.

1143 3880 1196 3883 ,
1230 3806 1237 3882 i
