2475 3909
168 159 226 224 132
562 167 761 220 cosuonocrs

127 263 259 325 omnino
283 267 473 346 repugnent.
498 257 584 342 Ergo
607 254 695 320 Deus
710 261 886 326 automata,
902 247 1012 334 qualia
1025 245 1178 312 Cartesius

131 343 253 408 belluas
275 364 343 408 esse
365 337 540 417 contendit,
564 337 704 402 condere
726 354 790 398 non
813 333 930 417 potuit.

199 469 267 522 Aur.
284 468 316 520 ll.
332 465 518 520 -Cuiusnam
538 465 636 528 speciei
655 465 707 511 rita
725 462 868 510 brutorum
887 461 936 518 sit,
957 460 1124 523 investigatur

177 585 229 654 911.
253 575 452 652 interillos,
475 571 530 657 qni
553 571 694 636 animam
723 571 826 635 inesse
848 568 953 635 brutis
975 580 1114 644 tuentur,
1134 587 1182 629 ne

133 690 185 734 mo
209 659 373 729 contendit
395 660 498 742 ipsam
520 674 587 718 esse
607 651 776 717 dumtaxat
792 655 1018 735 vegetativam,
1042 648 1095 715 sed
1116 668 1181 713 cum

131 767 243 818 omnes
277 743 417 808 enimam
451 736 627 803 belluinam
656 755 725 800 esse
753 735 949 820 principium
975 731 1181 817 vegetativum

131 834 305 905 fateantur,
328 825 448 920 acriter
469 818 647 914 disputant,
663 827 772 883 utrum
793 817 836 880 sit
849 816 1050 913 principium
1068 815 1182 880 dumta-

131 925 188 981 xat
211 933 246 981 ve
270 919 450 982 ctatrvum,
473 913 506 968 et
525 912 737 974 sensianum,
759 918 800 961 an
822 908 920 963 ettam
944 898 1180 964 intellectivam.

171 997 222 1064 95.
245 931 342 1077 drop.
368 986 414 1052 1⁸.
437 987 554 1052 Animo
575 982 738 1046 brutorum
760 991 803 1043 cst
825 980 973 1044 sensitiva
988 981 1011 1043 ¹.

174 1075 342 1144 Probatur.
365 1070 542 1136 Brutorum
564 1075 712 1130 anatome
744 1082 802 1126 nos
822 1060 935 1128 edocet
958 1060 1052 1128 bruta
1078 1056 1183 1124 iisdem

133 1161 297 1235 externis,
319 1155 519 1237 internisque
541 1149 672 1232 organis
699 1148 856 1212 instructa
883 1166 978 1220 esse,
1003 1164 1086 1230 quae
1108 1141 1183 1206 vitae

134 1243 306 1308 sensitivae
330 1235 466 1304 bominis
481 1253 556 1306 cum
570 1242 737 1304 externae,
751 1237 820 1295 tum
837 1230 980 1293 internae
1002 1224 1181 1292 inserviunt.

134 1326 232 1412 Atqui
256 1346 274 1384 «
296 1338 430 1404 organa,
452 1325 488 1380 ut
510 1316 589 1380 scite
612 1311 753 1377 advertit
767 1332 792 1374 s.
809 1308 956 1385 Thomas,
971 1321 1047 1377 sunt
1061 1317 1184 1406 propter

136 1405 319 1495 potentias²
344 1425 374 1463 u.
397 1401 484 1484 Ergo
516 1400 550 1463 in
573 1393 691 1460 belluis
720 1389 891 1458 facultates
917 1391 1076 1456 sentiendi
1108 1397 1183 1452 sunt.

174 1491 224 1556 96.
248 1489 441 1558 Praeterea,
463 1479 559 1546 bruta
581 1479 725 1544 actiones
749 1486 898 1552 exerunt,
920 1495 1003 1560 quae
1027 1470 1185 1537 facultates

60 1562 62 1570 ’
136 1568 293 1637 sentiendi
315 1561 530 1651 expostulant.
553 1561 641 1644 Ergo
663 1560 772 1624 anima
805 1556 977 1623 brutorum
1004 1568 1050 1623 est
1072 1551 1185 1618 sensiti-

137 1677 185 1718 ra.
209 1649 388 1718 Antecedeos
409 1643 612 1730 expositione
634 1640 860 1727 operationum
879 1637 1051 1704 brutorum
1065 1635 1187 1700 demon-

137 1745 255 1802 stratur
269 1735 291 1796 ⁸.
315 1732 357 1797 Et
377 1749 453 1792 sane
468 1726 507 1791 de
523 1721 775 1798 consationibus,
789 1741 873 1806 qnae
887 1720 1076 1786 referuntur
1090 1715 1185 1782 adres

137 1827 298 1891 externas,
319 1808 533 1877 dubitandum
555 1827 619 1872 non
641 1815 711 1881 est;
735 1801 859 1870 belluae
881 1803 970 1869 enim
992 1802 1062 1868 illas
1084 1817 1186 1885 opera-

137 1902 240 1966 tiones
261 1896 372 1970 edunt,
395 1913 480 1978 quae
501 1890 598 1967 visui,
621 1886 760 1964 auditui,
784 1887 904 1971 gustui,
928 1883 1091 1960 odoratui,
1107 1893 1138 1946 et
1150 1892 1188 1944 ta·

138 1983 204 2050 etui
230 1979 417 2047 tribuuntur
431 1975 456 2037 ⁸.
479 1970 573 2049 Quod
595 1982 704 2037 autem
724 1966 852 2033 belluae
874 1969 1072 2034 sensationes
1100 1982 1187 2032 suas,

137 2086 250 2130 earnm
275 2081 315 2125 ue
337 2055 532 2122 differentias
552 2052 702 2126 sentiant,
723 2071 766 2114 ex
786 2070 825 2113 eo
845 2050 1016 2126 evincitur,
1039 2045 1124 2132 quod
1147 2047 1187 2129 ip

139 2169 191 2213 sae
213 2083 308 2210 utilia
330 2162 347 2204 a
369 2138 475 2204 noxiis
497 2134 721 2201 discriminant
739 2133 764 2194 ⁸.
787 2129 1006 2197 Phantastieas
1028 2149 1107 2194 vero
1120 2146 1186 2210 ope

140 2231 284 2295 rationes
305 2245 324 2288 a
346 2219 448 2285 brutis
469 2217 614 2284 exerceri
637 2214 687 2280 vel
710 2212 777 2280 sola
799 2212 931 2278 illorum
945 2213 1070 2276 somnia
1093 2223 1185 2275 osten-

139 2312 219 2378 dunt
232 2311 256 2372 ⁸.
279 2304 429 2372 Actiones
452 2311 559 2365 autern
581 2298 757 2362 memoriae
779 2295 940 2359 censitione
962 2294 1054 2358 valde
1078 2290 1188 2379 perspi·

139 2415 219 2460 cuae
234 2393 268 2457 in
284 2389 363 2475 ipsis
377 2394 461 2449 sunt.
484 2407 501 2445 a
523 2380 728 2456 Memoriam,
744 2398 770 2440 s.
786 2379 986 2464 Augustinus
1002 2377 1120 2461 inquit,
1136 2392 1188 2437 non

178 2632 188 2668 ¹
208 2627 247 2682 Ex
266 2629 343 2677 buius
362 2621 547 2688 proposit²onir
560 2617 781 2668 demonstratione
801 2617 946 2667 sententiae
966 2612 1135 2668 Cartesianae
1153 2615 1189 2664 ab

142 2703 269 2756 normitas
288 2701 382 2762 magis,
404 2696 538 2758 uirgisque
558 2691 741 2741 continuatur.

178 2774 231 2830 ²l‚
251 2789 279 2837 q.
298 2766 439 2826 stituit,
461 2782 486 2816 a.
508 2765 523 2815 3
543 2779 568 2814 c.

179 2849 191 2886 ³
212 2846 240 2897 ln
259 2843 426 2896 recensendis
446 2842 486 2890 his
504 2836 702 2900 operationibus
721 2836 823 2897 agimus
847 2834 879 2883 de
898 2832 992 2885 belluis
1013 2835 1153 2897 perlectis,
1171 2833 1193 2877 in

142 2923 288 2990 quibusvis
302 2915 439 2972 sentiendi,
453 2916 581 2976 quariturn
598 2909 705 2958 iliarum
719 2913 811 2957 natura
827 2906 889 2965 ieri,
905 2913 957 2956 tota
971 2906 1113 2957 evolvitur.
1131 2904 1194 2955 Suet

142 2999 224 3058 emm,
244 2987 466 3055 quemadmodum
487 2985 596 3034 interius
616 2983 753 3033 dicemus.
774 2980 904 3042 quaedam
924 2983 1025 3042 speeies
1042 2979 1192 3030 brutorum,

141 3083 222 3136 qnae,
241 3078 303 3116 cum
323 3062 356 3111 ad
376 3063 478 3124 plantas
498 3057 614 3120 proxime
633 3053 782 3111 accedant,
804 3051 964 3115 proindeque
986 3052 1077 3103 inuno
1095 3048 1191 3101 sensiti-

141 3156 191 3193 rao
209 3140 279 3191 ritae
298 3134 380 3200 gradu
400 3131 535 3196 polleant,
557 3141 704 3192 perpaucas
727 3125 895 3189 operationes
918 3127 988 3174 ritae
1013 3125 1151 3176 sensitirae
1167 3133 1192 3168 e·

142 3217 261 3266 xercent.

180 3281 282 3339 11111.
305 3279 371 3342 sup.
393 3280 424 3328 ln
444 3279 536 3326 icona.
557 3289 580 3324 c.
603 3271 649 3330 11,
669 3275 748 3320 tract.
769 3266 841 3328 viti,
869 3282 897 3318 n.
917 3265 945 3318 2.
965 3266 1033 3334 Quin
1051 3271 1150 3325 etiam,
1167 3272 1189 3312 a*

143 3361 213 3414 idern
232 3361 339 3408 sanctus
354 3351 450 3402 Ductor
468 3347 579 3397 advertit
598 3338 649 3409 (Dc
668 3347 722 3394 Ciu.
736 3344 795 3398 oet,
815 3343 861 3391 uu.
874 3337 945 3397 Vlll,
959 3357 986 3391 c.
1003 3339 1058 3410 15),
1075 3329 1192 3391 nouanda

145 3433 223 3480 bruta
244 3432 269 3476 in
288 3427 376 3488 atiquo
395 3434 490 3486 genere
511 3419 717 3480 operationum,
736 3429 803 3479 quas
825 3414 962 3465 sensitiras
977 3415 1109 3473 dicimus,
1126 3423 1192 3461 erer-

144 3501 228 3552 cendo
246 3496 396 3547 bominibus
416 3497 491 3556 longe
510 3492 653 3541 excellunt.

182 3565 249 3619 i(li
266 3571 391 3631 oppam„
410 3579 437 3614 o.
457 3562 503 3622 111,
524 3578 549 3613 ι.
573 3563 598 3622 7,
620 3575 647 3624 p.
670 3557 731 3619 ¹22,
753 3559 807 3610 roi.
829 3556 850 3609 Ι.

182 3633 248 3690 ⁶Ci
263 3639 338 3693 ibid..
358 3651 383 3686 a.
405 3639 431 3693 8,
452 3651 478 3698 p.
503 3635 563 3683 111.
