2475 3909
118 137 181 201 att
530 148 708 196 tnaatonm

80 240 262 308 mittantur,
271 232 368 297 nullis
383 230 467 296 ideis
481 253 590 295 rernm
606 232 720 317 potiri.
734 232 828 309 Item,
843 232 993 320 exempla
1008 235 1149 307 afferunt

104 314 295 385 uornmdam
309 315 487 390 hominum,
508 312 565 399 qui
582 315 615 377 in
630 312 725 401 sylvis
740 316 959 382 enutriuntur.
973 322 1031 383 Ast
1046 324 1150 386 scien-

79 340 161 467 dum
181 411 229 468 est
254 418 363 461 omnes
389 397 562 462 hodiernos
587 401 787 463 institutores
813 398 1091 467 surdo-mutorum
1116 406 1150 468 in

81 506 121 549 eo
142 482 337 556 convenire,
358 480 445 564 quod
472 477 693 556 surdo-muti,
715 481 744 545 si
766 484 843 545 satis
864 484 977 547 aetatis
997 483 1149 560 habeant,

78 578 112 631 et
133 564 221 630 nullo
244 564 324 628 vitio
346 560 501 647 organico
527 565 673 658 corporis
699 560 869 657 laborent,
899 584 963 629 non
991 566 1149 633 mediocri

81 651 176 735 copia
190 655 401 728 conceptuum
423 655 456 709 et
477 655 700 728 cognitionum
717 655 890 710 instructos
906 647 1057 723 inveniri,
1071 664 1147 713 oum

81 730 195 794 domos
215 727 417 793 educationis
436 724 674 810 ingrediuntur.
692 724 739 801 Id,
756 741 883 810 praeter
897 730 1027 807 multos,
1044 752 1150 816 nuper

82 812 222 878 ostendit
242 810 282 875 ci.
306 809 472 874 institutor
498 806 775 873 surdo-mutorum
797 809 956 887 Berthier,
979 814 1050 896 qui,
1074 833 1151 877 cum

83 905 115 961 ei
136 897 205 979 ipse
226 890 447 957 surdo-mutus
468 892 526 967 sit,
550 912 700 974 magnam
721 891 779 955 hac
801 892 833 954 in
856 897 1075 959 controversia
1094 918 1152 960 au-

83 982 266 1043 ctoritatem
285 972 381 1039 habet
393 976 416 1036 ¹.
438 972 553 1050 Quoad
575 972 720 1036 homines
737 974 768 1036 in
783 974 881 1060 sylvis
896 978 1066 1054 enutritos,
1084 978 1151 1041 iam

84 1060 269 1124 §.Thomas
297 1066 406 1139 aperie
431 1054 544 1119 docuit
569 1053 755 1119 huiusmodi
784 1056 930 1121 homines
955 1062 1089 1123 nutritor
1115 1062 1152 1125 in

84 1143 193 1225 sylvis,
217 1140 264 1203 oei
285 1142 367 1205 inter
388 1141 477 1222 topos
492 1158 578 1219 posse
601 1136 688 1221 sequi
709 1137 837 1202 ductum
850 1142 984 1206 rationis
1007 1142 1041 1205 in
1061 1162 1154 1227 oppe-

85 1228 146 1289 tita
167 1223 248 1300 doni,
272 1235 299 1285 et
320 1221 393 1304 [opo
414 1220 526 1285 modi&
551 1216 708 1303 Exempla
732 1230 952 1307 actamquae
975 1223 1016 1287 ab
1038 1225 1155 1289 adver·

85 1305 180 1371 sariis
194 1308 383 1381 afferuntur,
400 1303 481 1369 nihii
499 1322 559 1388 pro
573 1321 688 1366 eorum
704 1304 862 1369 sententia
879 1306 1016 1389 probare
1031 1308 1151 1383 vaient;

85 1412 159 1454 nam
182 1400 238 1456 aut
261 1408 371 1453 merae
394 1384 531 1451 iabciiae
558 1393 654 1459 sunt,
683 1395 716 1450 et
741 1387 868 1451 nonnisi
897 1408 997 1453 unum
1024 1399 1151 1466 testem,

85 1494 160 1537 eum
186 1494 226 1537 ue
248 1482 408 1540 remotum
431 1467 588 1541 habent³‚
610 1465 660 1529 vel
684 1476 770 1531 certe
793 1489 855 1533 non
878 1470 1082 1555 suppeditant
1096 1494 1155 1536 no-

85 1552 137 1704 lstis
160 1494 215 1676 flia
237 1554 401 1629 adiuncta,
415 1549 535 1634 quibus
549 1548 589 1612 ad
605 1550 822 1633 quaestionem
837 1549 1052 1617 dirimendam
1068 1576 1153 1641 opus

102 1647 171 1701 oret
201 1686 207 1699 .

339 1738 405 1793 der.
424 1736 711 1802 tit-[teortgtne
731 1741 900 1791 sermonis

126 1854 177 1921 83.
200 1850 373 1917 Coronidis
394 1847 467 1914 loco
489 1846 712 1931 quaestionem
727 1846 766 1913 de
782 1848 908 1933 origine
923 1851 1082 1917 sermonis
1104 1853 1155 1917 iu-

86 1954 187 2004 nuere
209 1955 268 2019 par
289 1933 371 1998 est⁵.

128 2016 161 2083 1ο
183 2017 347 2084 Sententia
367 2010 667 2088 Rationalistarum‚
682 2013 739 2095 qui
755 2013 954 2080 contendunt
970 2036 1154 2080 sermonem

88 2102 120 2170 in
142 2101 269 2166 homine
292 2107 404 2182 sponte
427 2115 484 2158 sua
506 2093 729 2158 exsurrexisse
741 2095 766 2171 ⁸,
782 2094 915 2161 omnino
937 2096 1076 2163 absurda
1091 2108 1151 2173 est,

126 2254 136 2293 ¹
155 2253 216 2307 Vid.
237 2255 295 2303 cius
314 2252 484 2314 opusculum,
499 2252 551 2303 Sur
566 2252 697 2313 i’opinton
710 2254 744 2301 du
759 2255 798 2302 Dr
810 2254 905 2303 Stuord
917 2258 982 2311 etc,
999 2252 1154 2316 Risotution,

88 2327 162 2379 Paris
183 2326 263 2377 1852.
289 2322 344 2374 Non
370 2337 455 2385 pauca
479 2327 600 2385 exempta
624 2324 853 2374 surdo-mutorum
879 2324 929 2375 hoc
955 2325 1157 2389 comprobantia

88 2403 212 2465 teguntur
230 2398 298 2461 apud
319 2393 753 2463 Degcrandum(1toi’dduoctioa
777 2398 821 2447 dar
847 2400 1051 2455 acarde-murts,
1081 2397 1155 2448 Paris

91 2474 193 2541 tuat),
213 2468 358 2523 Cortonam
383 2466 484 2537 (Nattae
502 2484 548 2518 rur
566 2470 695 2533 iooeupie
720 2471 915 2521 morde-murto
934 2474 1008 2521 Anne
1028 2472 1156 2521 Temmer-

88 2562 174 2603 mans,
196 2541 268 2595 Gand
290 2538 382 2608 1843),
399 2547 427 2591 ct
446 2538 592 2593 Bourmum
606 2537 830 2609 (bernoartrction
849 2545 893 2593 dat
910 2543 1061 2605 tondentem
1079 2545 1109 2593 dr
1129 2543 1157 2594 iu

88 2622 137 2682 foi,
159 2617 270 2667 iiaiinos
291 2613 383 2683 1845).

127 2692 138 2727 ²
159 2692 207 2755 Qq.
228 2692 323 2751 dispo,
347 2692 386 2739 Ite
412 2690 483 2745 Ver„
503 2701 531 2751 q.
551 2682 624 2743 XIV,
645 2702 671 2737 a,
695 2687 723 2735 tt
746 2687 778 2737 ad
801 2687 825 2737 i.

125 2763 136 2798 ³
157 2760 310 2811 Huiusmodi
330 2766 370 2811 est
387 2762 506 2808 narratio
526 2756 649 2808 Herodoti
668 2754 750 2827 (Hirr.
772 2760 816 2811 tib.
838 2757 872 2818 ΙΙ,
892 2776 918 2811 c.
939 2758 968 2825 Ξ)
987 2761 1018 2809 do
1038 2761 1155 2824 quodam

91 2836 201 2892 infante,
222 2847 301 2897 quern
322 2832 512 2883 Psammeticus
526 2846 571 2881 rex
585 2829 774 2895 Aegyptiorum
789 2833 825 2881 iia
838 2834 1026 2885 enutriendum
1039 2834 1155 2891 curarit,

91 2916 120 2958 ut
139 2908 238 2956 nuiiius
257 2906 370 2954 hominis
389 2919 482 2955 rocam
501 2905 616 2953 audiret.

126 2978 139 3013 ⁴
158 2978 186 3029 id
205 2982 278 3028 certe
297 2977 439 3027 dicendum
458 2981 500 3026 est
518 2977 550 3026 dc
570 2978 676 3039 triginta
697 2976 844 3037 insaniatis,
859 2990 925 3041 qnos
938 2974 1053 3036 dicebar,
1070 2976 1159 3039 impe·

91 3058 165 3103 rator
182 3048 331 3113 uotorum,
351 3051 444 3113 procui
462 3048 496 3098 ab
515 3048 587 3098 ornni
606 3049 745 3098 hominum
763 3052 897 3100 consortio
916 3051 1067 3101 educandos
1079 3058 1159 3100 enra-

92 3128 139 3176 rit.
160 3119 197 3178 Cf
211 3120 341 3185 Jttvcncy,
363 3124 434 3173 Hirr.
453 3123 512 3173 Soc.
535 3123 596 3179 irc,
616 3135 678 3183 pars
697 3119 731 3180 V,
752 3121 799 3171 iib.
821 3120 916 3176 xvut.

128 3200 139 3235 ⁵
158 3195 231 3246 Haec
249 3196 368 3257 quaestio
387 3207 449 3245 cum
468 3195 661 3257 sitammam
680 3200 757 3245 antea
777 3197 1080 3259 excommunionem
1094 3208 1160 3246 con-

92 3272 230 3321 nexionem
245 3281 296 3317 non
311 3268 399 3317 hebet.
414 3263 521 3320 Etenim
535 3265 602 3317 haec
615 3268 678 3325 duo.
694 3281 789 3331 nempe
804 3268 940 3319 hominum
957 3269 1159 3331 intelligentiam

93 3356 171 3405 posse
188 3340 385 3405 quodammodo
405 3340 461 3390 sine
480 3342 609 3390 sermonis
632 3340 729 3389 attritio
754 3340 858 3401 evolvi,
885 3340 1017 3404 simulque
1038 3342 1160 3391 homines

92 3429 146 3465 non
164 3409 240 3477 posse
259 3413 357 3463 viribus
372 3412 434 3464 suis
448 3411 579 3462 conficere.
599 3412 664 3461 iiiud
685 3413 798 3463 maxime
811 3415 944 3478 egregium
965 3428 1041 3476 opus,
1063 3426 1159 3476 nempe

92 3487 223 3539 sermonis
241 3485 431 3543 inventionem,
450 3496 541 3535 securo
561 3498 613 3535 non
634 3492 761 3549 pugnant.

129 3560 141 3596 ⁶
160 3556 234 3609 Hanc
253 3560 411 3611 seutentiam
429 3559 584 3620 nuperrime
604 3560 779 3621 propugnavit
798 3555 904 3619 Bonan,
928 3560 964 3609 De
983 3560 1105 3621 i’oript'ne
1124 3560 1160 3608 du

93 3637 210 3699 tenpupe,
231 3644 257 3681 c,
275 3626 336 3681 xil.
