2475 3909
521 176 721 228 cusnoroera
1050 161 1111 228 195

124 256 159 324 2⁰
181 257 360 336 Qualitatcs
387 257 612 336 secundariae,
636 262 661 325 si
685 269 870 347 spectentur
889 259 1030 340 relative,
1053 272 1151 348 prout

82 341 216 408 sensiles
237 355 333 418 sunt,
363 363 476 427 nempe
505 353 601 438 prout
628 364 645 407 a
673 363 768 409 sensu
795 344 1048 429 percipiuntur,
1071 347 1151 430 ipsis

83 423 351 520 perceptionibus
372 423 579 488 sensibilibus
595 424 718 491 similes
732 436 817 504 sunt;
832 445 905 490 nam
928 426 961 489 in
982 439 1056 493 actu
1076 447 1149 491 sen·

83 510 218 573 sationis
241 503 333 584 illud,
361 505 449 592 quod
471 508 676 596 percipitur,
697 507 733 573 lit
756 530 814 602 per
835 508 973 596 speeiem
997 508 1150 574 sensilem

84 610 200 662 unum,
224 586 375 673 idemque
396 609 470 658 cum
496 590 565 675 ipso
586 609 680 653 sensu
696 589 719 653 ¹.

125 668 159 736 3⁰
182 670 269 739 luter
290 672 460 754 qualitates
489 670 695 742 secundarlas
721 681 876 763 spectatas
898 668 1068 750 absolute,
1089 672 1150 737 hoo

83 765 133 818 est
155 765 253 838 prout
274 765 348 818 sunt
370 755 402 817 in
425 753 562 837 seipsis,
588 761 684 898 atpue
713 752 979 839 impressionem,
1001 774 1099 838 quam
1123 755 1151 817 i-

84 855 162 922 psae
185 835 218 898 in
241 856 278 900 or
301 855 360 899 ana
386 836 528 904 sensoria
555 855 614 922 pro
639 845 760 912 iteum¹
781 833 941 920 quaedam
968 834 1150 900 similitudo

85 916 237 981 existit².
292 919 438 982 nimrero
464 926 664 1014 compertum
684 930 733 982 est
753 916 922 1002 qualitates
943 917 1151 991 secundarlas

85 1020 103 1063 o
126 1018 262 1083 corpore
284 999 415 1064 animali
438 999 546 1084 excipi
562 1018 601 1064 eo
621 998 727 1075 modo,
742 1020 807 1086 quo
830 1020 848 1062 a
869 999 1061 1084 corporibus
1082 1002 1151 1064 ina-

85 1081 186 1146 nimis
206 1081 425 1166 excipiuntur,
448 1102 521 1145 eum
543 1079 584 1145 ab
606 1101 671 1146 uno
697 1080 736 1145 ad
758 1079 849 1146 aliud
876 1084 1147 1148 transmittuntur.

84 1161 128 1228 Ut
149 1163 207 1228 hoc
234 1163 344 1260 aliquo
369 1163 520 1250 exemplo
548 1162 771 1241 illustremus,
795 1184 890 1229 nemo
912 1173 998 1229 certe
1019 1163 1151 1248 negabit

85 1245 264 1310 calaricum
286 1267 319 1310 rn
341 1266 475 1332 corpure
500 1244 634 1309 animali
656 1266 741 1325 esse,
762 1245 790 1309 si
812 1245 1026 1311 materialiter
1045 1246 1149 1310 oensis

84 1328 230 1405 deretur,
254 1325 288 1391 id
310 1328 429 1414 ipsum,
451 1326 537 1413 quod
559 1327 661 1392 estin
683 1325 977 1413 quolibetcorpore
992 1329 1149 1392 inanimo.

85 1411 136 1476 Re
158 1429 247 1484 rora,
269 1430 343 1473 cum
366 1431 496 1474 manum
524 1409 593 1497 igni
616 1407 836 1482 admovemus,
881 1409 970 1475 rooul
994 1407 1096 1474 dnbio
1118 1418 1151 1475 et

85 1492 227 1557 calorem
249 1492 282 1555 in
306 1493 314 1556 i
342 1513 374 1556 sa
401 1491 578 1567 sentimus,
601 1491 768 1579 ipsamque
789 1493 817 1558 si
840 1429 939 1558 allero
961 1511 1058 1555 manu
1082 1502 1150 1565 tan-

87 1595 225 1662 gamus,
248 1511 384 1638 salibam
411 1575 625 1659 experimur,
646 1573 779 1660 perinde
801 1593 838 1639 ac
858 1571 999 1639 ealidum
1022 1575 1149 1656 experi-

86 1677 163 1721 mur
185 1657 326 1741 lignum,
347 1669 404 1722 aut
424 1655 548 1720 serrum
571 1653 678 1720 eidem
701 1658 821 1723 actioni
844 1655 931 1740 ignis
951 1654 1145 1720 subiectum.

85 1737 183 1816 Quod
198 1737 330 1825 quidem
345 1751 434 1806 certo
455 1749 646 1822 argumento
668 1752 716 1813 est
730 1759 860 1808 manum
875 1737 1081 1824 esqualitate
1096 1757 1149 1800 or-

85 1825 172 1899 nari,
194 1823 287 1886 euius
310 1821 413 1906 gratia
435 1840 571 1905 corpora
591 1820 697 1884 calida
717 1833 885 1891 vocantur.

128 1903 164 1970 4⁰
186 1905 273 1969 luter
287 1903 458 1987 qualitates
479 1900 682 1966 secundarlas
704 1902 849 1970 absolute
871 1909 1037 1988 spectatas,
1054 1908 1087 1965 et
1099 1919 1153 1964 ea-

85 2007 163 2052 rum
185 1985 457 2073 apprehensiones
478 1982 668 2049 sensibiles³
688 2007 751 2050 non
772 1985 884 2061 existit
904 1979 1083 2060 similitudo
1096 2001 1152 2049 tte·

87 2084 190 2144 turae,
206 2069 261 2134 sed
285 2079 409 2133 tantum
431 2064 613 2131 similitudo
631 2067 933 2152 repraesentationis.
947 2065 1020 2131 Non
1041 2063 1154 2129 existit

86 2153 222 2239 quidem
249 2147 429 2217 similitudo
455 2157 608 2227 naturae,
631 2151 710 2234 quia
735 2149 907 2235 qualitates
927 2144 1150 2224 secundariae,

86 2244 188 2321 prout
207 2244 281 2299 sunt
301 2231 334 2295 in
356 2230 486 2316 seipsis,
508 2229 689 2376 ppidquam
709 2251 904 2318 corporeum
924 2229 988 2292 sint
1009 2235 1150 2324 oportet,

88 2317 168 2382 dum
190 2338 208 2380 e
230 2311 392 2380 contrariu
421 2332 521 2398 appre
544 2333 691 2378 eustones
712 2313 896 2390 sensibiles,
923 2330 996 2375 cum
1018 2318 1083 2374 sint
1104 2307 1152 2374 ai·

88 2399 246 2464 sectiones
262 2393 398 2462 subiecti
422 2397 512 2459 ineor
537 2395 618 2469 orei,
635 2394 845 2482 incorporeae
867 2392 1048 2458 necessario
1063 2402 1149 2458 sunt.

87 2481 213 2548 Existit
233 2490 339 2544 autem
362 2477 496 2541 similitu
522 2497 541 2540 o
562 2478 864 2561 repraesentationis,
878 2476 956 2562 quia
978 2474 1151 2559 qualitates

88 2561 298 2630 secundariae
325 2558 363 2625 ad
392 2558 660 2643 apprehensiones
693 2560 744 2624 sui
767 2558 952 2634 inanima,
985 2565 1152 2641 tamquam

87 2665 206 2712 causae
221 2644 405 2717 efficientes,
420 2650 629 2715 concurrunt,
651 2661 688 2704 ae
711 2640 847 2729 proinde
866 2639 925 2722 hae
947 2632 988 2701 ad
1010 2637 1083 2702 illes
1097 2656 1153 2702 ne·

86 2727 233 2795 cessario
254 2723 451 2799 referuntur,
472 2722 606 2806 illasque
628 2735 870 2808 repraesentare
892 2716 1011 2784 debent
1024 2720 1048 2780 ⁴.

129 2810 181 2884 74.
206 2811 256 2875 Ex
278 2806 327 2871 his
348 2805 501 2891 colligere
527 2805 602 2870 licet
624 2802 657 2868 1l
679 2806 851 2891 qualitates
877 2799 1031 2876 sensiles,
1053 2811 1153 2885 prout

87 2892 251 2959 inanimo
273 2896 381 2952 nostro
403 2887 488 2973 ipsas
509 2886 712 2972 experimur,
734 2888 761 2952 si
785 2907 848 2952 non
869 2892 943 2949 sunt
963 2892 1047 2955 ectu,
1062 2893 1151 2960 certo

87 2994 159 3041 esse
178 2969 314 3056 potentin
336 2970 370 3033 in
391 2967 597 3054 corporibus,
619 2967 659 3033 ad
682 2991 765 3056 quae
785 2966 995 3041 referuntur;
1017 2964 1095 3062 quia
1118 2962 1153 3028 in

87 3059 141 3123 eis
161 3065 210 3120 est
232 3048 371 3136 aliquid,
394 3049 481 3136 quod
504 3051 570 3116 vim
592 3050 781 3118 habet'illas
803 3044 1001 3138 producendi
1025 3067 1059 3110 ιιι
1081 3066 1152 3118 cor-

124 3296 135 3332 ¹
158 3289 194 3344 Cl
208 3306 230 3342 s.
251 3288 357 3348 Thous„
379 3293 409 3340 lu
428 3289 473 3352 itt.
494 3292 519 3340 Il
538 3291 574 3340 Dr
593 3287 659 3346 Am,
679 3287 743 3352 lect.
764 3289 825 3344 llll.
1100 3311 1107 3322 -

124 3365 138 3404 ²
157 3361 192 3416 Ci
209 3379 231 3414 s.
252 3360 357 3423 Thom,
381 3364 409 3412 ln
423 3363 467 3412 lib.
489 3364 527 3412 W
544 3363 615 3413 Saot.
636 3359 702 3412 bist.
724 3360 816 3423 xilv,
830 3379 858 3428 q.
873 3362 907 3426 ll,
928 3378 954 3416 a.
970 3365 997 3426 l,
1018 3367 1067 3417 sol.
1088 3365 1104 3427 3
1124 3381 1151 3418 c.

126 3437 138 3476 ⁸
157 3435 267 3489 Nomine
280 3435 496 3499 apprehensionis
509 3433 639 3485 sensibilis
652 3434 814 3499 significatur
832 3439 913 3496 actio,
924 3451 976 3501 qua
990 3451 1082 3489 sensus
1097 3453 1153 3491 rem

78 3513 223 3564 obiectam
243 3509 460 3574 apprehendunt,
481 3513 507 3557 et
527 3507 592 3556 haee
611 3506 781 3572 distinguitur
798 3510 831 3561 ab
852 3511 1038 3562 immutatione
1057 3526 1154 3576 corpo.

86 3588 136 3644 ris,
157 3597 202 3634 seu
223 3583 255 3632 ab
275 3583 457 3645 impressione,
477 3593 557 3644 quam
576 3591 618 3628 res
637 3580 739 3637 obiecta
760 3584 786 3646 in
805 3595 903 3656 organo
922 3584 1055 3649 producit..

126 3657 138 3693 ⁵
159 3653 331 3720 Cibyram„
351 3668 377 3704 e.
401 3650 433 3704 lll
454 3653 552 3714 passim
571 3652 625 3700 rol.
647 3649 668 3701 l.
925 3655 928 3663 '
