2475 3909
147 150 210 215 atu
441 165 627 211 ruaocoorx
658 166 845 214 narrastis

149 251 198 315 18.
222 248 300 322 Nos,
324 246 403 309 ins.
428 245 569 309 Thomae
591 251 785 313 sententiam
801 250 810 287 ⁴
828 246 1057 327 concedentes,
1082 269 1184 333 argu·

106 343 214 395 mento
234 353 254 392 o
274 328 458 392 aimultoueo
481 349 539 411 pro
561 332 733 395 existentia
756 331 842 407 Dei,
865 352 1073 429 quacumque
1096 332 1182 397 illud

105 413 230 478 ratione
260 425 482 496 proponatur,
512 410 634 475 nullam
666 414 730 476 rim
756 414 1042 479 demonstrationis
1071 414 1180 479 inesse

106 498 343 561 existimamus.
367 494 542 559 Enimvero
570 496 643 557 eius
670 494 852 561 adsertores
880 517 943 559 non
971 496 1183 579 distinguunt

107 576 152 652 id,
176 576 262 664 quod
283 584 370 639 extat
394 576 426 637 in
449 573 627 651 intellectu,
651 576 691 640 ab
714 598 765 655 eo,
787 577 874 661 quod
898 590 987 644 extat
1009 581 1043 643 in
1067 599 1182 643 rerum

106 673 234 735 natura,
249 661 309 724 hoc
331 670 390 731 est,
409 668 442 720 ut
464 658 597 721 Scholae
620 660 723 733 aiunt,
748 662 956 725 existentiam
978 684 997 723 u
1015 671 1111 744 purte
1134 664 1183 725 iu-

104 744 240 806 tellectus
255 741 295 805 ab
318 740 491 805 existentia
507 754 627 823 oporte
650 743 706 805 rei.
724 744 807 807 Sane
831 744 864 807 in
886 742 959 807 idea
976 744 1071 808 Entis
1088 764 1180 805 surn-

107 847 157 889 me
181 824 315 912 perlecti
338 824 509 886 existentia
533 833 655 885 tantum
679 822 795 888 idealis
817 826 1016 900 continetur3
1042 827 1179 909 quocir-

104 930 165 983 ca,
188 909 214 972 si
237 929 279 969 ex
303 909 371 990 ipsa
396 901 472 967 velit
495 904 590 966 realis
614 904 693 967 Eius
716 908 889 971 existentia
914 904 1055 982 inlerri,
1082 927 1183 991 argu-

107 1002 249 1054 mentum
272 986 464 1058 coniicitur,
489 986 519 1048 in
543 1007 607 1069 quo
630 988 795 1053 conclusio
819 989 937 1061 latius,
960 1010 1061 1072 quam
1112 1009 1181 1053 rae-

108 1074 235 1144 missac,
253 1081 351 1154 patet,
372 1066 523 1152 quodque
549 1070 581 1130 in
603 1068 765 1153 sophisma
787 1070 938 1133 transitus
958 1070 996 1133 ul
1022 1009 1181 1133 tueltecro

104 1154 144 1217 od
175 1174 240 1216 reru
275 1149 472 1236 appellatum
501 1148 627 1215 incidit.
653 1150 687 1212 ld
722 1153 753 1215 in
787 1151 892 1217 tribus
914 1155 1098 1238 propositis
1133 1173 1183 1216 ar-

108 1235 268 1320 gumentis
290 1232 463 1297 ohservare
485 1232 605 1315 cuique
630 1232 905 1299 licetEtenim1⁰
930 1237 961 1299 iu
985 1245 1181 1319 argumento

107 1317 306 1381 anselmiano
329 1334 436 1388 exeo,
453 1312 537 1397 quod
553 1314 736 1397 cogitamus
752 1318 827 1393 Eos,
848 1335 913 1399 quo
929 1314 1056 1380 nullum
1074 1319 1184 1381 maius

108 1420 177 1465 esse
201 1409 317 1484 potest,
340 1409 437 1481 atque
460 1416 574 1468 exeo,
596 1394 684 1477 quod
709 1396 806 1473 illud,
829 1396 917 1482 quod
939 1401 1055 1464 existit
1077 1400 1113 1463 iu
1137 1401 1184 1463 in-

107 1482 258 1557 tellectu,
283 1490 315 1543 et
340 1482 371 1543 in
395 1498 504 1542 rerunt
528 1488 661 1553 natura,
686 1480 791 1541 innius
814 1492 934 1557 coest,
957 1480 1046 1577 quod
1069 1482 1183 1545 existit

108 1576 233 1630 tantum
250 1566 284 1627 in
301 1560 480 1635 intellectu,
496 1557 573 1621 liaec
588 1560 755 1624 conclusio
778 1559 948 1627 dumtaxat
970 1560 1090 1627 rulcrri
1109 1566 1182 1628 iure

112 1656 233 1729 potest:
250 1665 310 1707 nou
330 1664 417 1727 posse
437 1641 570 1723 copr'tori
584 1638 652 1703 Eas
674 1663 792 1705 stimme
812 1647 995 1729 perfectum,
1011 1647 1091 1729 puin
1105 1656 1185 1708 tons-

112 1730 201 1790 'uom
222 1726 326 1811 reipsa
346 1728 481 1789 existens·
500 1723 668 1804 copitrtur3
695 1724 735 1789 ita
760 1735 796 1788 ut
819 1726 1020 1809 probandum
1051 1739 1186 1792 maneat

107 1750 168 1873 doe
191 1810 282 1882 Em,
307 1807 393 1893 quod
417 1829 434 1870 a
457 1804 550 1869 nobis
573 1816 737 1887 tanlquam
758 1807 866 1891 reipsa
888 1811 1032 1874 existens
1057 1810 1184 1893 cogita-

111 1903 175 1964 tur,
198 1901 290 1955 extra
314 1901 458 1954 nostrum
483 1885 680 1953 intellectum
702 1890 854 1953 existere.

145 1972 180 2035 2⁰
202 1972 297 2049 Quod
320 1981 443 2057 spectat
465 1968 504 2033 ad
528 1978 753 2049 argumentum
782 1970 942 2043 Cartesii,
967 1971 1185 2055 quemadmo-

106 2052 184 2117 dum
207 2056 233 2117 si
256 2054 328 2138 quis
350 2052 471 2117 diceret
495 2055 527 2115 in
544 2051 616 2114 idea
632 2050 743 2134 Pegasi
769 2051 903 2137 perlecti
928 2056 1092 2119 contineri
1120 2076 1182 2117 non

107 2146 231 2199 tantum
255 2134 486 2220 perfectionem
511 2132 627 2204 illam,
650 2132 737 2216 quod
760 2134 801 2200 sit
823 2156 926 2219 equus
949 2137 1015 2200 alas
1039 2137 1181 2210 habens,

106 2216 283 2282 sedetiam
306 2216 422 2293 illam,
445 2214 530 2299 quod
554 2213 699 2287 existat,
722 2236 784 2280 non
810 2229 981 2363 propterea
1004 2219 1180 2304 colligitur

106 2299 264 2384 Pegasum
285 2297 405 2362 habere
428 2298 547 2361 realem
571 2296 796 2373 existentiam,
817 2310 858 2363 rta
889 2302 951 2364 icet
972 2302 1100 2384 cogites
1116 2302 1180 2365 Ens

105 2401 234 2446 omnem
264 2379 524 2463 perlectionem,
548 2398 585 2441 ac
607 2376 744 2459 proinde
768 2382 867 2444 etiam
889 2382 1102 2447 existentiam
1136 2383 1181 2445 in-

106 2463 251 2536 cludens,
275 2482 337 2525 non
360 2459 495 2546 proinde
517 2460 666 2543 sequitur
693 2462 799 2547 reipsa
825 2461 903 2525 illud
927 2464 1094 2537 existere,
1121 2465 1182 2528 uisi

105 2543 236 2611 aliunde
255 2541 371 2629 probes
387 2563 450 2606 non
465 2543 534 2605 solo
551 2542 668 2604 mentis
682 2553 840 2628 conceptu
862 2546 1071 2609 existentiam
1092 2544 1182 2609 illam

105 2624 350 2711 comprehendi,
366 2624 535 2689 sed·extra
560 2622 758 2689 intellectum
782 2625 900 2711 reipsa
923 2626 1072 2711 reperiri.
1093 2626 1181 2704 Quo·

105 2709 192 2771 circa
216 2705 295 2772 illud
318 2705 535 2772 cortesianum
558 2706 772 2801 principium:
787 2707 877 2783 Quod
897 2709 992 2785 clare,
1009 2720 1037 2772 et
1062 2708 1183 2772 distin-

106 2801 151 2852 ete
171 2789 548 2953 intellipimusffipertirure
568 2786 609 2849 ud
631 2788 770 2933 olapuum
792 2809 879 2864 rem,
903 2792 937 2854 id
958 2790 993 2854 de
1016 2790 1127 2853 eodem
1151 2812 1182 2853 re

104 2892 176 2935 cum
199 2872 327 2934 caritate
350 2894 368 2935 u
401 2872 569 2933 rutundum
591 2876 657 2945 est,
704 2891 764 2947 oc,
788 2870 948 2957 inquam,
974 2872 1181 2957 principium

105 2975 221 3018 verum
241 2961 290 3016 est
310 2950 350 3015 de
374 2974 422 3029 re,
438 2953 528 3033 utia
552 2948 643 3014 nobis
665 2950 859 3035 coneipitur,
876 2955 957 3032 sire,
974 2954 1023 3019 uti
1047 2954 1089 3017 ab
1108 2953 1180 3019 idea

105 3048 214 3102 nostra
237 3045 510 3118 repraesentatur,
536 3053 598 3094 non
623 3030 661 3097 de
685 3044 825 3111 natura,
848 3055 945 3119 quam
967 3048 1061 3101 extra
1086 3036 1180 3101 intel-

106 3118 224 3183 lectum
245 3114 352 3181 habet·
375 3115 456 3179 Cum
480 3125 589 3179 autern
610 3136 653 3177 ex
674 3136 736 3191 eo,
760 3115 846 3200 quod
869 3128 917 3182 est
940 3117 972 3180 in
996 3128 1110 3183 nostro
1135 3122 1180 3183 ia·

106 3200 262 3274 tellecta,
285 3194 323 3259 ad
347 3216 417 3260 rem
441 3198 570 3282 ipsam,
595 3199 641 3261 uti
669 3198 700 3259 in
724 3216 757 3261 se
780 3209 840 3276 est,
865 3197 1001 3283 gradum
1025 3196 1176 3273 facimus,

106 3292 174 3345 tum
197 3284 231 3345 in
248 3276 498 3363 paralogismum
524 3279 734 3355 incurrimus,
750 3286 825 3363 quia
846 3300 888 3343 ex
911 3290 996 3346 statu
1019 3279 1123 3345 ideali
1146 3282 1177 3345 in

104 3372 223 3424 statum
248 3360 369 3421 realem
390 3358 587 3441 egredimur.

145 3438 178 3502 3⁰
202 3438 291 3501 Idem
315 3437 355 3501 de
377 3436 532 3503 Leilmitii
557 3451 747 3524 argumento
781 3440 954 3509 dicendum
979 3454 1039 3508 est.
1065 3444 1118 3510 Ex
1139 3464 1174 3507 eo

464 3566 783 3583 -.n—nn*—

144 3638 150 3671 ¹
175 3634 193 3692 l,
216 3653 241 3699 q.
268 3638 298 3695 ll,
319 3655 345 3688 a.
370 3645 378 3689 l
403 3642 434 3688 ad
456 3638 481 3697 ᾖ,
504 3642 590 3687 suurn.
613 3642 699 3699 Geni„
721 3642 766 3691 lib.
790 3640 810 3701 l,
831 3656 856 3691 c.
882 3644 924 3694 ll.
