2475 3909
436 264 793 386 iiiiiitii

119 635 150 703 1.
173 611 229 702 Ad
250 634 279 700 D
302 635 525 723 namiiogiam,
546 643 584 700 ut
605 634 751 703 diximus
778 636 812 701 in
834 638 958 707 lotroci.
981 639 1021 704 od
1042 636 1151 703 Phiio-

73 720 220 804 sophiam
236 718 262 794 ¹,
276 656 447 803 imaioqia,
466 727 499 784 ei
514 718 739 802 Criterioioqia
759 717 858 784 etiam
872 729 1028 808 spectant.
1044 720 1096 788 Ex
1109 721 1152 786 iis

75 806 188 881 enim,
210 822 295 887 quae
317 802 406 867 circa
432 809 599 875 naturam,
623 799 803 875 obiectum,
825 808 858 865 ei
878 803 1082 888 operationes
1102 800 1151 866 ia·

75 883 239 949 enitatum
253 884 381 949 animae
402 881 561 948 humanae
582 892 701 949 statuta
723 891 808 961 sunt,
828 884 918 949 nuiio
941 905 979 949 ne
1004 885 1072 949 otio
1088 883 1152 948 coi-

75 964 214 1049 ligitur,
239 963 273 1029 10
294 963 459 1063 quomodo
479 964 625 1049 cognitio
650 964 789 1030 humana
811 985 870 1050 per
890 964 962 1032 iiias
983 904 1152 1032 iacuitates

76 1045 261 1125 evolvatur,
284 1067 351 1113 save
372 1044 537 1132 quomodo
563 1046 763 1129 cognitionis
786 1046 948 1113 humanae
974 1049 1025 1114 ori
1049 1068 1069 1113 o
1095 1067 1152 1112 ex-

78 1127 232 1213 plicantia
254 1129 317 1205 sit;
339 1126 375 1193 2⁰
397 1125 554 1214 quidnam
578 1126 707 1192 rohoris
728 1127 768 1192 ad
791 1128 961 1195 veritatem
982 1067 1075 1196 neiis
1095 1149 1152 1225 pa·

78 1207 299 1276 teiaciendam
322 1211 402 1295 ipsis
423 1210 511 1273 insit.
535 1208 661 1275 Harum
688 1209 917 1276 tractationum
944 1212 1050 1296 prima
1070 1209 1152 1275 dici-

79 1304 134 1356 tur
148 1292 317 1377 ideoioqio,
333 1293 412 1377 qnia
433 1290 482 1355 ori
509 1290 593 1354 inem
616 1289 765 1365 idearum
788 1290 829 1356 ad
850 1311 986 1357 examen
1009 1301 1149 1366 revocas

77 1372 182 1438 aitera
203 1389 312 1441 autem
332 1383 467 1439 vocatur
486 1311 720 1457 iritertotoqim
735 1373 814 1459 quia
834 1374 978 1452 criteria,
1000 1374 1068 1440 sive
1083 1394 1152 1439 mo-

77 1456 158 1551 tiva3
181 1454 223 1521 oh
244 1478 328 1542 quae
349 1455 389 1521 de
410 1475 488 1519 vera
509 1454 693 1538 cognitione
716 1475 825 1521 rerum
846 1454 926 1521 certi
947 1476 1072 1533 sumus,
1094 1476 1152 1521 ex·

79 1546 186 1620 pouit.

118 1616 150 1681 2.
173 1618 270 1696 Quod
291 1619 406 1685 attinet
426 1616 466 1681 ad
488 1616 698 1700 idealoga'am,
721 1638 780 1683 nos
801 1617 1026 1705 quaestionem
1047 1617 1150 1684 soive-

77 1718 152 1764 mus
172 1700 212 1765 de
233 1700 381 1765 idearum
410 1699 538 1783 origine
560 1698 594 1762 in
616 1699 808 1766 universum
830 1710 996 1786 spectata,
1018 1702 1087 1767 sive
1109 1698 1150 1763 de

76 1781 198 1858 motio,
225 1804 292 1867 qno
318 1781 500 1848 inteiiectus
522 1788 632 1845 noster
653 1782 760 1879 primo
787 1782 971 1868 assequitur
991 1780 1151 1867 cognitio-

76 1884 154 1928 nem
182 1886 294 1930 rerum
308 1866 345 1942 '5
373 1875 469 1949 atque
496 1859 530 1927 10
555 1882 666 1947 praeci
694 1884 735 1927 ua
756 1863 1027 1949 Philosophorum
1052 1874 1151 1948 syste-

76 1958 167 2013 mata
193 1947 420 2021 excutiemus;
442 1942 478 2010 2⁰
501 1943 633 2009 iiiornm
661 1884 933 2031 initosophorum
959 1945 1152 2011 sententiam

76 2028 313 2114 expendemus,
328 2028 387 2113 qui
400 2027 574 2093 humanam
589 2047 628 2091 co
652 2026 811 2091 uitionem
825 2028 896 2092 sine
916 2028 1074 2092 sermonis
1088 2044 1151 2111 ope

77 2111 186 2177 evolvi
208 2132 271 2175 non
287 2130 381 2196 posse
404 2106 611 2194 pertendere
626 2046 661 2175 §⁰
675 2110 831 2194 quoniam
851 2110 1002 2195 quaestio
1022 2107 1062 2174 de
1084 2108 1151 2172 ori-

77 2191 155 2335 qine
180 2192 330 2258 idearum
352 2190 392 2256 ad
416 2192 565 2255 notiones
585 2190 789 2257 universales
810 2199 944 2277 spectat,
967 2190 1006 2257 de
1029 2189 1154 2257 celebri

76 2270 133 2338 ria
154 2275 394 2351 controversia,
416 2292 500 2359 quae
521 2273 608 2338 circa
629 2272 698 2340 vim
725 2275 892 2340 notionum
914 2272 1150 2339 universalium

76 2374 178 2440 penes
198 2356 408 2444 Phiiosophos
429 2356 625 2439 exagitatur,
648 2352 747 2421 verba
769 2355 939 2422 iaciemus.

445 2477 583 2545 cervi
604 2477 778 2543 PRIMVM

256 2591 476 2660 metiuutar
495 2588 766 2669 Philosophorum
786 2591 969 2669 systemata

391 2674 485 2740 cuca
504 2671 668 2754 originem
688 2671 837 2737 idearum

420 2794 613 2852 hauh-lie
637 2792 812 2847 Sensismo

117 2912 149 2979 3.
173 2909 355 2979 Scaeismus
376 2915 425 2972 est
447 2904 530 2970 iilud
553 2911 703 2991 systema,
726 2904 763 2967 in
784 2922 847 2988 quo
863 2902 956 2987 origo
976 2904 1076 2969 totius
1097 2924 1150 2969 eo·

78 2994 236 3079 gnitionis
257 2994 417 3061 humanae
437 3009 481 3053 ex
501 2986 661 3063 sensibus,
679 2995 844 3071 tamquam
866 3005 908 3049 ex
930 2986 1025 3051 unica
1047 2982 1148 3064 fonte,

79 3078 254 3163 repetitur.

114 3238 126 3279 ¹
146 3240 177 3293 Ρ.
198 3242 226 3293 3.
255 3280 258 3284 .

111 3313 124 3349 ²
143 3312 182 3364 ile
201 3314 360 3379 specialibus
378 3310 473 3371 motu.
493 3310 589 3376 quihus
607 3308 694 3361 anima
715 3320 760 3357 ret
777 3304 940 3364 materiales,
961 3310 1040 3369 prout
1059 3306 1150 3370 tingu-

76 3386 148 3438 irres
166 3390 240 3448 eunt,
260 3388 301 3438 rei
320 3400 365 3446 ea,
382 3398 452 3450 quae
471 3383 652 3435 materialium
665 3392 756 3431 rerorn
774 3391 858 3443 genus
872 3378 1147 3441 praetergrediuntur,

77 3460 120 3511 rei
138 3461 254 3525 minuam
273 3459 420 3524 cognoscit,
440 3459 494 3508 iam
512 3470 527 3506 a
547 3454 622 3505 nobis
640 3452 802 3517 explicatum
820 3454 861 3500 est
879 3444 945 3515 (viti.
967 3466 995 3513 p.
1017 3450 1069 3501 ili
1088 3464 1148 3515 sqq,

79 3538 106 3583 et
124 3546 152 3596 ρ.
173 3533 228 3585 tlt
246 3528 318 3601 sqq).
338 3529 447 3583 nouum
466 3533 569 3586 autem,
588 3540 643 3590 quo
662 3524 694 3576 ad
709 3522 754 3578 ilai
774 3522 954 3587 cognitionem
969 3524 1147 3587 pervenimus,

79 3602 106 3655 in
124 3600 268 3672 Theologia
286 3605 402 3658 naturali
422 3600 649 3667 investigabimus.
