2475 3909
161 152 224 219 28⁴2
520 172 793 219 ssrunorououis

106 252 371 397 auodquemuod
395 252 552 337 recipitur
574 255 750 340 malique,
767 254 925 340 recipitur
947 256 980 318 iu
1002 276 1041 321 eo
1065 274 1179 319 seeun-

132 355 186 397 um
211 333 343 399 modum
367 336 457 409 eius,
481 337 514 399 in
536 357 602 420 quo
624 349 673 403 est
688 360 717 399 u.
741 338 848 422 Igitur
870 336 1054 403 intellectus
1076 338 1181 421 possi-

109 414 209 492 bilis,
233 437 307 480 curn
331 415 364 479 in
386 437 419 480 se
442 418 580 501 recipiat
602 417 723 483 formas
748 440 885 491 rerum,
907 431 1004 501 prout
1027 429 1103 483 sunt
1132 420 1181 481 in·

108 497 351 581 corruptibiles,
368 498 630 583 incorruptibilis
651 501 691 563 sit
712 510 857 587 oportet;
873 522 913 563 es
928 522 993 584 quo
1006 499 1182 564 conficitur

110 581 215 663 ipsam
238 579 378 643 animam
401 591 516 644 natura
539 602 596 645 sua
618 581 902 666 incorruptibilem
924 602 1005 659 csse,
1031 604 1108 646 nam
1133 582 1180 645 iu·

111 658 259 725 tellectus
281 660 447 744 possibilis
467 674 516 726 est
537 663 662 749 aliquid
687 664 847 728 animae¹.

148 740 184 805 2⁰
207 741 400 827 Unumquod
425 766 466 809 ue
489 747 681 810 naturaiiter
702 766 761 809 suo
783 745 879 809 modo
900 764 969 809 esse
992 742 1180 815 desiderem

109 822 183 886 binc
205 826 382 889 animantia
402 767 513 899 bruta,
536 847 611 891 cum
636 848 698 891 non
722 828 1003 913 percipientem,
1028 827 1093 889 nisi
1120 824 1187 897 iic:

109 915 141 969 et
162 926 256 982 nune,
280 904 465 973 desiderant
486 908 617 992 quidem
641 930 708 973 esse
730 928 836 983 onoc,
860 926 921 971 non
948 928 1027 972 vero
1049 926 1180 989 semper,

109 986 198 1071 quod
220 1008 285 1057 nou
307 990 568 1135 apprehendum
584 1011 601 1051 e
617 990 794 1066 contrario,
810 1010 882 1053 cum
907 990 1014 1054 anima
1037 990 1179 1053 bumana

110 1070 142 1132 vi
167 1090 245 1133 suae
268 1068 333 1135 iute
361 1072 500 1155 igentiae
522 1071 743 1156 apprehendat
764 1091 825 1135 esse
847 1070 999 1147 obsolute,
1022 1080 1056 1136 et
1077 1090 1183 1136 seeun-

110 1153 184 1214 dum
202 1171 304 1247 'omne
326 1162 471 1249 tempus,
496 1153 689 1217 naturaiiter
721 1152 880 1249 desideret
903 1172 961 1215 csse
972 1164 1180 1249 perpetuum.

111 1237 209 1328 dique
235 1234 436 1380 impossibiie
451 1248 499 1300 est
515 1245 647 1299 naturae
663 1234 862 1301 desiderium
885 1252 954 1298 esse
971 1254 1079 1299 inane.
1097 1235 1182 1319 Ergo

112 1314 317 1399 impossibie
339 1328 399 1390 est,
416 1330 452 1383 ut
475 1318 506 1381 vi
529 1337 610 1380 suae
632 1328 766 1381 naturae
789 1316 896 1379 anima
920 1317 1060 1380 bumana
1084 1314 1127 1378 ab
1148 1336 1180 1379 e

112 1396 263 1461 sistentia
287 1397 455 1463 desistat¹.

151 1478 223 1545 208.
247 1479 344 1564 Prop.
367 1478 414 1542 2³.
438 1482 554 1545 Animo
575 1479 751 1543 humanae
776 1498 901 1563 corpore
922 1489 1064 1562 separato
1093 1478 1183 1542 istci-

111 1557 218 1640 opere,
242 1569 270 1621 ei
292 1560 366 1624 cotie
384 1564 500 1644 perpit.

157 1641 315 1706 Probatur
338 1642 370 1698 1ο
393 1667 410 1704 ι(
426 1643 584 1727 Operatio
615 1640 792 1706 cuiusiibet
826 1640 872 1703 rei
906 1650 955 1705 est
984 1642 1081 1725 quasi
1111 1639 1183 1705 finis

111 1723 251 1788 oius⁸o.
267 1724 355 1808 Ergo
378 1726 403 1788 si
428 1725 536 1787 anima
560 1736 631 1808 post
644 1723 793 1809 eorporis
815 1720 918 1785 iatum
939 1732 986 1785 est
1005 1734 1182 1806 superstes.

113 1804 360 1889 operationibus
382 1805 444 1870 sibi
467 1808 704 1881 consentaneis,
728 1824 813 1889 quae.
836 1812 911 1868 sunt
934 1802 1131 1888 intelligere,
1154 1818 1183 1869 et

114 1887 209 1962 velie,
231 1886 391 1972 expoliari
415 1889 538 1972 nequit.

153 1967 188 2032 ’2⁰
211 1970 410 2045 lnteiiectus‚
433 1980 466 2035 et
482 1969 630 2034 voluutas
653 1969 721 2033 sine
743 1966 877 2050 organis
898 1965 1067 2050 corporeis
1090 1986 1182 2031 exer·

113 2054 351 2150 centur-Ergo
372 2062 542 2117 remanent
563 2052 597 2113 in
619 2051 728 2113 anima
751 2068 768 2111 e
790 2066 926 2131 corpore
950 2058 1099 2131 separata
1112 2050 1136 2111 ⁸.

154 2130 188 2199 3⁰
204 2132 437 2218 Experimento
460 2142 584 2198 constat
604 2133 758 2206 animam,
774 2150 840 2212 quo
863 2130 965 2215 magis
988 2150 1006 2191 a
1028 2150 1183 2194 sensuum

116 2213 161 2276 im
185 2214 370 2280 uisionibus
384 2214 523 2298 seipsam
545 2225 670 2288 avocat,
686 2230 725 2274 eo
742 2212 859 2275 meiius
880 2212 1024 2276 actiones
1045 2232 1124 2275 suas
1139 2214 1185 2275 iu·

114 2232 315 2361 ieibciuaies
337 2298 527 2361 exercere⁵.
543 2297 590 2360 Er
612 2316 632 2359 o
655 2314 672 2357 a
696 2292 843 2378 corporis
866 2291 1115 2378 impedimentis
1136 2312 1182 2355 so

115 2373 182 2441 luta
204 2377 390 2463 expeditius
410 2378 552 2443 actiones
576 2315 647 2441 idas
671 2374 849 2440 exercebit.

154 2456 191 2523 i⁰
215 2460 407 2536 «Quamvis
427 2457 541 2523 eadem
564 2458 606 2524 sit
628 2468 743 2522 natura
767 2458 894 2520 animae
921 2464 993 2520 aute
1016 2466 1183 2529 mortem,

115 2548 147 2603 et
162 2553 234 2623 post
255 2550 391 2605 mortem
406 2549 564 2625 quantum
586 2539 625 2603 ad
646 2538 806 2603 rationem
829 2537 970 2619 speciei3
987 2548 1096 2603 umen
1124 2556 1185 2599 non

115 2631 165 2684 est
186 2620 274 2686 idem
295 2621 410 2687 modus
431 2619 571 2696 essendi,
586 2632 619 2686 ci
634 2642 693 2706 per
714 2638 914 2702 consequens
936 2638 995 2683 nec
1011 2617 1101 2682 idem
1119 2636 1190 2681 mo-

117 2699 177 2765 dus
196 2703 377 2787 operandi·
393 2726 421 2765 s.
446 2704 559 2786 Ergo,
582 2726 598 2762 u
622 2703 775 2777 animae,
798 2700 977 2765 secundum
999 2698 1096 2763 ilium
1121 2720 1188 2763 mo-

116 2780 194 2845 dum
216 2782 353 2860 essendi,
377 2803 443 2869 quo
465 2785 595 2867 corpori
619 2794 667 2849 est
688 2783 792 2858 unita,
814 2782 972 2865 competit
993 2779 1113 2845 modus
1142 2782 1188 2844 in·

116 2861 285 2948 teiiigendi
319 2885 377 2949 per
398 2866 642 2930 conversionem
676 2863 715 2928 ad
741 2864 964 2950 phantasmata
985 2882 1189 2947 corporum,

154 3046 165 3086 ¹
184 3054 274 3102 Corsis.
294 3054 381 3111 Gom..
396 3054 442 3102 tib.
465 3050 498 3111 ΙΙ,
518 3068 544 3103 c.
567 3054 611 3104 iii.
634 3053 690 3090 -²
712 3055 774 3103 ibid.
788 3050 843 3088 -i
863 3052 911 3114 Qo.
933 3052 1033 3113 uirpp„
1055 3052 1093 3101 De
1116 3053 1190 3109 Ver„

117 3138 146 3188 q.
168 3120 240 3179 iiix.
260 3138 287 3173 s.
310 3126 321 3174 i
343 3140 369 3174 c.
385 3122 443 3161 -⁴
463 3126 552 3174 Conse.
572 3126 662 3185 Geni..
683 3125 730 3174 tib.
752 3122 785 3184 ii,
805 3136 831 3174 c.
852 3123 898 3171 8t.

153 3196 165 3231 ⁵
188 3216 200 3239 ι
223 3192 319 3246 Anima
339 3202 427 3246 nostra
448 3202 547 3258 quanto
567 3198 686 3259 magiis
706 3195 889 3259 corporalibus
907 3192 1092 3251 abstrahitur,
1119 3198 1193 3243 tauto

118 3268 316 3317 abstrsctorum
337 3269 543 3329 intelligibilium
561 3268 591 3318 tit
611 3270 736 3327 capacior
753 3286 763 3311 ι
779 3262 813 3334 (Ι,
834 3282 862 3329 q.
877 3262 937 3321 iiii.
951 3279 977 3314 ὃ·
997 3266 1024 3313 Η
1048 3262 1100 3329 0.).
1122 3264 1192 3315 idem

119 3338 267 3386 observavit
287 3352 309 3387 s.
331 3335 504 3401 Augustinuss
521 3357 532 3384 ι
548 3337 612 3403 Quis
631 3340 698 3389 bene
717 3350 745 3389 se
765 3340 916 3401 inspiciens,
936 3349 989 3386 uon
1008 3342 1136 3397 expertus
1154 3342 1192 3385 sst

120 3410 194 3454 tanto
212 3422 241 3457 se
260 3408 361 3471 sitquid
380 3409 540 3460 intellexisse
559 3412 701 3468 sincerius,
716 3416 816 3473 quanto
834 3422 983 3466 mmorore,
995 3412 1079 3471 atque
1093 3408 1192 3460 subiu-

119 3478 372 3596 ceriti‘memibmm
386 3480 482 3530 mentis
501 3495 516 3530 s
536 3484 656 3545 corporis
670 3482 790 3533 sensibus
805 3483 910 3546 potuit?
926 3497 936 3525 ι
954 3482 993 3533 De
1004 3482 1078 3531 imm.
1095 3484 1190 3537 unios..

120 3558 145 3595 o.
206 3561 262 3600 ,n.
322 3586 328 3597 .

156 3610 225 3667 ⁶00
248 3619 319 3677 Ver„
340 3618 393 3669 ino.
413 3621 460 3671 cii.
481 3622 514 3673 tid
534 3624 562 3678 5.
