2475 3909
145 176 207 244 ma
513 194 767 244 cnrrnntonoum

104 299 297 365 persensus
329 276 495 363 percipere
527 299 580 343 res
606 280 785 345 exteriores
816 300 988 366 corporeas
1009 280 1043 356 Ι;
1066 275 1102 345 2⁶
1123 298 1178 366 ap·

105 359 306 445 prehendere
329 380 392 425 non
415 358 520 424 solum
546 381 660 425 earum
686 361 859 446 qualitates
881 362 1037 439 sensiles,
1061 361 1116 427 sed
1143 386 1177 428 e·

105 443 187 508 tiam
219 442 471 518 substantiam¹;
498 440 533 509 3⁰
554 442 615 507 etsi
650 464 702 507 res
734 443 866 509 sensiles
897 465 955 530 per
978 445 1101 529 species
1120 464 1176 531 ap·

128 524 299 601 rehendat,
324 533 431 589 tamen
459 522 530 588 illas
553 524 764 609 immediate,
789 546 847 590 seu
871 524 903 588 in
925 525 1040 611 scipsis
1061 546 1176 611 appre-

105 543 297 683 dondere⁸3
329 602 365 669 ΙΙ
387 606 522 691 species,
548 626 606 689 per
630 626 712 703 quas
735 607 845 672 anima
878 627 929 670 res
961 606 1094 671 sensiles
1121 627 1176 693 ap

106 686 287 771 prehendit,
310 686 351 751 ab
373 708 486 751 earum
506 688 635 752 actione
660 711 691 753 rn
715 690 823 753 anima
847 687 982 775 produci
999 690 1024 763 ‘;
1047 686 1083 752 5⁰
1106 710 1176 773 per-

104 770 288 853 ceptionem
310 768 514 844 sensitivam,
543 770 604 835 etsi
626 769 812 835 immediate
835 792 852 834 a
876 791 971 833 sensu
993 768 1175 853 proficisca-

105 861 175 925 tur,
203 850 344 946 mediete
372 859 478 946 tamen
505 851 546 915 ab
570 849 700 917 obiecto
733 853 884 937 progigni
902 852 937 927 '⁴';
960 851 1174 915 necessariam

103 951 172 995 csse
195 951 432 996 connexronem
456 942 541 997 inter
554 935 713 997 actionem
729 934 777 997 rei
794 934 966 1000 exterioris
981 934 1013 996 in
1030 954 1172 1007 sensum,

104 1015 321 1079 sensationem
347 1025 379 1080 et
402 1016 643 1099 perceptionem
670 1014 856 1079 sensitivam
870 1017 893 1077 ⁰.
924 1016 973 1080 Ex
999 1015 1048 1079 bis
1070 1014 1174 1077 omoi-

104 1094 166 1159 bns
187 1093 384 1161 deduximus
416 1102 636 1172 sensationes,
659 1097 727 1161 sire
756 1097 979 1182 perceptiones
1006 1096 1174 1161 sensitivas

103 1186 219 1240 natura
240 1198 298 1241 sua
320 1198 388 1241 csse
411 1176 588 1253 obiectiros,
610 1178 671 1241 boc
692 1187 740 1242 est
762 1198 868 1262 perse
884 1180 970 1262 ipsas
991 1199 1102 1241 rerum
1117 1198 1173 1241 ex-

103 1258 261 1322 teriorum
284 1259 463 1322 realitalem
486 1258 581 1323 nobis
603 1260 851 1326 manifestaret.
869 1261 968 1344 Atqui
992 1258 1023 1323 id
1047 1260 1078 1323 in
1102 1279 1173 1323 rea-

102 1337 197 1435 lismo
220 1340 360 1405 naturali
386 1339 575 1405 adstruitur.
599 1342 688 1426 Ergo
710 1340 880 1405 realismus
908 1341 1063 1406 naturalis
1086 1342 1173 1405 veri·

103 1431 159 1485 tatr
182 1433 416 1488 consentaneus
437 1432 495 1486 est.

142 1504 194 1569 32.
216 1502 316 1568 Aliud
339 1512 564 1587 argumentum
587 1502 729 1567 adiicere
752 1502 854 1581 lubet,
879 1502 979 1588 quod,
1002 1504 1062 1568 etsi
1086 1501 1171 1567 indi·

101 1596 226 1649 rectum
241 1588 295 1664 sit,
311 1595 419 1650 tamen
435 1596 578 1649 nostram
592 1584 852 1671 propositionem
867 1585 973 1651 valide
988 1582 1169 1650 confirmat.

101 1666 222 1731 Omnes
243 1667 293 1744 ii,
319 1666 377 1752 qui
404 1666 545 1731 animam
572 1688 632 1751 per
659 1688 771 1732 seusus
800 1677 952 1732 externos
981 1663 1170 1732 immediate

101 1767 165 1811 non
187 1768 279 1834 posse
302 1748 470 1835 percipere
491 1768 628 1832 corpora
651 1758 831 1825 autumant,
855 1748 903 1813 his
925 1746 1051 1813 duobus
1072 1747 1172 1811 ratio-

102 1829 200 1895 nibus
222 1831 429 1908 innituntur,
456 1851 582 1916 nempe:
607 1828 640 1894 1⁰
663 1829 851 1896 Similitudo
877 1840 1011 1897 naturae
1034 1830 1172 1896 interoc-

101 1909 177 1976 dere
199 1910 294 1978 debet
314 1914 400 1977 inter
426 1911 611 1977 subiectum
633 1932 854 1995 cognoscens,
877 1922 910 1978 et
930 1912 1094 1977 obiectum
1116 1930 1171 1976 co-

101 1996 241 2077 gnitum,
263 2016 301 2059 ac
323 1992 460 2078 proinde
483 1994 604 2069 anima,
628 2012 711 2078 quae
733 2004 782 2061 cst
802 1994 997 2079 spiritualis,
1014 2012 1075 2057 non
1100 2004 1172 2076 pot-

100 2085 196 2141 estse
212 2098 286 2140 cum
301 2074 492 2159 corporibus
511 2077 768 2151 communicare,
784 2083 881 2159 atque
896 2076 974 2141 baec
996 2074 1031 2138 in
1052 2074 1172 2160 seipsis

99 2176 306 2242 cognoscere.
327 2157 362 2221 2⁰
378 2157 410 2225 Si
433 2157 540 2221 anima
554 2156 735 2242 quidquam
755 2167 847 2221 extra
874 2178 907 2222 sc
932 2157 1072 2243 positum
1097 2176 1171 2239 per-

98 2239 333 2323 ciperet‚extra
348 2261 382 2305 se
403 2249 604 2321 operaretur,
619 2237 706 2323 quod
721 2247 807 2303 certe
822 2259 998 2324 numquam
1014 2236 1084 2302 ficri
1100 2250 1172 2323 pot-

98 2332 156 2386 est.
181 2322 280 2407 Atqui
302 2322 360 2387 hae
383 2321 525 2385 rationes
547 2318 667 2385 nullius
690 2319 843 2406 ponderis
869 2330 953 2386 sunt.
977 2321 1065 2403 Ergo
1086 2319 1171 2386 nibil

98 2411 158 2477 est,
181 2426 240 2468 cur
261 2404 458 2469 sensationes
478 2422 548 2465 csse
575 2414 691 2466 natura
713 2423 771 2467 sua
794 2401 974 2468 obiectiras
996 2409 1145 2485 negatur.

138 2486 189 2552 33.
213 2486 375 2551 Probatur
395 2486 510 2547 minor.
539 2481 572 2548 1⁰
595 2484 782 2551 Similitudo
803 2484 889 2549 inter
911 2482 1093 2547 subiectum
1115 2502 1169 2549 co-

121 2588 266 2645 noscens,
280 2579 312 2632 ct
326 2565 458 2630 modurn
474 2564 688 2649 cognoscendi
704 2566 867 2629 obiectum
892 2562 1090 2630 intercedere
1112 2562 1169 2631 de-

97 2587 174 2728 bet,
198 2671 262 2716 non
282 2670 359 2716 vero
383 2649 467 2713 inter
495 2647 679 2712 subiectum
707 2668 744 2711 co
770 2668 924 2725 noscens,
947 2658 979 2713 et
1000 2645 1168 2714 obiectum

96 2734 264 2816 cognitum
287 2732 322 2795 in
343 2751 377 2796 sc
390 2738 542 2813 spectatae
557 2730 635 2813 quia
656 2751 721 2794 non
735 2668 900 2795 oliiectum
915 2728 1093 2826 cognitum,
1110 2727 1170 2794 sed

97 2814 241 2897 cognitio
255 2825 304 2879 est
317 2812 447 2877 allectio
462 2811 905 2910 cognoscentieQuapropter
916 2830 1035 2885 anrma,
1048 2810 1109 2874 etsi
1123 2810 1169 2877 sit

96 2896 331 2971 immaterialis,
345 2904 449 2978 potest
468 2903 574 2958 tamen
597 2913 649 2957 res
671 2894 854 2959 materiales
877 2895 1057 2978 percipere,
1072 2890 1169 2957 dum-

96 2975 192 3043 modo
215 2978 286 3043 illas
308 2975 518 3041 immateriali
544 2974 641 3040 modo
668 2977 828 3061 pereipiat
842 2977 867 3039 ⁸.
889 2973 924 3038 2⁰
945 2973 1076 3041 Falsum
1096 2995 1169 3039 om-

94 3062 173 3125 nino
195 3071 244 3127 est
265 3059 408 3123 animam
431 3078 494 3121 non
517 3077 610 3141 posse
639 3078 690 3121 res
712 3068 864 3123 externas
886 3059 1077 3142 percipere,
1100 3056 1168 3121 nisi

94 3141 273 3227 quidquam
294 3150 385 3205 extra
408 3160 442 3203 sc
463 3148 548 3223 agat.
571 3139 656 3206 Nam
683 3142 826 3225 cognitio
852 3149 963 3205 estex
985 3160 1022 3203 eo
1046 3156 1168 3221 genere

96 3226 290 3301 actionum,
312 3242 398 3307 quae
425 3222 459 3285 in
481 3222 590 3286 anima
616 3232 770 3299 manent,
794 3244 856 3289 non
877 3242 961 3308 quae
983 3230 1076 3286 extra
1097 3220 1171 3284 ani-

132 3450 141 3489 ¹
163 3455 290 3516 tiquam„
311 3466 337 3503 o.
358 3448 405 3508 ΙΙΙ,
425 3464 452 3500 a.
469 3448 501 3511 2,
521 3464 549 3512 p.
572 3448 634 3499 tte.

127 3522 291 3573 storo-⁸
311 3526 389 3581 roro,
410 3538 436 3573 a.
457 3523 484 3581 a,
506 3535 533 3585 p.
557 3519 682 3571 rto-⁴
701 3511 825 3581 roru‚‘a.
847 3524 874 3581 s,
896 3537 923 3585 ῃ.
941 3519 1002 3568 rrr.

129 3596 240 3652 storo,
262 3611 290 3657 p.
313 3596 373 3646 rto.
390 3594 448 3631 -⁶
470 3596 528 3644 mc.
549 3598 589 3645 or.

128 3666 219 3719 ⁷Lor.
240 3670 282 3720 eit.
296 3667 349 3705 -⁸
368 3661 404 3719 Cf
418 3680 441 3719 r.
462 3662 570 3730 Thom„
591 3664 613 3730 l,
634 3682 662 3732 q.
684 3663 826 3731 ttxxtv,
847 3682 873 3719 a.
895 3666 910 3717 i
930 3684 956 3719 c.
