2475 3909
128 124 190 197 188
517 148 746 197 unumunurn

126 231 199 297 2¹35.
223 230 347 298 Obiicit
367 230 470 297 Plato:
488 232 603 295 Anima
617 251 735 319 corpus
757 239 865 296 movet
885 254 924 296 en
945 232 1030 317 quod
1052 240 1163 298 movet

89 313 255 398 seipsam3
277 332 357 397 ergo
384 314 493 377 anima
520 316 589 398 ipsa
612 334 671 399 per·
693 334 748 390 se,
772 332 809 377 ac
836 313 972 399 proinde
1000 314 1069 378 sine
1092 313 1162 379 ulla

88 392 240 458 facultate
261 396 417 481 organica
438 406 544 459 mutus
569 395 686 460 locales
708 406 848 459 exercet.

81 540 84 551 ,
128 475 201 540 256.
224 474 344 560 Resp,
371 476 451 560 Nep.
475 490 540 541 ant.
567 490 596 541 et
618 500 701 543 cons.
726 478 768 542 Et
788 498 887 553 sane,
911 477 938 541 si
961 476 1068 540 anima
1091 497 1162 540 cur-

87 576 152 641 pus
173 568 283 623 movet
310 578 349 622 eo
370 558 466 644 ipso,
493 558 580 644 quod
604 581 637 623 se
660 569 787 633 movet,
810 566 897 621 certe
920 579 1003 623 unns
1025 568 1073 623 est
1095 578 1162 622 me

89 648 165 715 tus,
189 659 255 723 quo
274 640 371 704 simul
392 642 525 718 anima,
548 649 581 706 et
602 661 722 727 corpus
749 650 942 715 moventur,
966 662 1004 703 ac
1028 638 1161 724 proinde

88 720 199 784 anima
221 720 349 798 eodem,
372 743 437 807 quo
459 742 595 808 corpus,
619 742 736 809 genere
759 730 866 786 motus
888 732 1048 799 movetur,
1072 744 1163 785 nem-

89 802 185 885 pede
208 801 279 867 loco
303 806 335 867 in
358 804 476 869 locum.
493 806 592 888 Atqui
617 817 725 870 motus
746 801 786 866 de
808 803 878 868 loco
899 805 932 867 in
948 804 1055 868 locum
1071 824 1161 889 pror·

87 903 143 947 sus
159 895 319 969 repugnat
340 895 475 951 naturae
495 888 633 951 animae.
650 888 738 971 Ergo
760 895 922 973 repugnat
936 887 1078 950 animam
1093 905 1162 949 mo·

88 986 163 1030 vere
185 985 305 1051 corpus
326 989 365 1031 eo
386 970 470 1053 ipso,
494 966 580 1112 pund
604 989 638 1032 se
661 977 778 1031 moret.

128 1046 200 1111 257.
224 1050 326 1113 Porro
348 1062 472 1115 motum
517 1070 534 1113 e
557 1050 629 1113 loco
644 1050 676 1112 in
694 1050 799 1113 locum
822 1068 954 1133 prorsus
976 1068 1160 1143 repugnare

87 1139 222 1194 naturae
255 1131 382 1194 animae
409 1135 453 1198 ita
481 1132 661 1277 probatur:
685 1154 702 1194 a
728 1128 776 1194 nd
805 1133 886 1208 hnc,
918 1130 1005 1216 quod
1033 1128 1159 1213 ahquid

90 1229 148 1293 per
168 1230 201 1273 se
224 1225 394 1278 moveatur
424 1216 455 1278 in
494 1234 565 1290 oco,
588 1222 715 1299 oportet
741 1209 827 1297 quud
857 1233 915 1297 per
936 1234 969 1277 se
993 1213 1035 1277 sit
1057 1213 1089 1274 in
1113 1211 1160 1275 Ιο-

86 1312 129 1356 co
145 1293 156 1330 ¹
173 1316 202 1355 n.
226 1296 325 1378 Atqui
348 1320 366 1358 a
391 1295 566 1360 ridiculum
593 1307 643 1361 est
665 1293 799 1370 dicere,
821 1293 905 1376 quod
930 1296 1082 1366 animae,
1104 1304 1161 1359 aut

88 1374 187 1438 alicui
212 1374 409 1442 substantiae
432 1379 595 1464 spirituali
616 1379 661 1442 sit
675 1375 795 1461 aliquis
819 1374 907 1439 locus
929 1374 1110 1444 naturalis²
1127 1396 1159 1453 »;

87 1455 122 1519 in
144 1456 292 1520 confesso
314 1459 402 1522 enim
424 1469 473 1523 est
495 1482 511 1523 a
537 1459 580 1524 ud
607 1479 719 1523 omnes
745 1456 955 1543 Philosophus
977 1478 1039 1522 esse
1056 1474 1114 1540 per
1129 1479 1161 1521 se

86 1538 123 1600 iat
144 1538 209 1602 1000
229 1540 358 1604 nonnisi
379 1478 573 1627 corporidus
594 1541 778 1604 convenire.
806 1540 894 1624 Ergo
921 1550 1027 1604 motus
1048 1535 1160 1603 localis

88 1629 223 1685 naturae
251 1622 379 1686 animae
407 1642 540 1707 prorsus
565 1632 726 1708 repugnat
740 1623 762 1683 ³.
787 1620 889 1698 llinc,
912 1642 937 1683 ε.
961 1621 1082 1685 Thema
1105 1620 1161 1685 ob-

87 1712 260 1779 servante,
284 1703 393 1767 anima
423 1727 486 1769 non
508 1706 610 1772 estin
635 1704 704 1769 locu
726 1724 784 1788 per
806 1722 858 1779 sc,
882 1723 998 1787 nempe
1021 1704 1160 1767 essentia

88 1803 158 1864 sua,
181 1783 235 1849 sed
260 1806 319 1871 per
346 1786 488 1871 aliquid,
512 1787 552 1853 ad
575 1787 662 1872 quod
685 1785 823 1850 essentia
845 1804 902 1847 sua
924 1785 1077 1859 retertur,
1100 1784 1159 1847 hoc

86 1878 158 1947 est,
183 1877 281 1952 prout
307 1869 483 1934 secundum
516 1890 606 1935 suam
641 1869 811 1935 essentiam
846 1866 1057 1951 coniungitur
1084 1886 1159 1930 cum

86 1968 238 2036 corpore,
261 1949 347 2034 quod
371 1962 419 2015 est
439 1954 471 2015 in
495 1950 582 2030 l0c03
606 1964 640 2017 et
661 1952 745 2015 sient
767 1944 926 2033 quidquid
950 1959 1098 2015 movetur
1119 1945 1159 2011 de

88 2029 159 2096 loco
182 2031 215 2096 in
237 2032 357 2106 locum,
380 2053 443 2095 non
466 2031 532 2098 alio
553 2032 650 2102 modo
674 2040 833 2105 movetur,
855 2049 953 2114 quam
975 2050 1040 2113 qun
1062 2031 1158 2095 estin

88 2110 183 2190 leco,
215 2114 259 2177 ita
286 2113 394 2177 anima
420 2135 483 2177 non
506 2138 565 2199 per
587 2130 627 2178 se·
638 2124 786 2178 movetur
810 2110 849 2175 de
879 2111 948 2174 loco
976 2112 1008 2174 in
1038 2111 1158 2187 locum,

88 2192 143 2258 sed
167 2215 226 2280 per
247 2205 371 2259 motum
394 2200 553 2315 corporis,
570 2219 645 2262 curn
667 2216 733 2281 quo
753 2192 972 2278 coniungitur,
988 2194 1058 2279 ipsa
1080 2213 1160 2279 quo·

86 2273 261 2342 dammodo
283 2287 434 2342 movetur
464 2327 472 2342 .

216 2400 321 2453 tamt.
337 2432 368 2440 -
380 2405 532 2457 Adstruitnr
544 2407 683 2456 existentia
699 2404 834 2455 tenuitatis
848 2402 1030 2452 tocomntriels

73 2561 76 2567 .
125 2507 200 2574 258.
225 2508 276 2572 Ex
298 2506 357 2584 iis,
378 2529 462 2593 quae
485 2511 686 2595 praecedenti
716 2510 855 2575 articulo
877 2508 1038 2588 diximus,
1061 2508 1163 2576 corifi·

85 2589 176 2655 citur
197 2587 430 2656 admittendam
459 2614 528 2657 esse
558 2594 592 2657 in
621 2596 730 2659 anima
759 2591 945 2656 facultatem
974 2592 1162 2658 locomotri-

85 2692 170 2736 cem.
187 2674 268 2737 Earn
289 2693 350 2735 non
365 2671 469 2740 solum
492 2675 680 2743 scholastici
705 2683 775 2760 post
794 2672 1002 2738 Aristotelem
1027 2675 1090 2740 late
1105 2696 1162 2741 ex-

88 2753 270 2839 plicarunt,
294 2751 468 2822 sedetiam
493 2758 641 2823 nonnulli
663 2758 749 2823 inter
770 2765 928 2833 recentes,
950 2776 979 2819 c.
1004 2778 1048 2843 g,
1073 2756 1163 2825 Mar-

85 2836 191 2901 tinius
206 2837 230 2911 ⁵,
253 2832 483 2917 Gamierius⁸,
506 2841 628 2926 aliique
650 2846 862 2925 agnoverunt.

128 2918 200 2983 259.
224 2918 320 3001 Prop.
353 2918 503 2987 Facetias
530 2923 717 2987 locomotrix
743 2924 825 2985 inter
850 2918 1010 3002 facultates
1038 2922 1162 2986 animae

88 3002 363 3065 incrementatur.

129 3170 138 3204 ¹
164 3172 194 3219 ln
212 3167 256 3217 tn.
278 3168 308 3217 ΙΙ
323 3168 407 3223 Smt..
428 3163 496 3216 [liat.
516 3164 554 3226 Χ,
573 3182 601 3231 q.
624 3166 644 3225 l,
664 3181 691 3216 a.
712 3166 739 3226 3,
760 3168 808 3219 sol.
830 3168 858 3218 t.

124 3238 179 3299 ¹1,
198 3253 226 3303 q.
248 3235 306 3300 (ΙΙΙ,
325 3236 435 3289 ιω
456 3236 483 3287 ².

125 3308 191 3363 tet
206 3325 230 3362 a.
251 3310 339 3374 Aug„
360 3314 400 3361 De
418 3310 483 3362 can.
503 3313 539 3361 ad
556 3312 624 3369 tut..
644 3309 692 3360 lib.
713 3308 784 3369 lllll,
804 3324 830 3361 c.
851 3310 898 3370 22,
918 3326 945 3362 n.
966 3312 1012 3363 43.

125 3380 189 3432 ‘tn
207 3384 253 3433 ut.
273 3386 414 3440 msam..
435 3379 575 3442 Distxll,
596 3395 625 3446 q.
647 3382 680 3441 ll,
700 3396 727 3434 a.
752 3383 871 3439 l‚aot.2
892 3384 924 3435 ad
939 3383 965 3434 3.
981 3380 1015 3437 et
1032 3398 1055 3435 s.
1076 3381 1160 3449 Aug„

87 3457 141 3565 0ρὲ
158 3456 222 3576 pipi
242 3455 292 3589 lippi
313 3455 373 3575 οΙΙί,ν
394 3466 420 3576 et.
440 3452 486 3574 ξΙ,
508 3454 601 3576 ρίὲΙ,
622 3458 650 3504 et
670 3454 716 3504 lib.
737 3451 796 3514 llll,
817 3470 842 3507 e.
864 3454 910 3517 32,
930 3470 958 3507 u.
979 3456 1025 3509 60.

200 3539 331 3584 ι.ιι·.,
371 3540 424 3576 ar.
465 3540 518 3584 ,c.
578 3562 585 3575 .

122 3594 241 3650 llicit&
258 3598 303 3649 dea
320 3597 411 3662 famu.
433 3598 570 3662 medem,
591 3599 637 3649 lib.
660 3594 693 3659 ll,
715 3604 730 3662 s
749 3596 776 3649 3.
