<?xml version="1.0" encoding="UTF-8"?>
<!DOCTYPE html PUBLIC "-//W3C//DTD XHTML 1.0 Transitional//EN"
    "http://www.w3.org/TR/xhtml1/DTD/xhtml1-transitional.dtd">
<html xmlns="http://www.w3.org/1999/xhtml" xml:lang="en" lang="en">
 <head>
  <title>
</title>
<meta http-equiv="Content-Type" content="text/html;charset=utf-8" />
  <meta name='ocr-system' content='tesseract 3.04.00' />
  <meta name='ocr-capabilities' content='ocr_page ocr_carea ocr_par ocr_line ocrx_word'/>
</head>
<body>
  <div class='ocr_page' id='page_1' title='image "./philosophiachri00sansgoog_0208.png"; bbox 0 0 2475 3909; ppageno 0'>
   <div class='ocr_carea' id='block_1_1' title="bbox 142 193 724 263">
    <p class='ocr_par' dir='ltr' id='par_1_1' title="bbox 142 193 724 263">
     <span class='ocr_line' id='line_1_1' title="bbox 142 193 724 263; baseline 0.005 -4"><span class='ocrx_word' id='word_1_1' title='bbox 142 193 201 263; x_wconf 73' lang='lat'><strong>194</strong></span> <span class='ocrx_word' id='word_1_2' title='bbox 546 212 724 262; x_wconf 77' lang='lat' dir='ltr'><strong>rnnnnoorn</strong></span> 
     </span>
    </p>
   </div>
   <div class='ocr_carea' id='block_1_2' title="bbox 99 294 1168 2598">
    <p class='ocr_par' dir='ltr' id='par_1_2' title="bbox 100 294 1165 444">
     <span class='ocr_line' id='line_1_2' title="bbox 100 294 1165 383; baseline 0.004 -24"><span class='ocrx_word' id='word_1_3' title='bbox 100 313 169 361; x_wconf 85' lang='lat' dir='ltr'><strong>esse</strong></span> <span class='ocrx_word' id='word_1_4' title='bbox 188 297 302 382; x_wconf 88' lang='lat' dir='ltr'><strong>nequit</strong></span> <span class='ocrx_word' id='word_1_5' title='bbox 322 295 449 361; x_wconf 90' lang='lat' dir='ltr'><strong>animae</strong></span> <span class='ocrx_word' id='word_1_6' title='bbox 468 296 641 373; x_wconf 80' lang='lat' dir='ltr'><strong>humanae,</strong></span> <span class='ocrx_word' id='word_1_7' title='bbox 656 318 739 383; x_wconf 92' lang='lat' dir='ltr'><strong>quae</strong></span> <span class='ocrx_word' id='word_1_8' title='bbox 757 298 841 361; x_wconf 88' lang='lat' dir='ltr'><strong>inter</strong></span> <span class='ocrx_word' id='word_1_9' title='bbox 862 294 1056 362; x_wconf 72' lang='lat' dir='ltr'><strong>substantias</strong></span> <span class='ocrx_word' id='word_1_10' title='bbox 1071 296 1165 365; x_wconf 87' lang='lat' dir='ltr'><strong>intel·</strong></span> 
     </span>
     <span class='ocr_line' id='line_1_3' title="bbox 100 377 672 444; baseline 0.002 -4"><span class='ocrx_word' id='word_1_11' title='bbox 100 377 255 444; x_wconf 89' lang='lat' dir='ltr'><strong>lectuales</strong></span> <span class='ocrx_word' id='word_1_12' title='bbox 276 377 424 444; x_wconf 90' lang='lat' dir='ltr'><strong>infimum</strong></span> <span class='ocrx_word' id='word_1_13' title='bbox 447 387 533 444; x_wconf 89' lang='lat' dir='ltr'><strong>tenet</strong></span> <span class='ocrx_word' id='word_1_14' title='bbox 553 380 672 444; x_wconf 90' lang='lat' dir='ltr'><strong>locum.</strong></span> 
     </span>
    </p>

    <p class='ocr_par' dir='ltr' id='par_1_3' title="bbox 99 457 1166 1343">
     <span class='ocr_line' id='line_1_4' title="bbox 148 457 1166 548; baseline -0.001 -23"><span class='ocrx_word' id='word_1_15' title='bbox 148 457 183 525; x_wconf 73' lang='lat'><strong>2⁰</strong></span> <span class='ocrx_word' id='word_1_16' title='bbox 204 463 323 526; x_wconf 78' lang='lat' dir='ltr'><strong>Anima</strong></span> <span class='ocrx_word' id='word_1_17' title='bbox 344 482 362 525; x_wconf 93' lang='lat' dir='ltr'><strong>a</strong></span> <span class='ocrx_word' id='word_1_18' title='bbox 386 462 526 548; x_wconf 90' lang='lat' dir='ltr'><strong>potentia</strong></span> <span class='ocrx_word' id='word_1_19' title='bbox 547 460 587 525; x_wconf 89' lang='lat' dir='ltr'><strong>ad</strong></span> <span class='ocrx_word' id='word_1_20' title='bbox 614 471 721 525; x_wconf 90' lang='lat' dir='ltr'><strong>actum</strong></span> <span class='ocrx_word' id='word_1_21' title='bbox 744 460 939 546; x_wconf 75' lang='lat' dir='ltr'><strong>cognitionis</strong></span> <span class='ocrx_word' id='word_1_22' title='bbox 963 479 1021 545; x_wconf 87' lang='lat' dir='ltr'><strong>per</strong></span> <span class='ocrx_word' id='word_1_23' title='bbox 1043 460 1166 527; x_wconf 88' lang='lat' dir='ltr'><strong>intelle·</strong></span> 
     </span>
     <span class='ocr_line' id='line_1_5' title="bbox 100 541 1165 629; baseline 0.002 -24"><span class='ocrx_word' id='word_1_24' title='bbox 100 552 191 606; x_wconf 90' lang='lat' dir='ltr'><strong>ctum</strong></span> <span class='ocrx_word' id='word_1_25' title='bbox 213 542 404 629; x_wconf 88' lang='lat' dir='ltr'><strong>possibilem</strong></span> <span class='ocrx_word' id='word_1_26' title='bbox 426 542 637 629; x_wconf 77' lang='lat' dir='ltr'><strong>progreditur</strong></span> <span class='ocrx_word' id='word_1_27' title='bbox 651 545 674 606; x_wconf 75' lang='lat'><strong>⁴.</strong></span> <span class='ocrx_word' id='word_1_28' title='bbox 690 545 733 608; x_wconf 78' lang='lat' dir='ltr'><strong>At</strong></span> <span class='ocrx_word' id='word_1_29' title='bbox 756 545 791 608; x_wconf 93' lang='lat' dir='ltr'><strong>ui</strong></span> <span class='ocrx_word' id='word_1_30' title='bbox 814 541 847 606; x_wconf 91' lang='lat' dir='ltr'><strong>id</strong></span> <span class='ocrx_word' id='word_1_31' title='bbox 869 541 1029 628; x_wconf 78' lang='lat' dir='ltr'><strong>explicari</strong></span> <span class='ocrx_word' id='word_1_32' title='bbox 1052 544 1165 628; x_wconf 87' lang='lat' dir='ltr'><strong>nequit</strong></span> 
     </span>
     <span class='ocr_line' id='line_1_6' title="bbox 102 565 1164 713; baseline 0.003 -27"><span class='ocrx_word' id='word_1_33' title='bbox 102 625 136 687; x_wconf 90' lang='lat' dir='ltr'><strong>in</strong></span> <span class='ocrx_word' id='word_1_34' title='bbox 150 624 323 711; x_wconf 69' lang='lat' dir='ltr'><strong>¹hypothesi</strong></span> <span class='ocrx_word' id='word_1_35' title='bbox 345 624 493 691; x_wconf 90' lang='lat' dir='ltr'><strong>idearum</strong></span> <span class='ocrx_word' id='word_1_36' title='bbox 517 628 710 693; x_wconf 90' lang='lat' dir='ltr'><strong>innatarum.</strong></span> <span class='ocrx_word' id='word_1_37' title='bbox 727 565 814 713; x_wconf 58' lang='lat' dir='ltr'><strong>lingo</strong></span> <span class='ocrx_word' id='word_1_38' title='bbox 828 622 916 689; x_wconf 84' lang='lat' dir='ltr'><strong>ideas</strong></span> <span class='ocrx_word' id='word_1_39' title='bbox 939 645 1047 689; x_wconf 89' lang='lat' dir='ltr'><strong>rerum</strong></span> <span class='ocrx_word' id='word_1_40' title='bbox 1065 625 1164 689; x_wconf 90' lang='lat' dir='ltr'><strong>menti</strong></span> 
     </span>
     <span class='ocr_line' id='line_1_7' title="bbox 104 706 1166 792; baseline 0.001 -24"><span class='ocrx_word' id='word_1_41' title='bbox 104 707 228 771; x_wconf 85' lang='lat' dir='ltr'><strong>innatas</strong></span> <span class='ocrx_word' id='word_1_42' title='bbox 250 728 319 771; x_wconf 90' lang='lat' dir='ltr'><strong>csse</strong></span> <span class='ocrx_word' id='word_1_43' title='bbox 334 706 398 775; x_wconf 89' lang='lat' dir='ltr'><strong>dici</strong></span> <span class='ocrx_word' id='word_1_44' title='bbox 422 708 546 792; x_wconf 86' lang='lat' dir='ltr'><strong>nequit.</strong></span> <span class='ocrx_word' id='word_1_45' title='bbox 563 708 649 774; x_wconf 87' lang='lat' dir='ltr'><strong>Huic</strong></span> <span class='ocrx_word' id='word_1_46' title='bbox 664 709 762 773; x_wconf 89' lang='lat' dir='ltr'><strong>etiam</strong></span> <span class='ocrx_word' id='word_1_47' title='bbox 784 716 973 790; x_wconf 88' lang='lat' dir='ltr'><strong>argumento</strong></span> <span class='ocrx_word' id='word_1_48' title='bbox 996 708 1101 772; x_wconf 89' lang='lat' dir='ltr'><strong>maius</strong></span> <span class='ocrx_word' id='word_1_49' title='bbox 1114 728 1166 771; x_wconf 90' lang='lat' dir='ltr'><strong>ro·</strong></span> 
     </span>
     <span class='ocr_line' id='line_1_8' title="bbox 101 786 1164 875; baseline 0.002 -25"><span class='ocrx_word' id='word_1_50' title='bbox 101 786 165 851; x_wconf 89' lang='lat' dir='ltr'><strong>bur</strong></span> <span class='ocrx_word' id='word_1_51' title='bbox 185 787 318 857; x_wconf 84' lang='lat' dir='ltr'><strong>additur</strong></span> <span class='ocrx_word' id='word_1_52' title='bbox 338 812 380 855; x_wconf 83' lang='lat' dir='ltr'><strong>ex</strong></span> <span class='ocrx_word' id='word_1_53' title='bbox 401 812 453 868; x_wconf 90' lang='lat' dir='ltr'><strong>eo,</strong></span> <span class='ocrx_word' id='word_1_54' title='bbox 473 790 560 875; x_wconf 85' lang='lat' dir='ltr'><strong>quod</strong></span> <span class='ocrx_word' id='word_1_55' title='bbox 585 790 763 856; x_wconf 84' lang='lat' dir='ltr'><strong>intellectus</strong></span> <span class='ocrx_word' id='word_1_56' title='bbox 786 788 826 854; x_wconf 89' lang='lat' dir='ltr'><strong>ad</strong></span> <span class='ocrx_word' id='word_1_57' title='bbox 847 809 941 853; x_wconf 90' lang='lat' dir='ltr'><strong>omne</strong></span> <span class='ocrx_word' id='word_1_58' title='bbox 964 810 1077 854; x_wconf 85' lang='lat' dir='ltr'><strong>verum</strong></span> <span class='ocrx_word' id='word_1_59' title='bbox 1094 810 1164 874; x_wconf 88' lang='lat' dir='ltr'><strong>por·</strong></span> 
     </span>
     <span class='ocr_line' id='line_1_9' title="bbox 100 868 1166 1017; baseline 0.003 -86"><span class='ocrx_word' id='word_1_60' title='bbox 100 869 221 1017; x_wconf 65' lang='lat' dir='ltr'><strong>rigitur</strong></span> <span class='ocrx_word' id='word_1_61' title='bbox 233 872 258 949; x_wconf 81' lang='lat'><strong>²,</strong></span> <span class='ocrx_word' id='word_1_62' title='bbox 276 874 320 938; x_wconf 94' lang='lat' dir='ltr'><strong>ita</strong></span> <span class='ocrx_word' id='word_1_63' title='bbox 342 881 389 947; x_wconf 91' lang='lat' dir='ltr'><strong>ut,</strong></span> <span class='ocrx_word' id='word_1_64' title='bbox 405 874 512 938; x_wconf 83' lang='lat' dir='ltr'><strong>aiente</strong></span> <span class='ocrx_word' id='word_1_65' title='bbox 535 894 560 937; x_wconf 89' lang='lat' dir='ltr'><strong>s.</strong></span> <span class='ocrx_word' id='word_1_66' title='bbox 579 872 711 948; x_wconf 90' lang='lat' dir='ltr'><strong>Thoma,</strong></span> <span class='ocrx_word' id='word_1_67' title='bbox 727 868 964 956; x_wconf 90' lang='lat' dir='ltr'><strong>quodammodo</strong></span> <span class='ocrx_word' id='word_1_68' title='bbox 979 871 1022 937; x_wconf 91' lang='lat' dir='ltr'><strong>sit</strong></span> <span class='ocrx_word' id='word_1_69' title='bbox 1034 871 1166 937; x_wconf 84' lang='lat' dir='ltr'><strong>virtutis</strong></span> 
     </span>
     <span class='ocr_line' id='line_1_10' title="bbox 103 952 1166 1043; baseline 0.002 -29"><span class='ocrx_word' id='word_1_70' title='bbox 103 952 134 1014; x_wconf 90' lang='lat' dir='ltr'><strong>in</strong></span> <span class='ocrx_word' id='word_1_71' title='bbox 160 952 244 1019; x_wconf 88' lang='lat' dir='ltr'><strong>nitae</strong></span> <span class='ocrx_word' id='word_1_72' title='bbox 261 955 282 1016; x_wconf 79' lang='lat'><strong>³.</strong></span> <span class='ocrx_word' id='word_1_73' title='bbox 299 954 366 1018; x_wconf 82' lang='lat' dir='ltr'><strong>lem</strong></span> <span class='ocrx_word' id='word_1_74' title='bbox 391 955 423 1018; x_wconf 85' lang='lat' dir='ltr'><strong>i&#39;n</strong></span> <span class='ocrx_word' id='word_1_75' title='bbox 444 966 613 1043; x_wconf 80' lang='lat' dir='ltr'><strong>systemate</strong></span> <span class='ocrx_word' id='word_1_76' title='bbox 636 954 783 1019; x_wconf 88' lang='lat' dir='ltr'><strong>idearum</strong></span> <span class='ocrx_word' id='word_1_77' title='bbox 805 955 988 1017; x_wconf 79' lang='lat' dir='ltr'><strong>innotarum</strong></span> <span class='ocrx_word' id='word_1_78' title='bbox 1008 952 1041 1016; x_wconf 93' lang='lat' dir='ltr'><strong>id</strong></span> <span class='ocrx_word' id='word_1_79' title='bbox 1062 954 1166 1038; x_wconf 83' lang='lat' dir='ltr'><strong>expli·</strong></span> 
     </span>
     <span class='ocr_line' id='line_1_11' title="bbox 99 1032 1165 1181; baseline 0 -84"><span class='ocrx_word' id='word_1_80' title='bbox 99 1032 238 1098; x_wconf 87' lang='lat' dir='ltr'><strong>candum</strong></span> <span class='ocrx_word' id='word_1_81' title='bbox 261 1036 347 1103; x_wconf 85' lang='lat' dir='ltr'><strong>foret</strong></span> <span class='ocrx_word' id='word_1_82' title='bbox 368 1057 430 1099; x_wconf 96' lang='lat' dir='ltr'><strong>non</strong></span> <span class='ocrx_word' id='word_1_83' title='bbox 457 1048 616 1132; x_wconf 85' lang='lat' dir='ltr'><strong>quatenus</strong></span> <span class='ocrx_word' id='word_1_84' title='bbox 644 1037 824 1101; x_wconf 87' lang='lat' dir='ltr'><strong>intellectus</strong></span> <span class='ocrx_word' id='word_1_85' title='bbox 850 1034 889 1099; x_wconf 94' lang='lat' dir='ltr'><strong>ad</strong></span> <span class='ocrx_word' id='word_1_86' title='bbox 916 1054 1014 1100; x_wconf 86' lang='lat' dir='ltr'><strong>novus</strong></span> <span class='ocrx_word' id='word_1_87' title='bbox 1040 1037 1165 1181; x_wconf 80' lang='lat' dir='ltr'><strong>species</strong></span> 
     </span>
     <span class='ocr_line' id='line_1_12' title="bbox 99 1117 1164 1203; baseline 0.003 -25"><span class='ocrx_word' id='word_1_88' title='bbox 99 1117 314 1201; x_wconf 90' lang='lat' dir='ltr'><strong>acquirendas</strong></span> <span class='ocrx_word' id='word_1_89' title='bbox 335 1117 440 1183; x_wconf 86' lang='lat' dir='ltr'><strong>adhuc</strong></span> <span class='ocrx_word' id='word_1_90' title='bbox 462 1141 496 1182; x_wconf 81' lang='lat' dir='ltr'><strong>m</strong></span> <span class='ocrx_word' id='word_1_91' title='bbox 512 1120 650 1203; x_wconf 80' lang='lat' dir='ltr'><strong>potentia</strong></span> <span class='ocrx_word' id='word_1_92' title='bbox 674 1128 738 1195; x_wconf 90' lang='lat' dir='ltr'><strong>est,</strong></span> <span class='ocrx_word' id='word_1_93' title='bbox 762 1118 816 1183; x_wconf 92' lang='lat' dir='ltr'><strong>sed</strong></span> <span class='ocrx_word' id='word_1_94' title='bbox 841 1128 998 1202; x_wconf 91' lang='lat' dir='ltr'><strong>quatenus</strong></span> <span class='ocrx_word' id='word_1_95' title='bbox 1022 1118 1053 1181; x_wconf 94' lang='lat' dir='ltr'><strong>in</strong></span> <span class='ocrx_word' id='word_1_96' title='bbox 1079 1120 1164 1183; x_wconf 87' lang='lat' dir='ltr'><strong>uitae</strong></span> 
     </span>
     <span class='ocr_line' id='line_1_13' title="bbox 101 1198 1165 1343; baseline 0.002 -82"><span class='ocrx_word' id='word_1_97' title='bbox 101 1200 226 1343; x_wconf 54' lang='lat' dir='ltr'><strong>ppecies</strong></span> <span class='ocrx_word' id='word_1_98' title='bbox 247 1211 319 1265; x_wconf 84' lang='lat' dir='ltr'><strong>actu</strong></span> <span class='ocrx_word' id='word_1_99' title='bbox 342 1200 375 1264; x_wconf 92' lang='lat' dir='ltr'><strong>in</strong></span> <span class='ocrx_word' id='word_1_100' title='bbox 397 1220 436 1264; x_wconf 91' lang='lat' dir='ltr'><strong>eo</strong></span> <span class='ocrx_word' id='word_1_101' title='bbox 459 1211 544 1278; x_wconf 82' lang='lat' dir='ltr'><strong>sunt3</strong></span> <span class='ocrx_word' id='word_1_102' title='bbox 571 1201 604 1266; x_wconf 94' lang='lat' dir='ltr'><strong>id</strong></span> <span class='ocrx_word' id='word_1_103' title='bbox 627 1200 726 1286; x_wconf 87' lang='lat' dir='ltr'><strong>quud,</strong></span> <span class='ocrx_word' id='word_1_104' title='bbox 741 1202 790 1265; x_wconf 90' lang='lat' dir='ltr'><strong>uti</strong></span> <span class='ocrx_word' id='word_1_105' title='bbox 814 1222 855 1264; x_wconf 86' lang='lat' dir='ltr'><strong>ex</strong></span> <span class='ocrx_word' id='word_1_106' title='bbox 878 1222 910 1265; x_wconf 90' lang='lat' dir='ltr'><strong>se</strong></span> <span class='ocrx_word' id='word_1_107' title='bbox 933 1208 1030 1285; x_wconf 89' lang='lat' dir='ltr'><strong>patet,</strong></span> <span class='ocrx_word' id='word_1_108' title='bbox 1054 1198 1165 1264; x_wconf 90' lang='lat' dir='ltr'><strong>absur-</strong></span> 
     </span>
    </p>

    <p class='ocr_par' dir='ltr' id='par_1_4' title="bbox 125 1295 257 1347">
     <span class='ocr_line' id='line_1_14' title="bbox 125 1295 257 1347; baseline -0.015 -2"><span class='ocrx_word' id='word_1_109' title='bbox 125 1301 179 1345; x_wconf 91' lang='lat' dir='ltr'><strong>um</strong></span> <span class='ocrx_word' id='word_1_110' title='bbox 200 1295 257 1347; x_wconf 76' lang='lat' dir='ltr'><strong>est.</strong></span> 
     </span>
    </p>

    <p class='ocr_par' dir='ltr' id='par_1_5' title="bbox 99 1360 1168 2598">
     <span class='ocr_line' id='line_1_15' title="bbox 140 1360 1165 1451; baseline 0 -24"><span class='ocrx_word' id='word_1_111' title='bbox 140 1360 175 1427; x_wconf 85' lang='lat'><strong>3⁰</strong></span> <span class='ocrx_word' id='word_1_112' title='bbox 190 1363 345 1449; x_wconf 86' lang='lat' dir='ltr'><strong>Denique,</strong></span> <span class='ocrx_word' id='word_1_113' title='bbox 360 1362 453 1429; x_wconf 81' lang='lat' dir='ltr'><strong>ideae</strong></span> <span class='ocrx_word' id='word_1_114' title='bbox 468 1364 610 1441; x_wconf 87' lang='lat' dir='ltr'><strong>innatae,</strong></span> <span class='ocrx_word' id='word_1_115' title='bbox 622 1366 745 1451; x_wconf 84' lang='lat' dir='ltr'><strong>quippe</strong></span> <span class='ocrx_word' id='word_1_116' title='bbox 760 1384 842 1449; x_wconf 86' lang='lat' dir='ltr'><strong>quae</strong></span> <span class='ocrx_word' id='word_1_117' title='bbox 859 1362 899 1427; x_wconf 93' lang='lat' dir='ltr'><strong>ab</strong></span> <span class='ocrx_word' id='word_1_118' title='bbox 913 1365 1039 1428; x_wconf 87' lang='lat' dir='ltr'><strong>actione</strong></span> <span class='ocrx_word' id='word_1_119' title='bbox 1053 1383 1165 1428; x_wconf 89' lang='lat' dir='ltr'><strong>rerum</strong></span> 
     </span>
     <span class='ocr_line' id='line_1_16' title="bbox 102 1443 1165 1531; baseline 0.002 -24"><span class='ocrx_word' id='word_1_120' title='bbox 102 1445 135 1507; x_wconf 93' lang='lat' dir='ltr'><strong>in</strong></span> <span class='ocrx_word' id='word_1_121' title='bbox 157 1448 298 1510; x_wconf 89' lang='lat' dir='ltr'><strong>animam</strong></span> <span class='ocrx_word' id='word_1_122' title='bbox 320 1444 409 1510; x_wconf 94' lang='lat' dir='ltr'><strong>nullo</strong></span> <span class='ocrx_word' id='word_1_123' title='bbox 432 1446 527 1511; x_wconf 90' lang='lat' dir='ltr'><strong>modo</strong></span> <span class='ocrx_word' id='word_1_124' title='bbox 543 1446 692 1531; x_wconf 85' lang='lat' dir='ltr'><strong>pendent,</strong></span> <span class='ocrx_word' id='word_1_125' title='bbox 709 1446 830 1531; x_wconf 88' lang='lat' dir='ltr'><strong>aliquid</strong></span> <span class='ocrx_word' id='word_1_126' title='bbox 849 1467 934 1510; x_wconf 88' lang='lat' dir='ltr'><strong>mere</strong></span> <span class='ocrx_word' id='word_1_127' title='bbox 949 1443 1165 1519; x_wconf 73' lang='lat' dir='ltr'><strong>subiectionum,</strong></span> 
     </span>
     <span class='ocr_line' id='line_1_17' title="bbox 102 1526 1167 1613; baseline 0.003 -23"><span class='ocrx_word' id='word_1_128' title='bbox 102 1529 170 1591; x_wconf 80' lang='lat' dir='ltr'><strong>sire</strong></span> <span class='ocrx_word' id='word_1_129' title='bbox 194 1528 226 1592; x_wconf 92' lang='lat' dir='ltr'><strong>in</strong></span> <span class='ocrx_word' id='word_1_130' title='bbox 249 1539 354 1594; x_wconf 89' lang='lat' dir='ltr'><strong>mente</strong></span> <span class='ocrx_word' id='word_1_131' title='bbox 379 1529 547 1611; x_wconf 85' lang='lat' dir='ltr'><strong>positum,</strong></span> <span class='ocrx_word' id='word_1_132' title='bbox 570 1541 653 1595; x_wconf 91' lang='lat' dir='ltr'><strong>sunt.</strong></span> <span class='ocrx_word' id='word_1_133' title='bbox 680 1530 779 1613; x_wconf 75' lang='lat' dir='ltr'><strong>arqui</strong></span> <span class='ocrx_word' id='word_1_134' title='bbox 803 1528 848 1603; x_wconf 91' lang='lat' dir='ltr'><strong>id,</strong></span> <span class='ocrx_word' id='word_1_135' title='bbox 869 1526 957 1613; x_wconf 88' lang='lat' dir='ltr'><strong>quod</strong></span> <span class='ocrx_word' id='word_1_136' title='bbox 979 1526 1167 1594; x_wconf 86' lang='lat' dir='ltr'><strong>huiusmodi</strong></span> 
     </span>
     <span class='ocr_line' id='line_1_18' title="bbox 99 1608 1167 1696; baseline 0 -23"><span class='ocrx_word' id='word_1_137' title='bbox 99 1621 159 1685; x_wconf 93' lang='lat' dir='ltr'><strong>est,</strong></span> <span class='ocrx_word' id='word_1_138' title='bbox 181 1608 308 1695; x_wconf 90' lang='lat' dir='ltr'><strong>aliquid</strong></span> <span class='ocrx_word' id='word_1_139' title='bbox 331 1609 488 1687; x_wconf 81' lang='lat' dir='ltr'><strong>obiectini,</strong></span> <span class='ocrx_word' id='word_1_140' title='bbox 510 1632 626 1696; x_wconf 85' lang='lat' dir='ltr'><strong>nempe</strong></span> <span class='ocrx_word' id='word_1_141' title='bbox 649 1612 734 1695; x_wconf 93' lang='lat' dir='ltr'><strong>quod</strong></span> <span class='ocrx_word' id='word_1_142' title='bbox 757 1611 889 1677; x_wconf 85' lang='lat' dir='ltr'><strong>realiter</strong></span> <span class='ocrx_word' id='word_1_143' title='bbox 913 1620 962 1675; x_wconf 90' lang='lat' dir='ltr'><strong>est</strong></span> <span class='ocrx_word' id='word_1_144' title='bbox 982 1620 1073 1674; x_wconf 79' lang='lat' dir='ltr'><strong>extra</strong></span> <span class='ocrx_word' id='word_1_145' title='bbox 1096 1612 1167 1675; x_wconf 91' lang='lat' dir='ltr'><strong>ani·</strong></span> 
     </span>
     <span class='ocr_line' id='line_1_19' title="bbox 103 1690 1167 1780; baseline 0.001 -26"><span class='ocrx_word' id='word_1_146' title='bbox 103 1713 209 1770; x_wconf 85' lang='lat' dir='ltr'><strong>marn,</strong></span> <span class='ocrx_word' id='word_1_147' title='bbox 234 1690 440 1757; x_wconf 80' lang='lat' dir='ltr'><strong>manifestare</strong></span> <span class='ocrx_word' id='word_1_148' title='bbox 462 1692 584 1777; x_wconf 86' lang='lat' dir='ltr'><strong>nequit.</strong></span> <span class='ocrx_word' id='word_1_149' title='bbox 612 1694 723 1777; x_wconf 89' lang='lat' dir='ltr'><strong>Ergo,</strong></span> <span class='ocrx_word' id='word_1_150' title='bbox 750 1694 776 1757; x_wconf 90' lang='lat' dir='ltr'><strong>si</strong></span> <span class='ocrx_word' id='word_1_151' title='bbox 803 1692 986 1780; x_wconf 84' lang='lat' dir='ltr'><strong>hypothesis</strong></span> <span class='ocrx_word' id='word_1_152' title='bbox 1015 1691 1167 1757; x_wconf 90' lang='lat' dir='ltr'><strong>idearum</strong></span> 
     </span>
     <span class='ocr_line' id='line_1_20' title="bbox 102 1774 1167 1858; baseline 0.005 -24"><span class='ocrx_word' id='word_1_153' title='bbox 102 1774 285 1839; x_wconf 88' lang='lat' dir='ltr'><strong>innatarum</strong></span> <span class='ocrx_word' id='word_1_154' title='bbox 307 1775 557 1851; x_wconf 84' lang='lat' dir='ltr'><strong>admitteretur,</strong></span> <span class='ocrx_word' id='word_1_155' title='bbox 579 1774 620 1839; x_wconf 91' lang='lat' dir='ltr'><strong>de</strong></span> <span class='ocrx_word' id='word_1_156' title='bbox 644 1776 789 1839; x_wconf 88' lang='lat' dir='ltr'><strong>realitate</strong></span> <span class='ocrx_word' id='word_1_157' title='bbox 815 1785 943 1840; x_wconf 90' lang='lat' dir='ltr'><strong>nostrae</strong></span> <span class='ocrx_word' id='word_1_158' title='bbox 971 1774 1167 1858; x_wconf 77' lang='lat' dir='ltr'><strong>cognitionis</strong></span> 
     </span>
     <span class='ocr_line' id='line_1_21' title="bbox 100 1856 1164 1943; baseline 0.001 -27"><span class='ocrx_word' id='word_1_159' title='bbox 100 1866 209 1921; x_wconf 89' lang='lat' dir='ltr'><strong>actum</strong></span> <span class='ocrx_word' id='word_1_160' title='bbox 232 1856 326 1921; x_wconf 81' lang='lat' dir='ltr'><strong>soret.</strong></span> <span class='ocrx_word' id='word_1_161' title='bbox 342 1856 443 1922; x_wconf 88' lang='lat' dir='ltr'><strong>Cuius</strong></span> <span class='ocrx_word' id='word_1_162' title='bbox 465 1858 649 1943; x_wconf 90' lang='lat' dir='ltr'><strong>argumenti</strong></span> <span class='ocrx_word' id='word_1_163' title='bbox 672 1858 722 1922; x_wconf 86' lang='lat' dir='ltr'><strong>vis</strong></span> <span class='ocrx_word' id='word_1_164' title='bbox 743 1868 779 1921; x_wconf 89' lang='lat' dir='ltr'><strong>ut</strong></span> <span class='ocrx_word' id='word_1_165' title='bbox 801 1856 920 1923; x_wconf 87' lang='lat' dir='ltr'><strong>clarius</strong></span> <span class='ocrx_word' id='word_1_166' title='bbox 935 1878 1008 1943; x_wconf 90' lang='lat' dir='ltr'><strong>pers</strong></span> <span class='ocrx_word' id='word_1_167' title='bbox 1033 1856 1164 1933; x_wconf 88' lang='lat' dir='ltr'><strong>iciatur,</strong></span> 
     </span>
     <span class='ocr_line' id='line_1_22' title="bbox 101 1876 1168 2034; baseline 0.001 -34"><span class='ocrx_word' id='word_1_168' title='bbox 101 1936 334 2004; x_wconf 84' lang='lat' dir='ltr'><strong>advertendum</strong></span> <span class='ocrx_word' id='word_1_169' title='bbox 356 1936 516 2034; x_wconf 39' lang='lat' dir='ltr'><strong>est&#39;ideas</strong></span> <span class='ocrx_word' id='word_1_170' title='bbox 543 1940 668 2003; x_wconf 90' lang='lat' dir='ltr'><strong>innatas</strong></span> <span class='ocrx_word' id='word_1_171' title='bbox 690 1940 757 2003; x_wconf 90' lang='lat' dir='ltr'><strong>vim</strong></span> <span class='ocrx_word' id='word_1_172' title='bbox 780 1876 1041 2025; x_wconf 80' lang='lat' dir='ltr'><strong>repraesentandi</strong></span> <span class='ocrx_word' id='word_1_173' title='bbox 1071 1936 1168 2033; x_wconf 76' lang='lat' dir='ltr'><strong>reali-</strong></span> 
     </span>
     <span class='ocr_line' id='line_1_23' title="bbox 100 2022 1168 2107; baseline 0 -24"><span class='ocrx_word' id='word_1_174' title='bbox 100 2028 199 2086; x_wconf 90' lang='lat' dir='ltr'><strong>tatem</strong></span> <span class='ocrx_word' id='word_1_175' title='bbox 221 2040 332 2087; x_wconf 89' lang='lat' dir='ltr'><strong>rerum</strong></span> <span class='ocrx_word' id='word_1_176' title='bbox 354 2041 500 2106; x_wconf 74' lang='lat' dir='ltr'><strong>accipere</strong></span> <span class='ocrx_word' id='word_1_177' title='bbox 522 2041 586 2084; x_wconf 91' lang='lat' dir='ltr'><strong>non</strong></span> <span class='ocrx_word' id='word_1_178' title='bbox 603 2040 695 2105; x_wconf 88' lang='lat' dir='ltr'><strong>posse</strong></span> <span class='ocrx_word' id='word_1_179' title='bbox 717 2042 758 2085; x_wconf 82' lang='lat' dir='ltr'><strong>ex</strong></span> <span class='ocrx_word' id='word_1_180' title='bbox 782 2023 850 2107; x_wconf 89' lang='lat' dir='ltr'><strong>ipsa</strong></span> <span class='ocrx_word' id='word_1_181' title='bbox 871 2022 991 2097; x_wconf 89' lang='lat' dir='ltr'><strong>anima,</strong></span> <span class='ocrx_word' id='word_1_182' title='bbox 1014 2022 1067 2085; x_wconf 91' lang='lat' dir='ltr'><strong>cui</strong></span> <span class='ocrx_word' id='word_1_183' title='bbox 1091 2022 1168 2086; x_wconf 87' lang='lat' dir='ltr'><strong>iusr-</strong></span> 
     </span>
     <span class='ocr_line' id='line_1_24' title="bbox 101 2102 1165 2181; baseline -0.001 -14"><span class='ocrx_word' id='word_1_184' title='bbox 101 2114 151 2167; x_wconf 91' lang='lat' dir='ltr'><strong>tae</strong></span> <span class='ocrx_word' id='word_1_185' title='bbox 170 2122 238 2166; x_wconf 88' lang='lat' dir='ltr'><strong>esse</strong></span> <span class='ocrx_word' id='word_1_186' title='bbox 259 2102 424 2178; x_wconf 81' lang='lat' dir='ltr'><strong>dicuntur3</strong></span> <span class='ocrx_word' id='word_1_187' title='bbox 441 2124 516 2167; x_wconf 92' lang='lat' dir='ltr'><strong>nam</strong></span> <span class='ocrx_word' id='word_1_188' title='bbox 537 2104 658 2181; x_wconf 87' lang='lat' dir='ltr'><strong>anima,</strong></span> <span class='ocrx_word' id='word_1_189' title='bbox 675 2124 750 2168; x_wconf 89' lang='lat' dir='ltr'><strong>cum</strong></span> <span class='ocrx_word' id='word_1_190' title='bbox 770 2124 834 2168; x_wconf 92' lang='lat' dir='ltr'><strong>non</strong></span> <span class='ocrx_word' id='word_1_191' title='bbox 857 2103 898 2170; x_wconf 90' lang='lat' dir='ltr'><strong>sit</strong></span> <span class='ocrx_word' id='word_1_192' title='bbox 920 2123 1015 2167; x_wconf 86' lang='lat' dir='ltr'><strong>causa</strong></span> <span class='ocrx_word' id='word_1_193' title='bbox 1038 2124 1165 2179; x_wconf 83' lang='lat' dir='ltr'><strong>rerum,</strong></span> 
     </span>
     <span class='ocr_line' id='line_1_25' title="bbox 102 2183 1166 2270; baseline 0.002 -24"><span class='ocrx_word' id='word_1_194' title='bbox 102 2183 110 2246; x_wconf 94' lang='lat' dir='ltr'><strong>i</strong></span> <span class='ocrx_word' id='word_1_195' title='bbox 138 2204 248 2248; x_wconf 89' lang='lat' dir='ltr'><strong>sarum</strong></span> <span class='ocrx_word' id='word_1_196' title='bbox 275 2187 550 2270; x_wconf 81' lang='lat' dir='ltr'><strong>repraesentatrix</strong></span> <span class='ocrx_word' id='word_1_197' title='bbox 569 2205 640 2252; x_wconf 86' lang='lat' dir='ltr'><strong>csse</strong></span> <span class='ocrx_word' id='word_1_198' title='bbox 663 2185 786 2270; x_wconf 88' lang='lat' dir='ltr'><strong>nequit.</strong></span> <span class='ocrx_word' id='word_1_199' title='bbox 815 2186 882 2251; x_wconf 88' lang='lat' dir='ltr'><strong>Nec</strong></span> <span class='ocrx_word' id='word_1_200' title='bbox 906 2186 995 2251; x_wconf 89' lang='lat' dir='ltr'><strong>iuvat</strong></span> <span class='ocrx_word' id='word_1_201' title='bbox 1022 2205 1166 2252; x_wconf 88' lang='lat' dir='ltr'><strong>asserere</strong></span> 
     </span>
     <span class='ocr_line' id='line_1_26' title="bbox 100 2201 1167 2363; baseline 0.003 -36"><span class='ocrx_word' id='word_1_202' title='bbox 100 2201 165 2328; x_wconf 68' lang='lat' dir='ltr'><strong>dlis</strong></span> <span class='ocrx_word' id='word_1_203' title='bbox 187 2263 269 2331; x_wconf 86' lang='lat' dir='ltr'><strong>ideis</strong></span> <span class='ocrx_word' id='word_1_204' title='bbox 291 2287 342 2331; x_wconf 89' lang='lat' dir='ltr'><strong>res</strong></span> <span class='ocrx_word' id='word_1_205' title='bbox 357 2287 399 2331; x_wconf 87' lang='lat' dir='ltr'><strong>ex</strong></span> <span class='ocrx_word' id='word_1_206' title='bbox 421 2286 460 2331; x_wconf 89' lang='lat' dir='ltr'><strong>eo</strong></span> <span class='ocrx_word' id='word_1_207' title='bbox 482 2268 727 2352; x_wconf 87' lang='lat' dir='ltr'><strong>repraesentari,</strong></span> <span class='ocrx_word' id='word_1_208' title='bbox 743 2267 830 2363; x_wconf 86' lang='lat' dir='ltr'><strong>quod</strong></span> <span class='ocrx_word' id='word_1_209' title='bbox 853 2266 955 2333; x_wconf 88' lang='lat' dir='ltr'><strong>aDeo</strong></span> <span class='ocrx_word' id='word_1_210' title='bbox 975 2270 1101 2334; x_wconf 89' lang='lat' dir='ltr'><strong>animae</strong></span> <span class='ocrx_word' id='word_1_211' title='bbox 1117 2269 1167 2333; x_wconf 92' lang='lat' dir='ltr'><strong>in-</strong></span> 
     </span>
     <span class='ocr_line' id='line_1_27' title="bbox 100 2346 1166 2436; baseline 0.003 -27"><span class='ocrx_word' id='word_1_212' title='bbox 100 2358 265 2417; x_wconf 72' lang='lat' dir='ltr'><strong>serunturr</strong></span> <span class='ocrx_word' id='word_1_213' title='bbox 281 2370 356 2413; x_wconf 91' lang='lat' dir='ltr'><strong>nam</strong></span> <span class='ocrx_word' id='word_1_214' title='bbox 372 2347 501 2413; x_wconf 88' lang='lat' dir='ltr'><strong>realitas</strong></span> <span class='ocrx_word' id='word_1_215' title='bbox 520 2358 647 2414; x_wconf 87' lang='lat' dir='ltr'><strong>nostrae</strong></span> <span class='ocrx_word' id='word_1_216' title='bbox 663 2350 871 2433; x_wconf 76' lang='lat' dir='ltr'><strong>cognitionis,</strong></span> <span class='ocrx_word' id='word_1_217' title='bbox 887 2371 962 2414; x_wconf 92' lang='lat' dir='ltr'><strong>cum</strong></span> <span class='ocrx_word' id='word_1_218' title='bbox 976 2352 1018 2417; x_wconf 88' lang='lat' dir='ltr'><strong>sit</strong></span> <span class='ocrx_word' id='word_1_219' title='bbox 1033 2346 1166 2436; x_wconf 86' lang='lat' dir='ltr'><strong>aliquod</strong></span> 
     </span>
     <span class='ocr_line' id='line_1_28' title="bbox 102 2429 1168 2515; baseline 0.005 -23"><span class='ocrx_word' id='word_1_220' title='bbox 102 2430 226 2496; x_wconf 83' lang='lat' dir='ltr'><strong>iactum</strong></span> <span class='ocrx_word' id='word_1_221' title='bbox 248 2429 409 2506; x_wconf 91' lang='lat' dir='ltr'><strong>naturale,</strong></span> <span class='ocrx_word' id='word_1_222' title='bbox 421 2452 463 2495; x_wconf 82' lang='lat' dir='ltr'><strong>ex</strong></span> <span class='ocrx_word' id='word_1_223' title='bbox 477 2430 587 2515; x_wconf 92' lang='lat' dir='ltr'><strong>aliqua</strong></span> <span class='ocrx_word' id='word_1_224' title='bbox 607 2451 704 2495; x_wconf 89' lang='lat' dir='ltr'><strong>causa</strong></span> <span class='ocrx_word' id='word_1_225' title='bbox 727 2430 878 2511; x_wconf 89' lang='lat' dir='ltr'><strong>naturali,</strong></span> <span class='ocrx_word' id='word_1_226' title='bbox 903 2442 935 2497; x_wconf 89' lang='lat' dir='ltr'><strong>et</strong></span> <span class='ocrx_word' id='word_1_227' title='bbox 957 2453 1021 2497; x_wconf 94' lang='lat' dir='ltr'><strong>non</strong></span> <span class='ocrx_word' id='word_1_228' title='bbox 1043 2432 1083 2497; x_wconf 89' lang='lat' dir='ltr'><strong>ab</strong></span> <span class='ocrx_word' id='word_1_229' title='bbox 1108 2432 1168 2497; x_wconf 92' lang='lat' dir='ltr'><strong>im-</strong></span> 
     </span>
     <span class='ocr_line' id='line_1_29' title="bbox 101 2510 751 2598; baseline 0.003 -23"><span class='ocrx_word' id='word_1_230' title='bbox 101 2510 241 2578; x_wconf 90' lang='lat' dir='ltr'><strong>mediata</strong></span> <span class='ocrx_word' id='word_1_231' title='bbox 263 2514 391 2579; x_wconf 88' lang='lat' dir='ltr'><strong>actione</strong></span> <span class='ocrx_word' id='word_1_232' title='bbox 414 2512 475 2578; x_wconf 87' lang='lat' dir='ltr'><strong>Dei</strong></span> <span class='ocrx_word' id='word_1_233' title='bbox 498 2511 672 2598; x_wconf 87' lang='lat' dir='ltr'><strong>repetenda</strong></span> <span class='ocrx_word' id='word_1_234' title='bbox 694 2524 751 2579; x_wconf 90' lang='lat' dir='ltr'><strong>est.</strong></span> 
     </span>
    </p>
   </div>
   <div class='ocr_carea' id='block_1_3' title="bbox 147 2662 1114 2799">
    <p class='ocr_par' dir='ltr' id='par_1_6' title="bbox 147 2662 1114 2799">
     <span class='ocr_line' id='line_1_30' title="bbox 147 2662 1114 2729; baseline -0.005 -13"><span class='ocrx_word' id='word_1_235' title='bbox 147 2663 215 2716; x_wconf 74' lang='lat' dir='ltr'><strong>hur.</strong></span> <span class='ocrx_word' id='word_1_236' title='bbox 228 2664 272 2718; x_wconf 86' lang='grc' dir='ltr'><strong>ΙΙΙ,</strong></span> <span class='ocrx_word' id='word_1_237' title='bbox 285 2694 318 2703; x_wconf 90' lang='grc'>-</span> <span class='ocrx_word' id='word_1_238' title='bbox 331 2663 367 2716; x_wconf 85' lang='lat' dir='ltr'><strong>lle</strong></span> <span class='ocrx_word' id='word_1_239' title='bbox 382 2664 459 2717; x_wconf 79' lang='lat' dir='ltr'><strong>variis</strong></span> <span class='ocrx_word' id='word_1_240' title='bbox 473 2664 566 2721; x_wconf 81' lang='lat' dir='ltr'><strong>modis,</strong></span> <span class='ocrx_word' id='word_1_241' title='bbox 581 2662 677 2725; x_wconf 80' lang='lat' dir='ltr'><strong>quibus</strong></span> <span class='ocrx_word' id='word_1_242' title='bbox 691 2666 806 2729; x_wconf 66' lang='lat' dir='ltr'><strong>systema</strong></span> <span class='ocrx_word' id='word_1_243' title='bbox 827 2662 943 2711; x_wconf 89' lang='lat' dir='ltr'><strong>idearum</strong></span> <span class='ocrx_word' id='word_1_244' title='bbox 964 2664 1114 2717; x_wconf 74' lang='lat' dir='ltr'><strong>inmaturum</strong></span> 
     </span>
     <span class='ocr_line' id='line_1_31' title="bbox 430 2736 835 2799; baseline -0.01 -12"><span class='ocrx_word' id='word_1_245' title='bbox 430 2752 445 2787; x_wconf 92' lang='lat' dir='ltr'><strong>a</strong></span> <span class='ocrx_word' id='word_1_246' title='bbox 467 2736 632 2798; x_wconf 77' lang='lat' dir='ltr'><strong>t‘hitosopnrs</strong></span> <span class='ocrx_word' id='word_1_247' title='bbox 651 2740 835 2799; x_wconf 79' lang='lat' dir='ltr'><strong>propugnatur</strong></span> 
     </span>
    </p>
   </div>
   <div class='ocr_carea' id='block_1_4' title="bbox 99 2850 1169 3517">
    <p class='ocr_par' dir='ltr' id='par_1_7' title="bbox 99 2850 1169 3517">
     <span class='ocr_line' id='line_1_32' title="bbox 144 2850 1167 2948; baseline 0.002 -33"><span class='ocrx_word' id='word_1_248' title='bbox 144 2850 193 2915; x_wconf 87' lang='lat'><strong>11.</strong></span> <span class='ocrx_word' id='word_1_249' title='bbox 217 2852 419 2938; x_wconf 87' lang='lat' dir='ltr'><strong>Philosophi,</strong></span> <span class='ocrx_word' id='word_1_250' title='bbox 441 2853 500 2948; x_wconf 83' lang='lat' dir='ltr'><strong>qui</strong></span> <span class='ocrx_word' id='word_1_251' title='bbox 520 2850 611 2917; x_wconf 90' lang='lat' dir='ltr'><strong>ideas</strong></span> <span class='ocrx_word' id='word_1_252' title='bbox 634 2852 759 2917; x_wconf 90' lang='lat' dir='ltr'><strong>innatas</strong></span> <span class='ocrx_word' id='word_1_253' title='bbox 775 2850 957 2928; x_wconf 88' lang='lat' dir='ltr'><strong>admittunt,</strong></span> <span class='ocrx_word' id='word_1_254' title='bbox 973 2854 1167 2917; x_wconf 87' lang='lat' dir='ltr'><strong>sententiam</strong></span> 
     </span>
     <span class='ocr_line' id='line_1_33' title="bbox 102 2931 1167 3031; baseline 0.002 -34"><span class='ocrx_word' id='word_1_255' title='bbox 102 2954 194 2998; x_wconf 90' lang='lat' dir='ltr'><strong>suam</strong></span> <span class='ocrx_word' id='word_1_256' title='bbox 214 2934 353 3001; x_wconf 88' lang='lat' dir='ltr'><strong>diversis</strong></span> <span class='ocrx_word' id='word_1_257' title='bbox 376 2934 481 2999; x_wconf 78' lang='lat' dir='ltr'><strong>modis</strong></span> <span class='ocrx_word' id='word_1_258' title='bbox 501 2944 680 3031; x_wconf 82' lang='lat' dir='ltr'><strong>exponuut3</strong></span> <span class='ocrx_word' id='word_1_259' title='bbox 697 2931 782 2997; x_wconf 89' lang='lat' dir='ltr'><strong>unde</strong></span> <span class='ocrx_word' id='word_1_260' title='bbox 803 2932 930 2996; x_wconf 89' lang='lat' dir='ltr'><strong>diversa</strong></span> <span class='ocrx_word' id='word_1_261' title='bbox 953 2931 1101 2998; x_wconf 88' lang='lat' dir='ltr'><strong>idearum</strong></span> <span class='ocrx_word' id='word_1_262' title='bbox 1116 2940 1167 2999; x_wconf 84' lang='lat' dir='ltr'><strong>in-</strong></span> 
     </span>
     <span class='ocr_line' id='line_1_34' title="bbox 100 3016 1169 3105; baseline 0.001 -25"><span class='ocrx_word' id='word_1_263' title='bbox 100 3027 248 3082; x_wconf 89' lang='lat' dir='ltr'><strong>uatarum</strong></span> <span class='ocrx_word' id='word_1_264' title='bbox 270 3029 440 3105; x_wconf 78' lang='lat' dir='ltr'><strong>systemata</strong></span> <span class='ocrx_word' id='word_1_265' title='bbox 457 3027 662 3093; x_wconf 82' lang='lat' dir='ltr'><strong>exorruntur,</strong></span> <span class='ocrx_word' id='word_1_266' title='bbox 677 3036 818 3101; x_wconf 89' lang='lat' dir='ltr'><strong>quorum</strong></span> <span class='ocrx_word' id='word_1_267' title='bbox 833 3016 1002 3102; x_wconf 90' lang='lat' dir='ltr'><strong>praecipui</strong></span> <span class='ocrx_word' id='word_1_268' title='bbox 1019 3024 1169 3081; x_wconf 87' lang='lat' dir='ltr'><strong>auctores</strong></span> 
     </span>
     <span class='ocr_line' id='line_1_35' title="bbox 99 3096 1168 3177; baseline 0.001 -14"><span class='ocrx_word' id='word_1_269' title='bbox 99 3108 174 3165; x_wconf 89' lang='lat' dir='ltr'><strong>suut</strong></span> <span class='ocrx_word' id='word_1_270' title='bbox 195 3099 288 3165; x_wconf 88' lang='lat' dir='ltr'><strong>Plato</strong></span> <span class='ocrx_word' id='word_1_271' title='bbox 311 3101 396 3165; x_wconf 88' lang='lat' dir='ltr'><strong>inter</strong></span> <span class='ocrx_word' id='word_1_272' title='bbox 416 3111 553 3177; x_wconf 86' lang='lat' dir='ltr'><strong>veteres,</strong></span> <span class='ocrx_word' id='word_1_273' title='bbox 568 3109 657 3166; x_wconf 84' lang='lat' dir='ltr'><strong>etex</strong></span> <span class='ocrx_word' id='word_1_274' title='bbox 671 3096 855 3163; x_wconf 87' lang='lat' dir='ltr'><strong>recentibus</strong></span> <span class='ocrx_word' id='word_1_275' title='bbox 873 3096 1049 3175; x_wconf 84' lang='lat' dir='ltr'><strong>Cartesius,</strong></span> <span class='ocrx_word' id='word_1_276' title='bbox 1071 3099 1168 3164; x_wconf 90' lang='lat' dir='ltr'><strong>Leib-</strong></span> 
     </span>
     <span class='ocr_line' id='line_1_36' title="bbox 100 3179 1169 3261; baseline 0.003 -16"><span class='ocrx_word' id='word_1_277' title='bbox 100 3181 212 3261; x_wconf 89' lang='lat' dir='ltr'><strong>nitius,</strong></span> <span class='ocrx_word' id='word_1_278' title='bbox 234 3193 267 3248; x_wconf 89' lang='lat' dir='ltr'><strong>et</strong></span> <span class='ocrx_word' id='word_1_279' title='bbox 289 3182 488 3247; x_wconf 87' lang='lat' dir='ltr'><strong>Rosminius.</strong></span> <span class='ocrx_word' id='word_1_280' title='bbox 512 3179 693 3248; x_wconf 85' lang='lat' dir='ltr'><strong>Secundum</strong></span> <span class='ocrx_word' id='word_1_281' title='bbox 717 3180 906 3256; x_wconf 77' lang='lat' dir='ltr'><strong>Platonem,</strong></span> <span class='ocrx_word' id='word_1_282' title='bbox 928 3182 1053 3259; x_wconf 90' lang='lat' dir='ltr'><strong>anima,</strong></span> <span class='ocrx_word' id='word_1_283' title='bbox 1077 3196 1169 3249; x_wconf 89' lang='lat' dir='ltr'><strong>aute-</strong></span> 
     </span>
     <span class='ocr_line' id='line_1_37' title="bbox 99 3261 1169 3352; baseline 0.001 -23"><span class='ocrx_word' id='word_1_284' title='bbox 99 3284 197 3349; x_wconf 88' lang='lat' dir='ltr'><strong>quam</strong></span> <span class='ocrx_word' id='word_1_285' title='bbox 218 3265 349 3352; x_wconf 90' lang='lat' dir='ltr'><strong>corpori</strong></span> <span class='ocrx_word' id='word_1_286' title='bbox 372 3264 532 3341; x_wconf 90' lang='lat' dir='ltr'><strong>uniretur,</strong></span> <span class='ocrx_word' id='word_1_287' title='bbox 554 3264 676 3343; x_wconf 85' lang='lat' dir='ltr'><strong>extitit,</strong></span> <span class='ocrx_word' id='word_1_288' title='bbox 698 3273 793 3348; x_wconf 90' lang='lat' dir='ltr'><strong>atque</strong></span> <span class='ocrx_word' id='word_1_289' title='bbox 816 3284 924 3327; x_wconf 90' lang='lat' dir='ltr'><strong>rerum</strong></span> <span class='ocrx_word' id='word_1_290' title='bbox 947 3261 1059 3341; x_wconf 90' lang='lat' dir='ltr'><strong>ideas,</strong></span> <span class='ocrx_word' id='word_1_291' title='bbox 1082 3285 1169 3350; x_wconf 90' lang='lat' dir='ltr'><strong>quae</strong></span> 
     </span>
     <span class='ocr_line' id='line_1_38' title="bbox 99 3345 1169 3435; baseline 0.003 -25"><span class='ocrx_word' id='word_1_292' title='bbox 99 3350 252 3413; x_wconf 88' lang='lat' dir='ltr'><strong>essentias</strong></span> <span class='ocrx_word' id='word_1_293' title='bbox 274 3368 385 3413; x_wconf 93' lang='lat' dir='ltr'><strong>rerum</strong></span> <span class='ocrx_word' id='word_1_294' title='bbox 405 3354 667 3435; x_wconf 87' lang='lat' dir='ltr'><strong>repraesentant,</strong></span> <span class='ocrx_word' id='word_1_295' title='bbox 688 3357 722 3412; x_wconf 92' lang='lat' dir='ltr'><strong>ct</strong></span> <span class='ocrx_word' id='word_1_296' title='bbox 742 3356 815 3413; x_wconf 87' lang='lat' dir='ltr'><strong>sunt</strong></span> <span class='ocrx_word' id='word_1_297' title='bbox 835 3345 961 3432; x_wconf 90' lang='lat' dir='ltr'><strong>aliquid</strong></span> <span class='ocrx_word' id='word_1_298' title='bbox 983 3357 1076 3413; x_wconf 88' lang='lat' dir='ltr'><strong>extra</strong></span> <span class='ocrx_word' id='word_1_299' title='bbox 1098 3350 1169 3413; x_wconf 86' lang='lat' dir='ltr'><strong>eni-</strong></span> 
     </span>
     <span class='ocr_line' id='line_1_39' title="bbox 100 3427 1169 3517; baseline 0.005 -25"><span class='ocrx_word' id='word_1_300' title='bbox 100 3450 187 3494; x_wconf 88' lang='lat' dir='ltr'><strong>mam</strong></span> <span class='ocrx_word' id='word_1_301' title='bbox 209 3429 397 3509; x_wconf 86' lang='lat' dir='ltr'><strong>subsistens,</strong></span> <span class='ocrx_word' id='word_1_302' title='bbox 420 3430 538 3496; x_wconf 92' lang='lat' dir='ltr'><strong>intuita</strong></span> <span class='ocrx_word' id='word_1_303' title='bbox 559 3438 626 3508; x_wconf 80' lang='lat' dir='ltr'><strong>est3</strong></span> <span class='ocrx_word' id='word_1_304' title='bbox 650 3427 768 3494; x_wconf 90' lang='lat' dir='ltr'><strong>deinde</strong></span> <span class='ocrx_word' id='word_1_305' title='bbox 791 3429 825 3493; x_wconf 91' lang='lat' dir='ltr'><strong>in</strong></span> <span class='ocrx_word' id='word_1_306' title='bbox 847 3450 975 3516; x_wconf 91' lang='lat' dir='ltr'><strong>corpus,</strong></span> <span class='ocrx_word' id='word_1_307' title='bbox 998 3438 1169 3517; x_wconf 88' lang='lat' dir='ltr'><strong>tamquam</strong></span> 
     </span>
    </p>
   </div>
   <div class='ocr_carea' id='block_1_5' title="bbox 138 3677 1166 3749">
    <p class='ocr_par' dir='ltr' id='par_1_8' title="bbox 138 3677 1166 3749">
     <span class='ocr_line' id='line_1_40' title="bbox 138 3677 1166 3749; baseline -0.004 -12"><span class='ocrx_word' id='word_1_308' title='bbox 138 3682 203 3737; x_wconf 84' lang='lat' dir='ltr'><strong>·cr</strong></span> <span class='ocrx_word' id='word_1_309' title='bbox 219 3700 246 3749; x_wconf 73' lang='lat' dir='ltr'><strong>p.</strong></span> <span class='ocrx_word' id='word_1_310' title='bbox 271 3682 459 3745; x_wconf 67' lang='lat' dir='ltr'><strong>torar-2</strong></span> <span class='ocrx_word' id='word_1_311' title='bbox 479 3678 513 3735; x_wconf 87' lang='lat' dir='ltr'><strong>cr</strong></span> <span class='ocrx_word' id='word_1_312' title='bbox 529 3697 557 3746; x_wconf 74' lang='lat' dir='ltr'><strong>p.</strong></span> <span class='ocrx_word' id='word_1_313' title='bbox 580 3677 702 3733; x_wconf 72' lang='lat' dir='ltr'><strong>rec-³</strong></span> <span class='ocrx_word' id='word_1_314' title='bbox 724 3684 750 3733; x_wconf 78' lang='lat' dir='ltr'><strong>u</strong></span> <span class='ocrx_word' id='word_1_315' title='bbox 770 3683 820 3745; x_wconf 58' lang='grc' dir='ltr'><strong>φο,</strong></span> <span class='ocrx_word' id='word_1_316' title='bbox 841 3696 868 3747; x_wconf 77' lang='lat' dir='ltr'><strong>q.</strong></span> <span class='ocrx_word' id='word_1_317' title='bbox 889 3678 979 3745; x_wconf 81' lang='lat' dir='ltr'><strong>xxx,</strong></span> <span class='ocrx_word' id='word_1_318' title='bbox 1000 3696 1026 3735; x_wconf 70' lang='grc' dir='ltr'><strong>ι.</strong></span> <span class='ocrx_word' id='word_1_319' title='bbox 1048 3683 1065 3732; x_wconf 79' lang='lat' dir='ltr'><strong>r</strong></span> <span class='ocrx_word' id='word_1_320' title='bbox 1084 3682 1116 3734; x_wconf 68' lang='lat' dir='ltr'><strong>aa</strong></span> <span class='ocrx_word' id='word_1_321' title='bbox 1137 3684 1166 3733; x_wconf 71' lang='lat' dir='ltr'><strong>a.</strong></span> 
     </span>
    </p>
   </div>
   <div class='ocr_carea' id='block_1_6' title="bbox 0 0 1242 3909">
    <p class='ocr_par' dir='ltr' id='par_1_9' title="bbox 0 0 1242 3909">
     <span class='ocr_line' id='line_1_41' title="bbox 0 0 1242 3909; baseline 0 0"><span class='ocrx_word' id='word_1_322' title='bbox 0 0 1242 3909; x_wconf 95' lang='lat' dir='ltr'><strong> </strong></span> 
     </span>
    </p>
   </div>
  </div>
 </body>
</html>
