<?xml version="1.0" encoding="UTF-8"?>
<!DOCTYPE html PUBLIC "-//W3C//DTD XHTML 1.0 Transitional//EN"
    "http://www.w3.org/TR/xhtml1/DTD/xhtml1-transitional.dtd">
<html xmlns="http://www.w3.org/1999/xhtml" xml:lang="en" lang="en">
 <head>
  <title>
</title>
<meta http-equiv="Content-Type" content="text/html;charset=utf-8" />
  <meta name='ocr-system' content='tesseract 3.04.00' />
  <meta name='ocr-capabilities' content='ocr_page ocr_carea ocr_par ocr_line ocrx_word'/>
</head>
<body>
  <div class='ocr_page' id='page_1' title='image "./philosophiachri00sansgoog_0023.png"; bbox 0 0 2475 3909; ppageno 0'>
   <div class='ocr_carea' id='block_1_1' title="bbox 383 120 1087 209">
    <p class='ocr_par' dir='ltr' id='par_1_1' title="bbox 383 120 1087 209">
     <span class='ocr_line' id='line_1_1' title="bbox 383 120 1087 209; baseline -0.003 -2"><span class='ocrx_word' id='word_1_1' title='bbox 383 120 522 208; x_wconf 74' lang='lat' dir='ltr'><strong>coerces</strong></span> <span class='ocrx_word' id='word_1_2' title='bbox 544 160 788 209; x_wconf 77' lang='lat' dir='ltr'><strong>naoancounua</strong></span> <span class='ocrx_word' id='word_1_3' title='bbox 1066 144 1087 205; x_wconf 84' lang='lat'><strong>7</strong></span> 
     </span>
    </p>
   </div>
   <div class='ocr_carea' id='block_1_2' title="bbox 48 240 1198 1628">
    <p class='ocr_par' dir='ltr' id='par_1_2' title="bbox 48 240 1128 476">
     <span class='ocr_line' id='line_1_2' title="bbox 50 240 1128 333; baseline -0.006 -19"><span class='ocrx_word' id='word_1_4' title='bbox 50 250 123 333; x_wconf 81' lang='lat' dir='ltr'><strong>giea</strong></span> <span class='ocrx_word' id='word_1_5' title='bbox 145 269 184 314; x_wconf 91' lang='lat' dir='ltr'><strong>su</strong></span> <span class='ocrx_word' id='word_1_6' title='bbox 231 245 332 311; x_wconf 86' lang='lat' dir='ltr'><strong>editat</strong></span> <span class='ocrx_word' id='word_1_7' title='bbox 353 240 533 331; x_wconf 77' lang='lat' dir='ltr'><strong>perfectam</strong></span> <span class='ocrx_word' id='word_1_8' title='bbox 555 244 705 309; x_wconf 79' lang='lat' dir='ltr'><strong>notitiam</strong></span> <span class='ocrx_word' id='word_1_9' title='bbox 726 242 915 309; x_wconf 88' lang='lat' dir='ltr'><strong>huiusmodi</strong></span> <span class='ocrx_word' id='word_1_10' title='bbox 931 245 1128 309; x_wconf 86' lang='lat' dir='ltr'><strong>instrumen-</strong></span> 
     </span>
     <span class='ocr_line' id='line_1_3' title="bbox 50 324 1126 413; baseline -0.006 -18"><span class='ocrx_word' id='word_1_11' title='bbox 50 344 173 395; x_wconf 86' lang='lat' dir='ltr'><strong>torum.</strong></span> <span class='ocrx_word' id='word_1_12' title='bbox 226 349 285 413; x_wconf 82' lang='lat' dir='ltr'><strong>rgo</strong></span> <span class='ocrx_word' id='word_1_13' title='bbox 307 328 429 412; x_wconf 80' lang='lat' dir='ltr'><strong>Logica</strong></span> <span class='ocrx_word' id='word_1_14' title='bbox 451 324 491 389; x_wconf 89' lang='lat' dir='ltr'><strong>ad</strong></span> <span class='ocrx_word' id='word_1_15' title='bbox 514 326 725 390; x_wconf 81' lang='lat' dir='ltr'><strong>scientiarum</strong></span> <span class='ocrx_word' id='word_1_16' title='bbox 747 324 996 412; x_wconf 34' lang='lat' dir='ltr'><strong>perlectionem,</strong></span> <span class='ocrx_word' id='word_1_17' title='bbox 1009 346 1126 411; x_wconf 81' lang='lat' dir='ltr'><strong>magno</strong></span> 
     </span>
     <span class='ocr_line' id='line_1_4' title="bbox 48 408 978 476; baseline -0.002 -1"><span class='ocrx_word' id='word_1_18' title='bbox 48 413 241 476; x_wconf 89' lang='lat' dir='ltr'><strong>adiumento</strong></span> <span class='ocrx_word' id='word_1_19' title='bbox 263 416 311 474; x_wconf 84' lang='lat' dir='ltr'><strong>est</strong></span> <span class='ocrx_word' id='word_1_20' title='bbox 327 408 349 470; x_wconf 83' lang='lat'><strong>¹.</strong></span> <span class='ocrx_word' id='word_1_21' title='bbox 972 440 978 453; x_wconf 55' lang='lat' dir='ltr'><em>s</em></span> 
     </span>
    </p>

    <p class='ocr_par' dir='ltr' id='par_1_3' title="bbox 48 486 1198 1628">
     <span class='ocr_line' id='line_1_5' title="bbox 87 486 1125 571; baseline -0.007 -14"><span class='ocrx_word' id='word_1_22' title='bbox 87 496 121 557; x_wconf 79' lang='lat'><strong>7.</strong></span> <span class='ocrx_word' id='word_1_23' title='bbox 145 493 385 557; x_wconf 88' lang='lat' dir='ltr'><strong>Tractationem</strong></span> <span class='ocrx_word' id='word_1_24' title='bbox 399 486 498 552; x_wconf 87' lang='lat' dir='ltr'><strong>buius</strong></span> <span class='ocrx_word' id='word_1_25' title='bbox 512 486 667 553; x_wconf 87' lang='lat' dir='ltr'><strong>scientiae</strong></span> <span class='ocrx_word' id='word_1_26' title='bbox 681 497 747 552; x_wconf 85' lang='lat' dir='ltr'><strong>tres</strong></span> <span class='ocrx_word' id='word_1_27' title='bbox 761 487 795 551; x_wconf 90' lang='lat' dir='ltr'><strong>in</strong></span> <span class='ocrx_word' id='word_1_28' title='bbox 810 497 918 571; x_wconf 87' lang='lat' dir='ltr'><strong>partes</strong></span> <span class='ocrx_word' id='word_1_29' title='bbox 932 486 1125 552; x_wconf 83' lang='lat' dir='ltr'><strong>dividemus.</strong></span> 
     </span>
     <span class='ocr_line' id='line_1_6' title="bbox 51 567 1128 657; baseline -0.003 -21"><span class='ocrx_word' id='word_1_30' title='bbox 51 574 83 637; x_wconf 93' lang='lat' dir='ltr'><strong>ln</strong></span> <span class='ocrx_word' id='word_1_31' title='bbox 106 574 217 657; x_wconf 88' lang='lat' dir='ltr'><strong>prima</strong></span> <span class='ocrx_word' id='word_1_32' title='bbox 240 572 280 636; x_wconf 87' lang='lat' dir='ltr'><strong>de</strong></span> <span class='ocrx_word' id='word_1_33' title='bbox 303 572 362 647; x_wconf 86' lang='lat' dir='ltr'><strong>iis,</strong></span> <span class='ocrx_word' id='word_1_34' title='bbox 385 589 468 653; x_wconf 88' lang='lat' dir='ltr'><strong>quae</strong></span> <span class='ocrx_word' id='word_1_35' title='bbox 492 567 530 632; x_wconf 91' lang='lat' dir='ltr'><strong>ad</strong></span> <span class='ocrx_word' id='word_1_36' title='bbox 552 571 705 651; x_wconf 79' lang='lat' dir='ltr'><strong>formam,</strong></span> <span class='ocrx_word' id='word_1_37' title='bbox 729 590 787 633; x_wconf 87' lang='lat' dir='ltr'><strong>seu</strong></span> <span class='ocrx_word' id='word_1_38' title='bbox 810 577 1007 634; x_wconf 79' lang='lat' dir='ltr'><strong>structuram</strong></span> <span class='ocrx_word' id='word_1_39' title='bbox 1028 569 1128 633; x_wconf 83' lang='lat' dir='ltr'><strong>ratio-</strong></span> 
     </span>
     <span class='ocr_line' id='line_1_7' title="bbox 51 650 1127 739; baseline -0.002 -22"><span class='ocrx_word' id='word_1_40' title='bbox 51 654 231 719; x_wconf 88' lang='lat' dir='ltr'><strong>cinationis</strong></span> <span class='ocrx_word' id='word_1_41' title='bbox 252 654 432 739; x_wconf 83' lang='lat' dir='ltr'><strong>pertinent,</strong></span> <span class='ocrx_word' id='word_1_42' title='bbox 456 669 608 733; x_wconf 81' lang='lat' dir='ltr'><strong>agemus3</strong></span> <span class='ocrx_word' id='word_1_43' title='bbox 653 670 731 715; x_wconf 85' lang='lat' dir='ltr'><strong>nare</strong></span> <span class='ocrx_word' id='word_1_44' title='bbox 755 650 899 736; x_wconf 87' lang='lat' dir='ltr'><strong>primum</strong></span> <span class='ocrx_word' id='word_1_45' title='bbox 926 670 1127 735; x_wconf 80' lang='lat' dir='ltr'><strong>exponemus</strong></span> 
     </span>
     <span class='ocr_line' id='line_1_8' title="bbox 50 671 1128 819; baseline 0 -22"><span class='ocrx_word' id='word_1_46' title='bbox 50 736 229 811; x_wconf 89' lang='lat' dir='ltr'><strong>elementa,</strong></span> <span class='ocrx_word' id='word_1_47' title='bbox 253 754 337 819; x_wconf 89' lang='lat' dir='ltr'><strong>quae</strong></span> <span class='ocrx_word' id='word_1_48' title='bbox 359 731 584 817; x_wconf 77' lang='lat' dir='ltr'><strong>syllogismum</strong></span> <span class='ocrx_word' id='word_1_49' title='bbox 607 671 763 807; x_wconf 52' lang='lat' dir='ltr'><strong>efficiunt,</strong></span> <span class='ocrx_word' id='word_1_50' title='bbox 786 751 904 816; x_wconf 83' lang='lat' dir='ltr'><strong>nempe</strong></span> <span class='ocrx_word' id='word_1_51' title='bbox 924 736 1073 804; x_wconf 79' lang='lat' dir='ltr'><strong>notiones,</strong></span> <span class='ocrx_word' id='word_1_52' title='bbox 1096 742 1128 797; x_wconf 87' lang='lat' dir='ltr'><strong>et</strong></span> 
     </span>
     <span class='ocr_line' id='line_1_9' title="bbox 50 810 1126 897; baseline 0.002 -22"><span class='ocrx_word' id='word_1_53' title='bbox 50 816 199 892; x_wconf 79' lang='lat' dir='ltr'><strong>iudicia,</strong></span> <span class='ocrx_word' id='word_1_54' title='bbox 221 816 291 880; x_wconf 89' lang='lat' dir='ltr'><strong>sive</strong></span> <span class='ocrx_word' id='word_1_55' title='bbox 314 813 569 889; x_wconf 50' lang='lat' dir='ltr'><strong>enunciationem</strong></span> <span class='ocrx_word' id='word_1_56' title='bbox 592 810 711 877; x_wconf 85' lang='lat' dir='ltr'><strong>deinde</strong></span> <span class='ocrx_word' id='word_1_57' title='bbox 734 811 1004 897; x_wconf 78' lang='lat' dir='ltr'><strong>investigabimus</strong></span> <span class='ocrx_word' id='word_1_58' title='bbox 1025 813 1055 878; x_wconf 91' lang='lat' dir='ltr'><strong>le</strong></span> <span class='ocrx_word' id='word_1_59' title='bbox 1079 834 1126 891; x_wconf 88' lang='lat' dir='ltr'><strong>es,</strong></span> 
     </span>
     <span class='ocr_line' id='line_1_10' title="bbox 49 832 1127 980; baseline 0 -21"><span class='ocrx_word' id='word_1_60' title='bbox 49 895 229 961; x_wconf 85' lang='lat' dir='ltr'><strong>secundum</strong></span> <span class='ocrx_word' id='word_1_61' title='bbox 252 916 331 980; x_wconf 90' lang='lat' dir='ltr'><strong>quas</strong></span> <span class='ocrx_word' id='word_1_62' title='bbox 353 892 557 957; x_wconf 81' lang='lat' dir='ltr'><strong>ratiocinatio</strong></span> <span class='ocrx_word' id='word_1_63' title='bbox 584 892 786 959; x_wconf 89' lang='lat' dir='ltr'><strong>conficienda</strong></span> <span class='ocrx_word' id='word_1_64' title='bbox 806 901 876 971; x_wconf 83' lang='lat' dir='ltr'><strong>est,</strong></span> <span class='ocrx_word' id='word_1_65' title='bbox 897 903 934 958; x_wconf 86' lang='lat' dir='ltr'><strong>ut</strong></span> <span class='ocrx_word' id='word_1_66' title='bbox 954 916 1015 979; x_wconf 89' lang='lat' dir='ltr'><strong>per</strong></span> <span class='ocrx_word' id='word_1_67' title='bbox 1037 832 1127 959; x_wconf 81' lang='lat' dir='ltr'><strong>illam</strong></span> 
     </span>
     <span class='ocr_line' id='line_1_11' title="bbox 49 973 1127 1060; baseline 0.003 -22"><span class='ocrx_word' id='word_1_68' title='bbox 49 978 200 1059; x_wconf 81' lang='lat' dir='ltr'><strong>ignotum</strong></span> <span class='ocrx_word' id='word_1_69' title='bbox 223 996 266 1039; x_wconf 85' lang='lat' dir='ltr'><strong>ex</strong></span> <span class='ocrx_word' id='word_1_70' title='bbox 287 988 363 1040; x_wconf 91' lang='lat' dir='ltr'><strong>noto</strong></span> <span class='ocrx_word' id='word_1_71' title='bbox 386 973 502 1038; x_wconf 84' lang='lat' dir='ltr'><strong>inferri</strong></span> <span class='ocrx_word' id='word_1_72' title='bbox 524 983 633 1058; x_wconf 85' lang='lat' dir='ltr'><strong>queat.</strong></span> <span class='ocrx_word' id='word_1_73' title='bbox 656 975 693 1038; x_wconf 95' lang='lat' dir='ltr'><strong>ln</strong></span> <span class='ocrx_word' id='word_1_74' title='bbox 716 973 817 1039; x_wconf 88' lang='lat' dir='ltr'><strong>altera</strong></span> <span class='ocrx_word' id='word_1_75' title='bbox 836 984 929 1058; x_wconf 89' lang='lat' dir='ltr'><strong>parte</strong></span> <span class='ocrx_word' id='word_1_76' title='bbox 949 975 1127 1060; x_wconf 81' lang='lat' dir='ltr'><strong>explicabi-</strong></span> 
     </span>
     <span class='ocr_line' id='line_1_12' title="bbox 49 1053 1129 1143; baseline 0.005 -25"><span class='ocrx_word' id='word_1_77' title='bbox 49 1078 121 1121; x_wconf 86' lang='lat' dir='ltr'><strong>mus</strong></span> <span class='ocrx_word' id='word_1_78' title='bbox 143 1055 307 1142; x_wconf 91' lang='lat' dir='ltr'><strong>quidquid</strong></span> <span class='ocrx_word' id='word_1_79' title='bbox 335 1065 457 1139; x_wconf 86' lang='lat' dir='ltr'><strong>spectat</strong></span> <span class='ocrx_word' id='word_1_80' title='bbox 484 1053 524 1117; x_wconf 89' lang='lat' dir='ltr'><strong>ad</strong></span> <span class='ocrx_word' id='word_1_81' title='bbox 553 1054 699 1121; x_wconf 75' lang='lat' dir='ltr'><strong>diuersas</strong></span> <span class='ocrx_word' id='word_1_82' title='bbox 726 1055 852 1140; x_wconf 88' lang='lat' dir='ltr'><strong>species</strong></span> <span class='ocrx_word' id='word_1_83' title='bbox 880 1055 959 1143; x_wconf 71' lang='lat' dir='ltr'><strong>syllo</strong></span> <span class='ocrx_word' id='word_1_84' title='bbox 984 1058 1058 1121; x_wconf 91' lang='lat' dir='ltr'><strong>ismi</strong></span> <span class='ocrx_word' id='word_1_85' title='bbox 1086 1079 1129 1123; x_wconf 78' lang='lat' dir='ltr'><strong>ex</strong></span> 
     </span>
     <span class='ocr_line' id='line_1_13' title="bbox 49 1135 1128 1213; baseline 0.005 -15"><span class='ocrx_word' id='word_1_86' title='bbox 49 1135 240 1204; x_wconf 78' lang='lat' dir='ltr'><strong>diversitate</strong></span> <span class='ocrx_word' id='word_1_87' title='bbox 261 1138 431 1213; x_wconf 83' lang='lat' dir='ltr'><strong>materiae,</strong></span> <span class='ocrx_word' id='word_1_88' title='bbox 454 1138 522 1201; x_wconf 86' lang='lat' dir='ltr'><strong>sive</strong></span> <span class='ocrx_word' id='word_1_89' title='bbox 543 1137 827 1213; x_wconf 88' lang='lat' dir='ltr'><strong>enunciationum,</strong></span> <span class='ocrx_word' id='word_1_90' title='bbox 850 1158 891 1201; x_wconf 86' lang='lat' dir='ltr'><strong>ex</strong></span> <span class='ocrx_word' id='word_1_91' title='bbox 937 1159 969 1201; x_wconf 80' lang='lat' dir='ltr'><strong>ut</strong></span> <span class='ocrx_word' id='word_1_92' title='bbox 995 1159 1033 1203; x_wconf 88' lang='lat' dir='ltr'><strong>us</strong></span> <span class='ocrx_word' id='word_1_93' title='bbox 1054 1159 1128 1203; x_wconf 92' lang='lat' dir='ltr'><strong>con-</strong></span> 
     </span>
     <span class='ocr_line' id='line_1_14' title="bbox 49 1218 1128 1313; baseline 0.004 -34"><span class='ocrx_word' id='word_1_94' title='bbox 49 1220 156 1283; x_wconf 86' lang='lat' dir='ltr'><strong>clusio</strong></span> <span class='ocrx_word' id='word_1_95' title='bbox 180 1222 321 1302; x_wconf 73' lang='lat' dir='ltr'><strong>cruitur.</strong></span> <span class='ocrx_word' id='word_1_96' title='bbox 340 1218 489 1301; x_wconf 89' lang='lat' dir='ltr'><strong>Denique</strong></span> <span class='ocrx_word' id='word_1_97' title='bbox 513 1218 546 1280; x_wconf 92' lang='lat' dir='ltr'><strong>in</strong></span> <span class='ocrx_word' id='word_1_98' title='bbox 568 1218 666 1282; x_wconf 83' lang='lat' dir='ltr'><strong>tertia</strong></span> <span class='ocrx_word' id='word_1_99' title='bbox 680 1226 783 1304; x_wconf 84' lang='lat' dir='ltr'><strong>parte,</strong></span> <span class='ocrx_word' id='word_1_100' title='bbox 799 1238 882 1313; x_wconf 88' lang='lat' dir='ltr'><strong>quae</strong></span> <span class='ocrx_word' id='word_1_101' title='bbox 938 1220 1128 1301; x_wconf 76' lang='lat' dir='ltr'><strong>elbodoloqia</strong></span> 
     </span>
     <span class='ocr_line' id='line_1_15' title="bbox 48 1296 1198 1384; baseline 0.003 -23"><span class='ocrx_word' id='word_1_102' title='bbox 48 1298 184 1377; x_wconf 83' lang='lat' dir='ltr'><strong>dicitur,</strong></span> <span class='ocrx_word' id='word_1_103' title='bbox 207 1301 427 1384; x_wconf 85' lang='lat' dir='ltr'><strong>inquiremus,</strong></span> <span class='ocrx_word' id='word_1_104' title='bbox 451 1319 470 1362; x_wconf 91' lang='lat' dir='ltr'><strong>a</strong></span> <span class='ocrx_word' id='word_1_105' title='bbox 491 1296 687 1383; x_wconf 85' lang='lat' dir='ltr'><strong>quibusnam</strong></span> <span class='ocrx_word' id='word_1_106' title='bbox 711 1300 885 1384; x_wconf 77' lang='lat' dir='ltr'><strong>principiis</strong></span> <span class='ocrx_word' id='word_1_107' title='bbox 906 1300 1051 1366; x_wconf 86' lang='lat' dir='ltr'><strong>studioso</strong></span> <span class='ocrx_word' id='word_1_108' title='bbox 1073 1321 1129 1365; x_wconf 89' lang='lat' dir='ltr'><strong>cu·</strong></span> <span class='ocrx_word' id='word_1_109' title='bbox 1190 1333 1198 1339; x_wconf 91' lang='lat'>-</span> 
     </span>
     <span class='ocr_line' id='line_1_16' title="bbox 52 1377 1127 1467; baseline 0.002 -24"><span class='ocrx_word' id='word_1_110' title='bbox 52 1382 168 1467; x_wconf 86' lang='lat' dir='ltr'><strong>iusque</strong></span> <span class='ocrx_word' id='word_1_111' title='bbox 193 1382 346 1445; x_wconf 87' lang='lat' dir='ltr'><strong>scientiae</strong></span> <span class='ocrx_word' id='word_1_112' title='bbox 370 1377 642 1464; x_wconf 88' lang='lat' dir='ltr'><strong>proficiscendum</strong></span> <span class='ocrx_word' id='word_1_113' title='bbox 664 1381 718 1457; x_wconf 86' lang='lat' dir='ltr'><strong>sit,</strong></span> <span class='ocrx_word' id='word_1_114' title='bbox 741 1389 775 1445; x_wconf 87' lang='lat' dir='ltr'><strong>et</strong></span> <span class='ocrx_word' id='word_1_115' title='bbox 795 1401 936 1465; x_wconf 92' lang='lat' dir='ltr'><strong>quonam</strong></span> <span class='ocrx_word' id='word_1_116' title='bbox 957 1384 1071 1447; x_wconf 88' lang='lat' dir='ltr'><strong>ordine</strong></span> <span class='ocrx_word' id='word_1_117' title='bbox 1093 1383 1127 1445; x_wconf 88' lang='lat' dir='ltr'><strong>in</strong></span> 
     </span>
     <span class='ocr_line' id='line_1_17' title="bbox 51 1459 1126 1548; baseline 0.004 -25"><span class='ocrx_word' id='word_1_118' title='bbox 51 1466 118 1528; x_wconf 81' lang='lat' dir='ltr'><strong>suis</strong></span> <span class='ocrx_word' id='word_1_119' title='bbox 140 1460 478 1548; x_wconf 82' lang='lat' dir='ltr'><strong>argumentationibus</strong></span> <span class='ocrx_word' id='word_1_120' title='bbox 499 1459 789 1546; x_wconf 77' lang='lat' dir='ltr'><strong>progrediendum,</strong></span> <span class='ocrx_word' id='word_1_121' title='bbox 811 1472 849 1529; x_wconf 86' lang='lat' dir='ltr'><strong>ut</strong></span> <span class='ocrx_word' id='word_1_122' title='bbox 869 1459 1033 1530; x_wconf 88' lang='lat' dir='ltr'><strong>obiectum</strong></span> <span class='ocrx_word' id='word_1_123' title='bbox 1050 1482 1126 1527; x_wconf 87' lang='lat' dir='ltr'><strong>suae</strong></span> 
     </span>
     <span class='ocr_line' id='line_1_18' title="bbox 52 1542 517 1628; baseline -0.004 -21"><span class='ocrx_word' id='word_1_124' title='bbox 52 1546 207 1609; x_wconf 83' lang='lat' dir='ltr'><strong>scientiae</strong></span> <span class='ocrx_word' id='word_1_125' title='bbox 226 1544 381 1628; x_wconf 88' lang='lat' dir='ltr'><strong>consequi</strong></span> <span class='ocrx_word' id='word_1_126' title='bbox 405 1542 517 1628; x_wconf 88' lang='lat' dir='ltr'><strong>possit.</strong></span> 
     </span>
    </p>
   </div>
   <div class='ocr_carea' id='block_1_3' title="bbox 53 1780 1125 1923">
    <p class='ocr_par' dir='ltr' id='par_1_4' title="bbox 53 1780 1125 1923">
     <span class='ocr_line' id='line_1_19' title="bbox 88 1780 1125 1851; baseline -0.002 -14"><span class='ocrx_word' id='word_1_127' title='bbox 88 1790 96 1823; x_wconf 80' lang='lat'><strong>¹</strong></span> <span class='ocrx_word' id='word_1_128' title='bbox 117 1786 193 1837; x_wconf 82' lang='lat' dir='ltr'><strong>lianc</strong></span> <span class='ocrx_word' id='word_1_129' title='bbox 211 1787 245 1837; x_wconf 86' lang='lat' dir='ltr'><strong>ob</strong></span> <span class='ocrx_word' id='word_1_130' title='bbox 264 1786 395 1837; x_wconf 80' lang='lat' dir='ltr'><strong>rationem</strong></span> <span class='ocrx_word' id='word_1_131' title='bbox 415 1780 511 1847; x_wconf 77' lang='lat' dir='ltr'><strong>Logloa</strong></span> <span class='ocrx_word' id='word_1_132' title='bbox 530 1786 670 1848; x_wconf 62' lang='lat' dir='ltr'><strong>atrapitena</strong></span> <span class='ocrx_word' id='word_1_133' title='bbox 688 1786 884 1851; x_wconf 72' lang='lat' dir='ltr'><strong>disciplinarum</strong></span> <span class='ocrx_word' id='word_1_134' title='bbox 902 1798 917 1835; x_wconf 85' lang='lat' dir='ltr'><strong>a</strong></span> <span class='ocrx_word' id='word_1_135' title='bbox 938 1797 962 1835; x_wconf 84' lang='lat' dir='ltr'><strong>s.</strong></span> <span class='ocrx_word' id='word_1_136' title='bbox 977 1782 1125 1847; x_wconf 68' lang='lat' dir='ltr'><strong>Augustino</strong></span> 
     </span>
     <span class='ocr_line' id='line_1_20' title="bbox 53 1852 636 1923; baseline -0.002 -15"><span class='ocrx_word' id='word_1_137' title='bbox 53 1861 213 1923; x_wconf 67' lang='lat' dir='ltr'><strong>appellatum</strong></span> <span class='ocrx_word' id='word_1_138' title='bbox 237 1860 274 1909; x_wconf 80' lang='lat' dir='ltr'><strong>Da</strong></span> <span class='ocrx_word' id='word_1_139' title='bbox 293 1858 372 1918; x_wconf 74' lang='lat' dir='ltr'><strong>ord..</strong></span> <span class='ocrx_word' id='word_1_140' title='bbox 393 1855 439 1905; x_wconf 87' lang='lat' dir='ltr'><strong>lib.</strong></span> <span class='ocrx_word' id='word_1_141' title='bbox 462 1854 496 1913; x_wconf 86' lang='lat' dir='ltr'><strong>ll,</strong></span> <span class='ocrx_word' id='word_1_142' title='bbox 516 1870 541 1907; x_wconf 84' lang='lat' dir='ltr'><strong>o.</strong></span> <span class='ocrx_word' id='word_1_143' title='bbox 562 1852 636 1907; x_wconf 88' lang='lat' dir='ltr'><strong>lllll.</strong></span> 
     </span>
    </p>
   </div>
   <div class='ocr_carea' id='block_1_4' title="bbox 0 0 1242 3909">
    <p class='ocr_par' dir='ltr' id='par_1_5' title="bbox 0 0 1242 3909">
     <span class='ocr_line' id='line_1_21' title="bbox 0 0 1242 3909; baseline 0 2"><span class='ocrx_word' id='word_1_144' title='bbox 0 0 1242 3909; x_wconf 95' lang='lat' dir='ltr'><strong> </strong></span> 
     </span>
    </p>
   </div>
  </div>
 </body>
</html>
