2475 3909
162 188 205 255 54
557 205 755 257 coarcere

119 290 259 374 pliciter,
282 289 486 371 ignorationis
507 287 632 367 elenchi,
688 291 808 356 titionis
824 287 994 375 principii,
1009 304 1190 374 consequen·

126 377 179 447 ris,
202 393 264 437 non
285 391 394 437 canace
414 392 472 455 pro
496 392 602 450 consa,
621 374 766 471 perium
788 373 1075 454 interrogationum.

164 457 214 521 15.
238 454 379 519 Fallacia
402 453 567 519 occidentis
583 458 705 534 existit,
721 456 846 541 quoties
860 475 901 517 ex
915 475 955 518 eo
970 453 1088 550 solum,
1099 452 1188 538 quod

123 537 331 603 individuum
365 535 463 602 alicui
495 537 618 622 speciei
648 538 843 615 subiicitur,
876 534 1048 600 deducitur
1079 555 1189 621 ipsum

122 620 307 704 praeditum
329 638 395 683 esse
417 618 459 684 ali
483 640 525 685 ua
546 640 607 705 pro
631 623 768 697 rietate,
796 638 878 714 quae
900 617 939 682 ad
961 620 1103 702 speeiem
1130 636 1191 700 per

123 702 273 767 accidens
295 702 446 787 pertinet.
461 640 508 765 b.
533 722 578 787 g.‚
635 723 704 767 omo
726 713 827 767 currit
837 723 850 778 ,·
869 702 957 785 otqni
978 703 1121 769 Socrates
1141 710 1188 763 est

125 786 224 861 homo;
249 804 317 867 erqo
340 784 480 849 Socrates
502 786 613 847 currit.

166 867 214 933 16.
238 866 379 931 Fallacia
401 867 552 929 transitor
572 888 592 930 o
613 867 696 931 dicto
722 866 890 931 secundum
931 864 985 927 uid
1004 863 1045 927 od
1067 863 1188 926 dictem

126 949 309 1035 simpliciter
331 946 555 1024 committitur,
571 970 644 1013 cum
665 970 706 1013 ex
726 970 776 1024 eo,
790 944 877 1032 quod
893 883 1016 1030 aliquid
1035 945 1190 1010 convenit

126 1032 224 1096 alicui
248 1029 423 1095 secundum
452 1028 595 1115 aliquam
615 1032 796 1103 rationem,
826 1032 934 1113 ipsum
956 1028 985 1091 ei
1007 1024 1188 1092 secuudum

125 1134 253 1178 omnem
274 1114 434 1177 rationem
456 1112 626 1178 convenire
648 1112 824 1198 colligitur3
847 1132 877 1174 e.
895 1129 940 1193 g,
958 1110 1191 1194 Anabaptistae

125 1218 166 1259 rex
188 1218 227 1260 eo
250 1193 334 1281 quod
357 1193 477 1259 Paulus
498 1205 588 1259 vetus
609 1196 850 1260 Testamentum
872 1192 1062 1277 abrogatum
1085 1189 1192 1254 luisse

126 1279 267 1376 scripsit,
291 1276 504 1341 conficiebant
519 1278 627 1362 ipsum
642 1277 773 1341 omuino
788 1296 851 1339 non
867 1275 985 1339 valere.
1001 1274 1076 1349 Quo
1090 1270 1191 1335 modo

126 1382 145 1423 a
166 1360 254 1429 drcto
276 1359 451 1426 secundum
472 1358 514 1423 ali
541 1380 615 1423 uam
632 1360 788 1425 rationem
804 1357 843 1422 ad
858 1356 981 1421 dictum
997 1354 1194 1439 simpliciter

126 1442 439 1529 progrediebantur;
464 1379 583 1506 Padlus
607 1443 695 1505 enim
717 1462 781 1505 uon
804 1439 867 1504 sibi
889 1439 992 1504 voluit
1018 1447 1110 1501 retus
1131 1435 1195 1500 Te-

127 1536 321 1591 stamentum
339 1523 528 1608 abrogatum
551 1524 652 1588 luisse
674 1525 818 1599 omnino,
835 1519 889 1585 sed
905 1521 1015 1603 aliqua
1030 1528 1193 1602 exparte,

128 1609 194 1672 sire
217 1629 280 1673 non
304 1609 336 1672 iu
358 1606 410 1680 iis,
432 1626 513 1689 quae
536 1605 574 1668 ad
599 1604 824 1680 substantiam,
848 1602 960 1667 sedin
984 1602 1036 1675 iis,
1051 1620 1135 1686 quae
1150 1600 1193 1665 ad

128 1688 308 1755 accidentia
331 1698 485 1785 spectant.

170 1773 217 1837 17.
242 1772 382 1837 Fallacia
403 1769 606 1851 ignorationis
629 1768 763 1845 elenchi,
789 1788 846 1831 seu
873 1763 1126 1847 reclamationis,
1150 1786 1195 1828 ex

129 1876 167 1917 eo
189 1855 348 1940 originem
370 1852 487 1927 babet,
509 1847 594 1936 quod
617 1852 757 1938 sophista
784 1847 902 1915 obiicit
929 1846 1113 1912 adversario
1135 1847 1198 1910 ali·

129 1958 226 2021 quam
249 1934 560 2011 contradictionem,
584 1954 668 2017 quae
695 1934 801 2016 reipsa
830 1952 892 1996 uon
922 1928 1082 2003 existit¹3
1105 1928 1197 1994 unde

130 2020 271 2103 sophista
294 2016 511 2083 adversarium
534 2014 729 2101 redarguere
747 2012 889 2089 videtur,
913 2011 968 2076 sed
991 2030 1103 2075 revera
1128 2031 1196 2075 nou

130 2102 308 2185 redarguit.
332 2101 370 2164 E.
387 2120 432 2183 g,
454 2099 513 2162 boc
535 2099 697 2183 sophisma
710 2097 915 2163 committunt
937 2092 1101 2167 baeretici,
1117 2113 1196 2157 cum

132 2185 176 2247 ita
200 2189 484 2266 argumentantur:
511 2178 656 2245 Christus
681 2192 725 2243 est
753 2188 890 2242 aeternos
903 2201 915 2254 ,·
935 2177 1023 2261 utqui
1048 2174 1197 2239 Christus

130 2273 224 2329 reatus
247 2272 290 2327 est
311 2264 347 2326 in
369 2274 513 2345 ternpore·
526 2282 596 2344 erpo
614 2262 757 2327 Christus
778 2273 820 2324 est
840 2270 992 2336 aeternus,
1014 2268 1041 2320 et
1063 2277 1125 2318 non
1145 2278 1200 2320 oe·

132 2360 248 2410 ternos.
266 2346 353 2409 Haec
367 2342 694 2430 contradictio,quam
710 2346 773 2429 ipsi
788 2340 978 2415 obtrudunt,
993 2360 1055 2405 non
1070 2340 1198 2416 existit,

133 2450 206 2493 riam
229 2448 289 2493 esse
310 2439 479 2503 oeternum,
503 2437 534 2491 et
554 2448 615 2491 eece
635 2438 742 2490 notem
756 2428 938 2508 intempore
952 2443 1016 2487 nou
1072 2422 1200 2487 rtiuent

134 2510 174 2575 ad
198 2508 362 2575 Christum
382 2507 556 2574 secundum
578 2508 737 2586 eamdem,
761 2507 815 2573 sed
838 2505 1017 2571 secundum
1053 2504 1199 2569 iversam

134 2604 295 2659 naturam.

175 2675 224 2741 18.
249 2674 363 2737 Potitio
381 2673 539 2758 principii
558 2671 707 2748 habetur,
729 2672 857 2756 quoties
878 2693 897 2731 n
912 2668 997 2733 idem
1020 2668 1202 2732 assumitur

134 2756 174 2819 ad
193 2754 420 2902 probationem
441 2756 491 2819 sui
514 2756 617 2838 ipsius
646 2754 706 2819 sub
734 2754 799 2819 alio
823 2749 1004 2819 vocabulo²
1027 2773 1057 2813 n.
1079 2749 1115 2812 lu
1137 2749 1202 2814 boc

135 2858 192 2922 sep
216 2839 295 2901 isma
319 2838 497 2902 incurreret
519 2838 669 2921 quisquis
692 2835 887 2922 probaturus
914 2834 1057 2897 animam
1084 2830 1203 2894 buma-

135 2940 210 2983 nam
231 2938 298 2983 esse
321 2918 535 2983 immortalem
559 2929 837 3004 argumentaretur
859 2920 917 2983 boc
940 2913 1058 2978 modo:
1081 2913 1204 2977 Animo

136 3001 271 3066 humano
292 3012 334 3065 est
356 3011 505 3086 superstes
527 3001 665 3084 corpori;
684 3021 753 3085 erpo
773 3012 818 3065 est
838 2997 1037 3063 immortalis.

179 3083 227 3148 19.
252 3082 392 3147 Fallacia
407 3084 611 3166 consequentis
634 3079 714 3147 duos
736 3082 848 3149 modos
860 3080 979 3146 habere
993 3087 1109 3163 potest.
1125 3077 1204 3142 Pri-

137 3185 210 3229 mus
231 3174 299 3241 est,
322 3185 418 3241 cum,
440 3168 547 3249 posito
568 3169 776 3249 consequenti
799 3166 938 3231 alienius
961 3160 1203 3225 enunciatiouis

139 3266 315 3323 connexae,
337 3248 470 3331 ponitur
489 3258 521 3313 et
542 3246 742 3315 antecedens.
766 3251 805 3315 E.
822 3270 867 3335 g„
882 3246 921 3315 Si
941 3243 1029 3307 homo
1050 3254 1104 3320 est,
1128 3244 1200 3307 oni-

176 3468 187 3505 ¹
206 3468 268 3521 lnde
288 3468 411 3533 intelligis
423 3470 475 3518 boc
487 3468 621 3531 sophisma
633 3470 819 3530 tpnorrrtlonrm
830 3468 936 3529 ehncht,
949 3484 996 3521 seu
1009 3472 1206 3535 redormitione

125 3544 239 3609 lineari,
260 3544 321 3606 quia
340 3542 468 3604 sophista,
487 3542 532 3603 qut
552 3539 712 3600 incutitur,
731 3540 857 3603 osunen
875 3555 903 3591 re
923 3544 1053 3605 ignorum,
1066 3547 1206 3608 quomoto

142 3615 305 3665 adversarius
324 3614 519 3677 redarguendus
538 3614 582 3663 stt.

176 3689 187 3724 ²
207 3684 233 3738 S.
254 3683 360 3747 Thou„
382 3688 475 3751 Opere.
496 3680 618 3747 xxxix,
639 3685 679 3738 Dr
697 3688 829 3750 Fallnritr,
848 3700 874 3736 c.
897 3685 941 3737 12.
