2475 3909
168 117 228 182 148
561 137 762 191 cosuocootn

123 231 207 296 rent,
225 228 331 282 tamen
355 218 387 282 in
410 235 448 279 eo
470 222 677 298 conveniunt,
694 226 782 307 quod
806 237 945 314 utraque
962 249 1039 301 sunt
1054 238 1189 305 substan.

123 302 202 364 tiae.
226 298 392 364 Animalia
415 318 432 360 a
459 299 696 385 vegetabilibus
717 304 893 385 dissident,
916 315 1004 398 quod
1035 321 1103 405 ipsa
1123 343 1188 387 sen.

122 405 194 447 sum
209 381 338 458 babent,
355 400 420 465 quo
436 380 562 465 plantae
582 396 706 462 carcut3
721 398 754 454 ai
769 391 802 453 iu
817 413 858 457 eo
871 399 1088 476 consentiunt,
1124 407 1183 469 und

121 465 219 529 ambo
241 464 366 530 vivunt.
388 462 545 529 Homines
572 486 589 529 a
612 465 717 534 brutis
738 471 1019 552 discriminantur,
1041 504 1084 566 qu
1140 509 1188 550 fa.

121 549 209 612 tione
232 545 371 629 praediti
394 555 480 620 sunl;
504 545 571 624 sed,
589 549 724 632 perinde
746 573 784 618 ac
805 555 914 633 bruta,
931 563 1084 632 sentiunt,
1106 568 1182 634 Cum

120 630 185 695 sint
206 627 324 711 Augeli
352 624 553 721 substantiae
581 651 670 695 mere
692 633 951 719 intellectuales,
975 643 1129 714 differunt
1151 650 1186 715 at.

119 709 332 788 bominibus;
355 706 408 772 sed
431 707 464 772 br
486 730 561 774 cum
586 711 650 776 illis
671 719 879 801 conveniunt,
901 745 941 787 eo
964 728 1049 810 quod
1073 731 1187 799 intelli.

123 803 214 874 gunt.
239 792 376 876 lusuper
397 811 438 854 ex
453 789 591 857 diversis
613 797 784 878 speciebus
806 824 872 868 uua
894 818 943 872 est
964 809 1064 874 altera
1088 816 1188 898 perte-

118 874 202 938 ctior
219 874 243 950 ¹,
262 875 361 937 immo
378 873 411 936 in
431 871 546 958 eadem
560 878 669 959 specie
682 891 757 948 sunt
776 881 897 951 diversi
919 893 1106 960 essentiales
1121 918 1189 980 gra.

120 955 181 1018 dus
199 955 422 1038 perfectiouis,
439 953 578 1039 indeque
594 955 755 1040 diversae,
773 974 809 1029 nt
822 979 980 1049 recentes,
995 975 1101 1051 aiunt,
1117 980 1189 1042 elus

117 1059 163 1102 ses
187 1038 370 1103 existunt&
387 1036 439 1100 Ex
459 1035 519 1102 boc
540 1036 589 1116 fit,
606 1051 642 1104 ut
663 1042 808 1110 nobilior
829 1062 944 1116 natura
968 1075 1026 1138 per
1039 1061 1189 1143 speciem,

117 1119 167 1184 vel
193 1119 328 1185 classem
346 1117 549 1196 inferiorem,
566 1142 665 1204 quam
687 1128 927 1212 complectitur,
943 1157 1017 1200 cum
1033 1161 1090 1215 ea,
1105 1163 1185 1227 quae

116 1202 324 1286 ignobilioris
347 1202 476 1284 generis
498 1215 562 1279 est,
586 1205 822 1292 coniungatur,
844 1226 875 1280 et
897 1218 1053 1300 vicissim,
1078 1235 1116 1288 ut
1138 1247 1189 1289 aa·

113 1298 187 1349 tura
213 1285 378 1349 inl'erioris
400 1283 598 1350 conditionis
621 1307 681 1371 per
700 1293 857 1374 speciem,
873 1297 942 1364 sive
965 1301 1102 1368 classem
1121 1328 1188 1393 pus.

112 1366 296 1445 lentiorem,
311 1385 395 1451 quae
418 1365 452 1430 in
475 1386 512 1429 ea
534 1369 737 1447 continetur,
760 1396 862 1458 genus
885 1400 1008 1459 rerum,
1023 1405 1110 1468 quae
1133 1412 1188 1454 no-

112 1448 224 1514 biliori
248 1460 362 1515 natura
384 1447 518 1531 pollent,
541 1449 781 1533 quodammodo
802 1459 981 1545 attingat⁸,
1004 1487 1123 1554 nempe
1146 1472 1184 1536 ad

112 1531 195 1596 illud
220 1532 324 1616 magis
345 1527 486 1594 accedat.
511 1531 548 1596 E.
567 1551 612 1615 g.,
635 1530 745 1600 bellua
769 1557 828 1621 per
848 1558 1098 1633 euronq-outuuq
1114 1575 1186 1617 cum

110 1615 255 1688 bomine,
278 1624 308 1677 et
331 1631 388 1696 per
411 1611 563 1699 polypum
585 1635 660 1678 cum
685 1617 792 1702 planta
814 1625 1028 1711 coniungitur
1042 1632 1068 1693 ⁴.
1087 1636 1185 1718 Atqui

108 1699 143 1761 in
159 1698 220 1774 bis,
236 1694 414 1760 secuudum
437 1695 666 1775 Scholastieos,
682 1699 848 1786 colligatio
870 1727 982 1774 rerum
1006 1715 1186 1781 nruudana.

108 1801 185 1844 rum
207 1778 366 1843 consistit·
390 1778 488 1861 Ergo.

254 1903 321 1956 Aur.
337 1900 370 1951 ll.
383 1930 416 1938 -
431 1899 591 1952 leibnitiana
613 1905 654 1952 lex
673 1911 856 1961 continuitatis
876 1915 1034 1977 expenditur

150 2015 218 2080 125.
244 2013 366 2078 Rerum
389 2011 626 2076 mundanarum
654 2013 822 2102 colligatio
849 2023 1028 2090 secuudum
1053 2029 1183 2096 Sebela-

107 2097 263 2163 sticorum
290 2095 479 2160 sententiam
509 2096 552 2160 ita
581 2095 791 2181 intelligenda
818 2115 889 2181 est,
911 2117 948 2172 ut
968 2111 1055 2185 etsi,
1078 2133 1110 2174 e.
1136 2135 1181 2197 g„

105 2177 265 2263 quaedam
288 2177 470 2262 plantarum
486 2177 608 2260 species
631 2176 674 2241 ob
696 2183 854 2248 maiorem
876 2189 927 2252 sui
950 2191 1181 2258 excellentiam

140 2393 149 2428 t
173 2385 231 2438 «ln
250 2384 328 2435 rebus
348 2379 510 2430 naturatibus
529 2377 659 2441 gradatim
678 2382 780 2441 species
800 2381 938 2434 ordinatae
952 2389 1087 2442 ridentur.
1106 2393 1183 2446 sicui

104 2466 183 2513 mixta
200 2458 359 2523 perfectiora
380 2458 442 2501 snut
459 2451 610 2510 elementis,
624 2456 651 2501 et
665 2451 771 2512 plautas
785 2456 940 2518 corporibus
954 2461 1143 2524 mittentibus,
1158 2475 1183 2518 et

102 2535 228 2586 anirualia
249 2530 357 2594 plantis,
377 2531 403 2574 et
424 2524 544 2573 bornines
565 2523 625 2574 aliis
644 2525 844 2579 animationis,
860 2524 881 2586 Ι,
901 2544 929 2594 q,
944 2527 1051 2594 xmp,
1071 2541 1134 2589 ..Ξ
1157 2559 1182 2589 r.

137 2607 157 2644 2
169 2605 241 2656 llaec
259 2599 430 2666 perfectiouis
449 2597 597 2646 essentialis
610 2596 732 2659 gradatio
744 2600 861 2660 speciem
877 2602 1020 2655 humanam
1036 2623 1091 2658 nou
1106 2627 1186 2662 wm-

103 2681 238 2742 plectitur,
259 2687 332 2730 uam,
348 2686 409 2720 curu
430 2671 510 2718 honio
526 2672 550 2717 iu
565 2681 660 2731 genere
675 2669 883 2721 substantiarum
897 2674 1128 2732 intellectualium
1144 2687 1188 2735 iu.

100 2753 193 2802 fimum
213 2752 302 2798 locum
323 2749 428 2801 teneat,
448 2755 501 2790 nau
520 2745 561 2790 est
582 2741 705 2803 possibile
724 2743 836 2792 inventri
856 2747 882 2796 in
901 2749 994 2799 eadem
1014 2758 1110 2814 speeie
1130 2757 1187 2806 tan.

100 2838 179 2875 mana
200 2823 289 2885 plures
308 2817 403 2881 gradus
424 2814 605 2876 perlectionis,
620 2827 668 2875 per
686 2827 753 2878 qnos
772 2817 829 2878 ipsa
850 2819 876 2866 in
895 2821 1116 2888 plnresspecies,
1131 2844 1185 2879 sau

99 2901 210 2954 classes,
230 2892 310 2941 aliam
332 2889 383 2938 alia
406 2888 603 2950 perfectiorem,
624 2886 818 2937 subdividatur.

134 2969 146 3007 ³
167 2972 254 3020 Contr.
277 2965 363 3020 Geni..
383 2961 430 3011 lib.
447 2957 480 3017 ll,
501 2973 526 3008 c.
542 2959 587 3014 68,
607 2964 636 3009 et
655 2961 754 3010 Comus.
774 2963 803 3010 irs
821 2976 846 3011 ο.
865 2965 929 3015 i'm
948 2968 1186 3031 venialiora„

96 3044 105 3092 l
142 3051 162 3093 t.
185 3037 218 3093 tv
250 3042 278 3086 et
298 3031 381 3085 llllll.

108 3057 144 3153 eoi
165 3075 303 3164 Manifesta
317 3107 414 3156 laisum
426 3108 467 3153 est
480 3103 556 3163 illud,
569 3101 641 3166 quod
654 3095 769 3152 bachius
781 3099 844 3172 (Op.
858 3108 914 3162 etr„
928 3107 975 3158 rip,
989 3107 1035 3170 111,
1049 3111 1065 3173 ς
1081 3111 1112 3172 5,
1132 3115 1185 3179 ,ἐι

96 3189 192 3242 relisit.
212 3184 245 3234 ab
264 3181 372 3232 bomine
392 3177 486 3226 seriem
501 3181 687 3226 ereaturarum
702 3174 924 3228 intellectualium
937 3194 1021 3244 usqae
1034 3183 1070 3232 ad
1083 3182 1183 3238 Deum

95 3271 242 3321 assurgere,
264 3249 488 3316 quemadmodum
501 3249 534 3296 ab
550 3247 655 3296 immine
670 3249 753 3299 series
764 3255 950 3300 creaturarum
962 3257 1184 3317 aspectabilium

96 3331 225 3392 usquead
240 3327 343 3376 iniimus
357 3321 519 3372 inensibiles
533 3321 627 3383 gradus
641 3319 786 3371 descendit.
799 3317 834 3372 lli
847 3336 920 3382 sane,
934 3327 1005 3375 unita
1021 3341 1064 3377 res
1079 3339 1184 3382 ereas„

95 3413 154 3448 esse
173 3403 259 3461 potest
278 3399 344 3446 adeo
365 3394 498 3459 perlecta,
520 3399 547 3442 nt
568 3393 683 3440 auritulus
701 3397 736 3441 sit
754 3395 786 3445 ad
806 3398 1016 3460 coniungendam
1037 3406 1186 3456 universi-

96 3476 177 3518 tatem
197 3483 286 3519 rerum
302 3473 454 3517 creatarum
467 3479 529 3516 oum
545 3463 607 3522 lleo;
624 3479 686 3514 narn
699 3467 768 3516 iuter
781 3465 876 3527 neum,
891 3476 918 3520 ct
930 3473 1081 3534 quamlibet
1094 3491 1188 3529 crea-

95 3546 195 3598 turam,
215 3542 264 3588 etsi
284 3553 423 3594 summum,
443 3541 544 3602 infinita
563 3539 685 3588 distentio
698 3547 746 3590 est.
762 3543 793 3591 in
805 3542 850 3591 iil.
866 3545 975 3606 ianm„
991 3543 1057 3598 pm·
1075 3544 1186 3612 mv,

95 3626 123 3676 q.
144 3609 165 3672 l,
186 3624 211 3661 a.
234 3611 317 3661 asni.
