2475 3909
458 166 660 216 cosuonoers
1005 145 1064 211 1ls3

26 249 139 335 (loque
163 247 306 315 facturus
333 261 416 318 esset
431 252 441 288 ¹
458 273 487 315 o.
514 250 628 338 Neque
649 272 690 315 cx
714 259 803 335 parte
827 249 929 395 ipsius
952 261 1098 314 naturae.

26 333 116 397 Nam
139 331 259 407 rebus,
282 353 364 418 quae
387 355 405 398 a
427 332 495 398 Deo
517 345 644 400 creatae
666 341 752 408 suot,
776 331 817 396 ab
867 352 952 417 oque
975 351 1105 397 conser-

25 424 168 489 vantur,
191 425 223 479 el
244 424 417 498 reguntur,
441 436 502 479 non
526 423 704 501 repugnat,
727 414 829 478 immo
851 424 1104 477 consentaneum

26 505 82 559 cst
106 496 191 579 ipsas
213 498 304 562 nutui
328 494 386 560 Dei
409 496 555 562 obedire.
580 498 693 584 Atqui,
716 516 791 560 cum
813 495 901 580 leges
923 492 1037 558 mundi
1061 495 1104 558 ob

27 575 255 643 immediatam
288 579 446 642 actionem
475 579 538 645 Dei
568 588 754 655 mutantur,
777 597 831 641 res
852 586 977 642 creatae
1008 577 1103 641 nutui

24 658 92 721 Dei
112 658 195 743 ipsas
210 659 360 734 creantis,
374 662 606 737 conservantis,
621 660 896 746 gubernantisque
910 657 1067 723 obediunt
1077 660 1102 720 ².

25 741 120 822 Ergo
143 761 183 804 es
200 754 289 826 parte
314 754 446 808 naturae
462 765 527 808 uon
542 757 702 828 repugnat
724 741 811 825 leges
832 742 904 806 eius
926 738 1103 886 alirpuando

26 823 153 886 mutari
169 823 191 886 ⁸.
209 823 278 888 Nisi
302 823 400 908 quod,
417 847 491 890 cum
514 826 598 910 loges
622 835 754 891 naturae
779 845 837 970 per
858 824 984 887 miracu
998 843 1016 884 a
1031 843 1103 885 mu-

27 902 94 966 tari
111 901 276 979 dicuntur,
300 905 477 990 putandum
502 927 565 971 non
588 915 637 971 est
658 907 815 971 miracuo
837 904 923 970 laedi
944 904 1045 970 ullam
1061 903 1116 968 le·'

27 1004 106 1068 gem
124 986 305 1068 generalem
329 998 474 1064 naturae,
498 988 588 1076 quia,
604 1000 641 1055 ut
655 1009 697 1052 ex
711 989 819 1054 allatis
841 987 1000 1072 exemplis
1016 983 1105 1050 colli-

29 1067 135 1149 gitur,
162 1064 248 1132 Deus
270 1068 427 1135 miracula
451 1080 557 1157 patrat
579 1091 642 1134 non
664 1073 741 1157 quia
758 1071 861 1155 legem
882 1069 1065 1156 generalem
1087 1089 1105 1131 a

28 1167 67 1210 se
91 1158 245 1214 statutam
271 1149 424 1228 destruit,
448 1153 502 1218 sed
526 1154 603 1238 quia
626 1153 697 1217 eius
718 1154 869 1219 ellectum
891 1152 988 1217 relate
1011 1149 1050 1214 ad
1073 1171 1106 1214 a·

28 1227 160 1324 liquam
187 1253 257 1296 rem
280 1234 508 1317 particularem
536 1234 726 1320 suspendit,
751 1236 802 1300 vel
824 1236 902 1320 quia
925 1235 958 1297 in
991 1244 1105 1298 natura

29 1309 179 1459 pippipepr
201 1313 363 1382 ellectum
390 1315 575 1384 sensibilem
604 1338 665 1402 per
684 1338 744 1394 se,
766 1326 800 1383 ot
821 1313 1008 1384 immediate
1031 1334 1104 1401 pro·

426 1522 606 1589 calva
637 1523 709 1589 vti.

367 1648 417 1714 lle
445 1649 579 1714 muudi
608 1650 767 1731 erluino

228 1767 295 1821 Αιτ.
319 1771 336 1820 Ι.
348 1795 382 1811 -
394 1769 486 1824 Utrum
508 1775 655 1823 mrindusa
677 1771 730 1824 Deo
749 1776 783 1824 sit
802 1782 908 1825 creatus

76 1876 146 1940 161.
180 1875 354 1941 Crcutionis
382 1880 511 1944 nomine
540 1879 736 1964 intelligitur
763 1880 934 1966 productio
962 1883 1010 1945 rei
1035 1881 1104 1946 «iu

26 1979 94 2022 cccc
117 1958 293 2022 secundum
318 1968 415 2024 totam
439 1981 528 2026 suam
552 1960 763 2028 substantiam
782 1987 811 2041 o,
836 1965 881 2030 ita
903 1973 940 2030 ut
960 1983 1105 2028 acausa-

27 2041 106 2106 litas
128 2041 267 2107 creantis
288 2061 321 2106 se
344 2041 496 2110 extendat
519 2041 558 2107 ad
583 2064 679 2109 omne
702 2044 809 2122 illud,
832 2044 919 2131 quod
942 2046 975 2110 in
998 2067 1032 2111 re
1057 2048 1104 2111 in-

28 2123 188 2188 venitur⁵
205 2143 240 2198 »;
264 2121 349 2188 unde
373 2123 550 2190 definitur:
575 2125 750 2193 Productio
780 2129 881 2194 totius
901 2148 962 2193 csse
989 2128 1038 2194 rei
1063 2149 1105 2193 ex

26 2202 162 2279 nihilo,
186 2206 228 2268 ila
251 2216 287 2272 ut
308 2206 390 2270 nihil
423 2217 515 2272 antea
545 2218 659 2284 estet,
688 2230 730 2274 ex
756 2230 822 2294 quo
849 2231 900 2275 ros
933 2210 1101 2277 educatur.

26 2287 117 2352 Hinc
141 2285 229 2350 valde
252 2287 350 2353 distat
377 2291 499 2356 creatio
522 2289 563 2354 ab
587 2291 643 2356 illa
665 2293 814 2368 actione,
837 2313 919 2379 quae
942 2293 1103 2380 simplici-

67 2545 146 2672 1811.
166 2551 262 2612 dispp„
286 2552 322 2600 lla
343 2550 413 2604 Pol..
434 2563 461 2612 q.
483 2546 529 2606 111,
550 2563 577 2598 a.
602 2549 609 2597 l
634 2549 665 2596 ad
686 2549 713 2598 6.

64 2623 76 2656 ²
120 2620 132 2669 l
147 2635 169 2670 s.
192 2617 302 2680 Bonan,
325 2623 354 2672 ln
374 2622 419 2670 lii.
442 2623 555 2678 ise-n..
577 2619 643 2670 uisi.
667 2615 747 2676 ltili,
767 2633 793 2667 a.
819 2619 843 2675 t,
863 2633 890 2683 q.
911 2621 927 2669 3
948 2623 982 2671 ad
1001 2635 1059 2686 urp.

66 2693 78 2730 ⁸
99 2691 157 2742 Vid.
178 2694 258 2743 etiam
278 2707 346 2758 quae
366 2695 550 2742 ainolarimus
570 2707 596 2756 p.
621 2693 682 2747 itia.
704 2696 759 2740 ool.
781 2691 807 2738 9..

64 2763 75 2802 ⁴
97 2763 164 2816 iiiuc
183 2779 244 2816 cum
265 2767 390 2815 rnirncnta
411 2772 502 2814 contra
522 2771 647 2814 usturam
667 2765 723 2814 lieri
743 2764 879 2820 dicuntur,
900 2763 924 2813 id
945 2767 976 2816 de
995 2768 1098 2816 naturis

24 2837 231 2902 particularibus
251 2841 353 2888 tautum
375 2837 576 2901 intelligendum
594 2844 646 2897 cst,
666 2849 752 2900 noque
767 2836 801 2884 ita
817 2841 846 2884 ut
858 2849 952 2886 aarum
965 2841 1099 2889 amentiae

20 2912 200 2969 adverseturr
223 2911 290 2960 hacc
309 2912 381 2960 euim
400 2909 465 2961 illud
486 2913 589 2960 unium
608 2906 782 2974 expostulat,
808 2908 921 2970 quodsi
940 2912 1102 2962 naturaliter

23 2986 162 3045 operetur.
183 2996 233 3032 non
254 2983 301 3032 nisl
320 2985 487 3046 operationes
507 2982 553 3031 sibl
574 2987 765 3032 consentaneas
784 2993 892 3030 exercre
911 2984 1002 3044 possit.
1017 2981 1098 3040 ltem,

24 3056 78 3106 etsi
99 3055 123 3103 in
144 3053 279 3104 miraculis
298 3054 408 3106 allectus
428 3054 490 3106 liant
510 3058 600 3105 contra
621 3056 725 3104 ordines
745 3053 918 3114 particulares
937 3069 1039 3115 rerum,
1059 3063 1099 3105 ta-

26 3141 92 3178 mea
111 3139 215 3189 semper
234 3128 379 3178 secundum
394 3127 512 3177 ordinem
528 3127 703 3178 universalem
718 3122 825 3175 Divinae
840 3125 1023 3176 Providentiae
1041 3142 1103 3178 ere-

26 3201 115 3256 niuat,
136 3200 179 3248 cni
199 3200 302 3250 ordines
322 3199 499 3263 particulares
518 3200 707 3258 sollicitantur,
724 3197 853 3260 siquidem
873 3200 905 3248 ad
926 3197 1035 3250 llirlnae
1054 3198 1103 3251 Bo·

26 3272 118 3324 nitatis
137 3271 400 3329 manifestationem,
420 3277 447 3322 et
466 3273 570 3322 divinae
594 3271 696 3335 gloriae
721 3272 909 3320 revelationem
934 3272 1099 3322 ordinantur.

28 3341 92 3394 Vld.
112 3358 134 3393 ι.
154 3338 262 3404 taem„
283 3347 332 3409 ορ.
353 3345 452 3409 dclvii-2
468 3346 507 3395 De
521 3345 591 3404 Pol..
611 3357 640 3408 q.
654 3340 701 3403 lll,
722 3342 775 3392 e.l
798 3341 831 3392 ad
854 3343 897 3403 lt;
915 3345 990 3401 tud..
1010 3359 1038 3408 q.
1054 3343 1100 3404 Vl,

26 3431 57 3467 a.
82 3417 91 3462 l
116 3416 223 3477 passim.

66 3485 126 3536 'ln
145 3487 189 3538 til.
213 3489 241 3537 ll
257 3490 339 3548 Seni„
360 3486 425 3538 llist.
448 3485 468 3544 l,
489 3503 516 3550 q.
540 3485 558 3547 i,
580 3503 606 3538 a.
634 3487 719 3538 asor.
736 3507 747 3531 ι
766 3481 882 3544 (irratio,
904 3488 989 3550 iuqriit
1007 3503 1029 3539 r.
1053 3484 1103 3538 Bo·

25 3565 185 3618 nancietum,
205 3567 244 3608 nst
265 3559 345 3609 tullus
365 3561 526 3612 substantiae
547 3563 693 3612 secundom
713 3566 797 3610 lotum
815 3579 839 3620 n,
861 3563 892 3610 lo
911 3560 954 3612 lii.
971 3563 998 3613 ll
1015 3563 1100 3623 Sena,

26 3633 97 3688 [list.
120 3630 139 3692 i,
161 3647 186 3697 p.
210 3631 230 3692 l,
251 3647 277 3684 a.
298 3633 324 3693 ἐ,
346 3649 374 3700 q,
396 3633 410 3684 Ξ
432 3635 510 3686 rercl.
