2475 3909
537 148 716 213 ineundam
1052 144 1113 210 2⁶21

85 246 284 322 adhibetur,
306 248 368 312 nisi
390 247 431 314 ad
452 248 699 333 significandum
727 247 864 314 verbum
884 248 1045 327 interius,
1066 250 1154 337 quod

86 352 201 408 mens,
224 350 292 394 rem
314 331 547 417 concipiendo,
575 333 724 398 efformet
738 332 768 408 ¹,
793 342 825 397 et
852 351 916 395 non
938 330 1077 397 donatur
1098 354 1157 398 no-

85 413 176 479 mine
198 411 302 489 verbi,
323 413 386 478 nisi
409 424 541 501 propter
560 414 759 491 relationem,
776 434 874 500 quam
896 434 970 477 cum
991 411 1155 481 verbo-in-

86 494 202 560 teriori
224 493 320 561 habet
333 495 357 557 ².

125 578 180 643 78.
202 574 237 639 2⁰
258 577 414 654 Nomina,
436 579 486 643 uti
507 579 574 642 iam
595 598 614 642 a
636 577 729 642 nobis
755 589 919 643 ostensum
941 586 1004 654 est,
1028 596 1092 643 non
1114 578 1157 643 si·

88 657 245 742 gnificant
270 680 322 723 res
352 680 392 723 ex
420 671 534 726 natura
561 682 640 735 sua,
664 658 718 725 sed
740 682 782 725 ex
803 658 940 725 arbitrio
962 658 1154 737 hominum;

86 740 177 805 unde
192 741 378 805 nominibus
403 741 594 826 praecedere
617 740 715 808 debet
734 743 878 828 cognitio
899 762 1011 806 rerum
1032 760 1106 805 curn
1122 742 1156 807 in

87 822 171 900 iltis,
186 824 245 908 qni
267 826 397 891 nomina
420 823 517 889 rebus
539 826 722 923 imponunt,
746 834 814 889 tum
836 825 869 889 in
891 824 944 902 iis,
964 825 1022 908 qui
1044 844 1082 887 ea
1101 844 1158 889 au-

86 904 196 981 diunt;
220 904 251 967 in
274 904 338 970 iilis
362 905 516 990 quidem,
539 927 616 991 quta
639 907 798 981 homines,
820 907 953 971 nomina
976 904 1076 970 rebus
1097 906 1157 969 im-

89 986 383 1081 ponere-volentes,
399 1010 462 1053 non
478 990 575 1055 aliter
597 998 731 1074 possunt
751 988 959 1054 denominare
981 1008 1044 1065 res,
1059 1008 1157 1085 quam

91 1079 193 1155 prout
215 1086 300 1214 ipsas
321 1082 530 1155 cognoscunt;
554 1072 587 1135 in
610 1072 679 1136 istis
702 1081 827 1148 autem,
850 1070 926 1155 quia
949 1070 997 1147 ii,
1020 1092 1077 1156 qut
1101 1092 1159 1135 no-

91 1152 232 1215 minare
258 1172 295 1215 us
311 1152 376 1216 iam
395 1153 546 1234 imposita
561 1153 711 1230 andiunt,
728 1174 790 1218 non
806 1163 939 1239 possunt
953 1154 1049 1228 scire,
1064 1173 1159 1238 quas-

84 1254 165 1297 nam
188 1254 241 1297 res
261 1235 331 1319 ipsa
354 1234 548 1320 significent,
571 1235 636 1299 nisi
652 1247 847 1321 cognoscant
866 1246 1053 1320 conceptue,
1075 1254 1158 1321 quos

89 1336 206 1379 eorum
229 1327 376 1381 auctores
397 1315 581 1402 significare
603 1316 787 1383 voluerunt.
819 1318 977 1404 Apposite
998 1338 1023 1381 s.
1048 1322 1157 1404 Augu·

90 1399 217 1462 stiuus:
239 1421 258 1459 u
281 1398 385 1483 Magis
406 1401 554 1484 signum,
576 1420 612 1465 re
634 1401 787 1485 cognita,
810 1420 932 1486 quam,
955 1400 1049 1485 signo
1069 1400 1156 1468 dato.

90 1482 162 1565 ipsa
185 1500 237 1544 res
257 1479 393 1549 discitur
407 1482 418 1517 ⁸
434 1504 463 1543 o.
488 1483 590 1566 Atqui
612 1482 639 1546 si
663 1482 807 1567 cognitio
840 1501 974 1557 rerum,
996 1502 1075 1565 quas
1102 1504 1158 1546 no-

90 1560 181 1625 mina
202 1561 405 1647 significant,
432 1584 473 1626 ax
497 1564 657 1630 ustulatur
682 1586 755 1629 cum
781 1567 814 1630 in
838 1562 925 1639 illis,
948 1563 1005 1647 qui
1028 1566 1157 1627 nomina

91 1644 279 1721 instituunt,
303 1656 369 1711 tum
393 1646 426 1709 in
449 1585 531 1721 iliis,
554 1648 612 1741 qui
634 1668 672 1711 ea
694 1644 842 1721 audiunt,
866 1644 1010 1730 profecto
1032 1667 1070 1710 ea
1094 1666 1157 1709 non

90 1738 167 1790 suut
188 1728 368 1792 necessaria
389 1726 429 1790 ad
448 1728 668 1811 cognitionem
692 1749 800 1792 rernm
816 1725 1064 1811 adquirendam,
1079 1726 1159 1790 atio-

89 1808 174 1892 quin
195 1808 368 1874 dicendum
394 1807 478 1874 foret
498 1830 650 1886 eausam,
680 1812 747 1873 sive
774 1810 976 1873 conditionem
1004 1810 1069 1871 rinc
1097 1831 1160 1895 quc

88 1910 176 1967 uon,
201 1893 416 1978 posteriorem
442 1910 512 1955 esse
534 1892 674 1968 effectu;
697 1890 785 1975 quod
812 1889 1048 1976 perabsurdum
1070 1903 1118 1957 est
1131 1894 1156 1954 ⁴.

91 1974 140 2037 Er
161 1994 192 2037 o.

133 1993 187 2120 ia.
212 2056 310 2141 Prop.
333 2054 381 2118 2¹.
405 2055 496 2119 Mena
517 2055 651 2117 temone
672 2055 712 2118 od
734 2054 935 2137 cognitionem
956 2055 1104 2133 reficerem
1119 2056 1160 2135 es-

91 2138 254 2284 ficgquom
279 2158 340 2200 ooo
366 2137 484 2220 indiget
516 2157 674 2213 sumone,
698 2148 751 2201 unt
779 2135 841 2200 etio
869 2138 978 2224 quouis
1006 2138 1160 2203 societatis

93 2242 131 2285 su
152 2244 179 2285 rt
202 2241 245 2284 eo.

134 2303 225 2367 Haec
248 2302 428 2386 propositio
449 2300 600 2367 statuitur
622 2312 733 2365 contra
755 2296 961 2366 Rosminium
975 2306 1003 2381 ⁸,
1024 2301 1161 2369 Giober-

91 2388 178 2451 tium
191 2388 218 2461 ⁸,
230 2385 266 2449 P.
283 2383 466 2449 Romanum
487 2406 505 2449 e
528 2383 558 2453 S.
574 2383 600 2446 l.
617 2382 643 2459 ²,
658 2392 690 2447 et
702 2383 884 2467 Scriptores
905 2385 1119 2450 Lovanienses
1135 2388 1158 2447 ⁸.

91 2469 138 2534 Hi
160 2465 277 2532 docent
299 2475 438 2530 mentem
469 2477 610 2532 nostram
638 2483 701 2527 non
723 2482 816 2550 posse
843 2463 967 2535 reflecti
989 2488 1089 2552 super
1109 2488 1162 2531 oo-

93 2550 273 2636 gnitionem
307 2568 416 2614 rerum
447 2548 512 2612 iam
538 2544 599 2611 sibi
621 2555 861 2631 comparatam,
885 2549 949 2613 nisi
972 2570 989 2611 a
1013 2569 1160 2614 sermone

92 2634 258 2699 excitetur
278 2630 318 2695 ad
340 2632 407 2695 vim
429 2650 520 2694 suam
541 2626 793 2711 retorquendam
816 2650 914 2715 super
937 2632 1051 2714 ipsam.

136 2714 307 2779 Probatur.
341 2711 390 2776 nd
424 2712 642 2797 cognitionem
676 2706 830 2775 reflexam
863 2712 1062 2778 efficiendam
1095 2734 1160 2779 non

92 2796 184 2864 atiud
216 2795 418 2881 requiritur,
443 2814 541 2881 quam
563 2802 598 2857 ut
618 2790 782 2855 obiectum
810 2795 876 2857 iam
904 2794 1027 2861 directe
1051 2798 1162 2880 cogni-

92 2889 166 2946 tum
188 2882 231 2945 sit
252 2880 380 2943 animae
402 2896 570 2964 praesens,
593 2884 690 2959 atque
712 2882 749 2939 ut
771 2876 879 2941 anima
900 2880 965 2943 vim
987 2878 1105 2944 habeat
1119 2876 1161 2943 ad

439 3032 761 3049 m

133 3140 205 3193 ¹1³0
225 3140 310 3196 Trio,
332 3138 377 3193 tit).
398 3131 456 3188 XV.
477 3148 503 3183 c.
526 3130 633 3187 itt-²
653 3133 732 3190 idid..
754 3146 780 3182 c.
803 3132 846 3181 tt.

131 3216 205 3265 ³110
222 3214 358 3275 moptrtro,
379 3222 404 3257 c.
425 3204 484 3260 vu.

133 3287 146 3323 ¹
166 3281 203 3337 Cf
218 3299 241 3334 s.
256 3284 337 3346 dog,
357 3282 432 3338 totu„
452 3294 477 3329 c.
497 3273 532 3335 X,
552 3282 579 3325 et
597 3272 645 3333 xl,
666 3290 694 3325 n.
714 3276 809 3328 acca.

132 3360 198 3408 sn.
219 3359 261 3415 8.,
281 3368 337 3405 ser.
358 3351 391 3412 V,
412 3358 480 3417 part.
502 3346 536 3409 ii,
556 3363 582 3399 c.
598 3348 630 3408 A,
651 3362 677 3399 a.
699 3348 726 3398 3.

131 3432 144 3469 θ
164 3434 228 3482 Ere.
242 3430 322 3493 ptos„
336 3430 394 3477 tett.
408 3422 485 3475 V.-
500 3420 629 3473 ⁷Seteuzc
642 3414 786 3471 dett’uomo
798 3422 929 3477 interiore,
943 3412 1092 3472 Rtarsnnto,
1107 3414 1163 3473 33.

132 3504 144 3540 ⁸
164 3498 202 3556 Cf
217 3515 308 3551 eorum
327 3500 408 3564 Eptrt.
428 3498 461 3546 ad
481 3491 561 3547 Card.
581 3495 614 3543 de
635 3491 739 3545 Andrer
754 3490 781 3545 S.
795 3488 924 3557 Congreg.
946 3488 1041 3539 indicis
1060 3485 1167 3538 Praete-

94 3584 183 3636 ctum,
202 3576 229 3625 in
248 3570 363 3637 Epirum.
385 3573 422 3622 to
441 3571 548 3621 Seteazo
568 3582 581 3618 e
600 3568 627 3619 to
647 3568 721 3626 Fece,
742 3573 762 3617 t.
777 3561 900 3625 ffltii,
921 3578 948 3629 p.
962 3560 1092 3620 tet-trs,
1113 3556 1166 3611 Na·

97 3653 152 3717 poti
175 3647 256 3701 1860.
