2475 3909
474 178 677 231 cosuoaoara
718 215 724 232 ,
1010 164 1069 235 tati

115 309 182 363 dar.
199 308 230 360 ll.
247 335 280 346 -
293 303 438 360 Cuiusnam
458 311 557 372 speciei
575 311 632 359 rita
653 311 805 373 plantarum
825 313 869 367 sit,
892 313 1034 374 inquiritur

84 415 245 494 Quoniam
267 436 305 479 ve
329 413 463 479 etabilla
485 415 593 479 vivere
608 418 845 503 perspeximus,
861 416 1054 502 investigare
1075 443 1112 486 o·

49 511 165 585 portet,
189 519 266 562 uum
290 434 421 562 illarum
444 501 510 562 vita
531 497 573 562 sit
596 500 648 564 sui
670 499 811 585 generis,
833 521 874 563 au
895 521 970 565 oum
985 502 1111 568 sensiti-

48 605 84 648 va
106 579 323 646 confundatur
338 580 362 644 ¹.

86 663 136 732 83.
162 662 288 728 Plantas
310 663 377 726 rim
399 659 557 726 sentiendi
586 660 702 728 habere
723 661 835 727 docuit
857 661 950 729 Plato
963 665 989 740 ¹3
1012 685 1111 749 quam

48 745 234 830 opinionem
258 747 343 810 iuter
365 754 507 809 recentes
535 746 753 831 propugnavit
774 743 954 813 Robinetus
968 748 993 825 ⁸,
1015 759 1115 814 etex

49 851 90 892 nu
114 829 178 892 eris
198 827 351 893 Richatus
366 828 391 905 ⁴,
415 824 551 910 aliique.

131 957 137 972 .
161 910 260 998 Prop.
284 910 413 975 Plantae
436 907 571 970 suasibus
591 907 675 972 baad
691 907 808 990 pollent
824 909 845 972 ⁵.

88 993 256 1057 Probatur.
279 991 360 1058 Cum
382 995 505 1058 Auctor
527 997 661 1054 naturae
676 992 719 1056 sit
732 990 1005 1074 sapientissimus,
1027 992 1112 1056 Eum

49 1075 82 1136 iu
102 1095 210 1139 rerum
232 1074 398 1141 molitione
421 1071 501 1138 nihil
524 1071 646 1138 frustra
667 1093 685 1136 e
711 1072 772 1138 isse
805 1093 864 1159 pro
886 1084 974 1140 certo
995 1072 1114 1141 habeu-

49 1154 125 1222 dum
150 1167 208 1222 est.
232 1159 331 1242 Atqui
356 1175 467 1220 sensus
489 1154 523 1218 in
537 1154 658 1239 plantis
680 1091 856 1221 imstranei
880 1156 997 1223 forent.
1021 1156 1114 1223 Plan-

48 1251 95 1302 tas
120 1239 221 1324 igitur
243 1238 390 1306 sensibus
412 1257 521 1302 carere
543 1248 666 1301 certum
689 1257 759 1302 esse
780 1235 885 1303 debet.

88 1320 138 1388 85.
162 1321 275 1386 Minor
294 1318 457 1386 evincitur
469 1318 528 1384 hoo
543 1316 651 1384 modo.
668 1319 786 1385 Sensus
800 1318 983 1384 virentibus
1004 1318 1111 1398 datur,

48 1411 85 1467 ut
105 1423 138 1469 se
159 1423 177 1466 a
199 1404 302 1470 causis
324 1399 553 1475 exterioribus
568 1420 652 1485 quae
666 1421 702 1466 ea
722 1399 890 1467 destruere
911 1399 1112 1480 adnituntur,

49 1495 215 1561 tueantur,
239 1507 337 1571 seque
361 1491 569 1559 conservent,
592 1481 652 1548 boc
673 1495 738 1561 est,
762 1493 800 1549 ut
820 1504 904 1581 quae
929 1482 992 1548 sibi
1015 1487 1115 1549 noxia

48 1575 133 1644 sunt,
158 1569 294 1646 vitentl,
317 1588 466 1654 quaeque
488 1562 528 1629 ad
550 1566 649 1630 vitam
673 1587 853 1632 necessaria
877 1566 923 1631 eis
944 1578 1043 1643 sunt,
1065 1587 1114 1632 se·

47 1660 176 1716 ctentur
187 1651 315 1738 [Atqui
331 1665 445 1718 neutro
457 1671 497 1720 ex
511 1646 616 1732 capite
632 1645 761 1732 plantae
773 1669 883 1714 seusus
897 1669 937 1714 ex
983 1649 1113 1716 stulant.

46 1733 118 1797 Non
139 1731 272 1818 quidem
295 1755 335 1798 ex
357 1735 486 1819 prim03
509 1751 596 1807 nam,
619 1752 694 1795 cum
714 1732 804 1815 ipsae
825 1729 867 1796 ob
888 1753 924 1796 ra
950 1734 1034 1798 icem
1055 1731 1115 1796 tel·

50 1813 110 1880 luri
135 1814 348 1881 immobiliter
368 1814 574 1891 adhaereant,
589 1821 622 1878 ct
637 1812 791 1880 facultate
806 1833 823 1877 e
838 1813 909 1880 loco
931 1835 965 1878 se
986 1833 1116 1878 moven-

47 1898 81 1962 di
103 1895 330 1976 destituantur,
348 1896 461 1963 inutile
478 1896 556 1983 ipsis
577 1894 662 1962 foret
675 1916 725 1973 ea,
741 1916 824 1981 quae
838 1898 935 1962 noxia
949 1894 1012 1961 sibi
1028 1904 1114 1975 suut,

47 1978 195 2046 sensibus
216 1979 471 2066 apprehendere,
494 1980 572 2064 quia
592 1999 631 2042 ea
645 1979 790 2064 elingere
806 1998 870 2042 non
891 1988 1031 2065 possent.
1047 1979 1116 2044 Nec

46 2087 88 2129 ex
112 2061 225 2139 altero;
249 2083 332 2147 opus
353 2063 438 2127 enirn
462 2063 540 2159 ipsis
563 2081 626 2125 non
647 2072 695 2126 est
715 2060 867 2125 alimenta
886 2081 1057 2146 quaerere,
1080 2083 1118 2126 u·

46 2146 184 2229 tibiaque
207 2163 223 2208 a
246 2145 353 2212 noxiis
375 2143 614 2219 discriminare;
638 2148 714 2230 quia
736 2145 975 2220 necessarium,
997 2164 1063 2228 quo
1085 2164 1118 2208 a·
1204 2223 1210 2231 .

45 2229 185 2304 luutur,
208 2225 378 2292 humorem
400 2228 449 2293 eis
470 2247 503 2291 se
524 2225 611 2291 ultro
638 2228 826 2293 ollerentem
854 2246 912 2312 per
939 2225 1062 2304 libras,
1082 2234 1118 2293 et

44 2309 174 2377 radices
194 2308 360 2374 hauriunt.
384 2308 513 2374 Plantae
536 2310 640 2393 igitur
660 2308 808 2375 sensibus
830 2306 976 2388 frustra,
999 2329 1117 2396 nempe

44 2395 118 2460 sine
142 2391 209 2456 ullo
229 2391 305 2470 line,
328 2391 525 2458 donarentur
541 2392 564 2452 ⁸.

87 2477 141 2542 86.
165 2472 200 2538 ld
224 2473 332 2560 ipsum
353 2473 393 2538 ab
418 2475 486 2561 ipsa
508 2471 732 2540 observ-atione
760 2472 942 2560 plantarum
966 2493 1115 2560 compro·

84 2650 94 2686 Ι
116 2645 236 2699 Diximus
258 2664 316 2722 raam
335 2653 467 2709 sanativa,
487 2661 550 2699 uam
569 2650 729 2699 seutentiam
747 2649 931 2715 Anaxagorae,
951 2653 1119 2717 aliorumque

39 2725 155 2789 plantas
174 2723 232 2772 rita
253 2722 377 2772 rationali
396 2722 512 2787 gaudere
531 2722 589 2773 alne
608 2721 663 2772 ullo
681 2724 804 2774 examina
826 2725 968 2784 mittimus,
986 2739 1120 2778 memores

42 2795 221 2854 Aristotelis,
241 2796 288 2858 qui
307 2795 390 2856 ipsam
410 2795 493 2845 veluti
513 2791 616 2846 foedam
637 2795 786 2858 repudiarit
803 2791 815 2862 (
831 2801 869 2848 Da
887 2799 994 2861 plantis,
1025 2799 1072 2849 lib.
1096 2798 1118 2859 l,

42 2886 71 2920 c.
92 2861 133 2933 l),
153 2873 180 2917 et
199 2882 221 2917 s.
242 2866 395 2929 Augustini,
415 2869 460 2931 qui
480 2863 607 2936 (DaGen.
629 2869 1121 2941 adlitt.,1.ii.tmprrs.,o.5)nimis

41 2947 169 2992 errantes
188 2940 338 2989 haereticos
359 2942 395 2990 ita
415 2942 527 2990 sensisse
547 2941 663 3001 scripsit.

83 3014 95 3048 ²
115 3009 154 3065 ct
170 3007 255 3063 Cleua.
277 3009 370 3069 Alex..
391 3008 500 3071 strom,
522 3011 568 3064 lib.
590 3009 666 3072 l'lll,
687 3027 713 3062 c.
733 3013 762 3062 Ι.

81 3085 94 3122 ³
116 3089 158 3137 Dr
177 3085 203 3136 lu
222 3092 327 3141 nutura,
348 3090 418 3147 part.
440 3083 497 3142 vlt,
518 3099 543 3134 a.
565 3085 598 3143 5,
620 3083 788 3136 dmsterdam
810 3087 975 3138 tint—ttae.
998 3086 1026 3139 lu
1045 3101 1121 3138 eam·

42 3163 110 3212 dem
132 3157 290 3208 senteutiam
311 3163 369 3220 post
389 3152 586 3221 Campanellam
606 3153 658 3226 (lla
676 3173 865 3217 sacrararum,
886 3160 932 3210 tto.
948 3159 994 3222 lll,
1015 3175 1042 3210 c.
1063 3157 1119 3227 ll),

41 3239 74 3285 et
96 3229 288 3294 Cesalpininm
306 3227 360 3300 (De
374 3231 482 3294 plantis,
503 3227 651 3281 Florentiae
672 3229 764 3299 issa),
787 3233 857 3282 hacid
882 3234 997 3283 latenter
1018 3228 1123 3283 Leiban-

41 3309 102 3358 tius
123 3305 279 3369 properatin
300 3304 353 3351 vid.
376 3305 459 3354 Lettra
480 3301 514 3355 tv
532 3300 550 3353 ἁ
569 3306 613 3354 ,ΙΙν
632 3305 752 3368 Bourqat.

84 3377 96 3414 ⁴
118 3379 273 3430 Racberelrss
288 3376 500 3440 philosophiques
524 3391 570 3426 rur
590 3377 616 3426 lo
636 3379 694 3437 via,
715 3387 738 3428 et
756 3379 783 3428 ln
801 3383 880 3435 mort,
901 3383 969 3441 part.
991 3375 1022 3438 l,
1041 3393 1068 3428 a.
1091 3378 1117 3438 t,

42 3454 60 3509 S
83 3451 113 3508 3,
137 3465 163 3512 p.
186 3450 230 3508 ra,
251 3447 323 3499 Paris
344 3448 425 3508 tata,
445 3453 472 3499 et
492 3442 629 3499 Andronis
648 3448 774 3514 multata,
794 3465 822 3514 p.
842 3451 869 3508 5,
890 3450 963 3502 Paris
983 3451 1066 3503 aare.

85 3525 98 3560 ὅ
119 3519 156 3576 Gi
172 3535 194 3573 s.
216 3523 284 3585 ling.
305 3523 345 3572 Da
363 3522 428 3574 Gen.
449 3524 484 3572 ad
503 3524 564 3580 lita,
587 3521 633 3571 lib.
654 3519 727 3583 Vlll,
747 3537 773 3573 c.
796 3523 839 3582 lii,
859 3527 887 3573 et
905 3522 980 3574 alibi.

84 3596 100 3632 ⁶
120 3589 158 3646 (ΙΙ
172 3607 195 3644 s.
216 3590 324 3651 Tuom,
344 3593 373 3643 2¹
392 3593 443 3652 2¹⁰.
464 3609 492 3658 q.
513 3589 642 3654 clxvii,
662 3609 688 3645 a.
709 3597 725 3647 Ι
745 3611 771 3647 c.

86 3668 100 3704 ⁷
124 3665 143 3726 l,
164 3683 192 3731 q.
213 3661 282 3724 xci,
302 3681 328 3716 a.
350 3667 365 3715 3
385 3667 417 3716 ad
439 3665 465 3716 3.
482 3667 540 3703 -3
561 3665 579 3726 Ι,
600 3682 629 3730 q.
650 3666 748 3730 xviii,
768 3684 795 3719 a.
817 3670 833 3720 3
853 3685 879 3719 c.

128 3747 235 3800 Purcos.
250 3743 360 3799 Guatsr.
376 3751 513 3812 compend.
530 3745 563 3799 ll.
927 3751 967 3800 9⁶
