2475 3909
538 201 737 252 cosuococrn
1067 184 1125 252 173

99 283 167 369 agit
189 282 329 370 aliquem
343 284 505 360 ellectum,
523 287 584 350 nisi
601 288 757 354 mediante
773 287 947 362 voluntate,
964 287 1056 351 cuius
1071 288 1163 354 obie-

98 381 188 433 ctum
211 379 259 432 est
280 367 400 432 bonum
421 366 636 445 intellectum,
656 370 742 455 quod
764 382 870 434 movet
891 382 1049 454 agentem,
1072 381 1108 438 ut
1130 371 1165 434 fi·

98 452 161 514 nis.
186 450 272 515 Deus
294 451 397 534 igitur
419 470 476 598 qpr
498 451 695 518 voluntatem
717 455 796 538 agit,
819 473 881 516 noo
910 472 968 536 per
996 454 1165 517 nce-essita-

98 544 165 596 tem
187 533 346 598 naturae¹
373 557 400 595 u.
443 533 491 596 ¹ee
507 533 658 612 alterum,
682 556 754 599 uam
777 559 794 596 a
819 534 964 598 voluntas
979 555 1041 596 noo
1056 554 1097 598 ex
1111 555 1165 599 ne-

99 617 248 678 cessitate
272 613 376 678 lertur
398 617 432 680 in
455 636 515 692 ea,
540 636 623 700 quae
646 630 719 681 sunt
742 616 921 691 adfinem,
945 617 971 680 si
994 613 1066 679 linis
1093 615 1162 681 sine

99 696 150 760 his
170 717 239 761 esse
264 699 387 792 possit.
414 747 420 761 .
447 696 551 763 .Cum
576 700 681 782 igitur
702 699 820 763 Divina
844 699 975 763 Bonitas
997 699 1066 762 siue
1089 697 1165 762 aliis

99 798 168 842 csse
192 788 314 864 possit,
338 781 520 875 quinimmo
543 801 600 844 nec
624 803 681 867 per
702 782 765 845 alia
787 783 826 846 Ei
850 779 974 864 aliquid
988 791 1163 856 accrescat;

99 859 190 924 nulla
213 863 298 926 inest
318 863 357 926 Er
381 863 566 939 necessitas,
582 864 695 928 utalia
719 864 807 941 velit,
830 885 872 928 er
894 862 965 939 huc,
988 860 1165 946 quodvult

99 963 192 1007 suam
216 944 422 1008 Bonitatem²
448 967 475 1008 ».

141 1026 209 1091 176.
235 1022 341 1091 Obiic.
359 1024 391 1090 1⁰
413 1027 446 1093 Si
470 1025 609 1092 mundus
637 1039 721 1092 esset
741 1049 759 1092 a
781 1027 851 1092 Deo
872 1036 999 1091 creatus
1028 1027 1063 1090 iu
1086 1036 1165 1090 tem-

100 1127 193 1192 pore,
217 1106 322 1172 Deum
343 1120 416 1174 ante
443 1108 601 1174 mnndum
626 1108 724 1174 fuisse
746 1108 921 1174 dicendum
943 1108 1039 1173 foret.
1063 1107 1164 1193 atqui

100 1189 128 1252 si
151 1188 240 1255 Deus
261 1189 378 1254 luisset
399 1201 471 1255 ante
485 1190 655 1267 mundum,
677 1200 951 1276 consequerentur
966 1191 1031 1256 duo
1055 1188 1165 1254 absur-

99 1269 164 1348 da,
186 1293 300 1358 nempe
324 1270 356 1336 1⁰
379 1271 484 1342 Deum
504 1294 573 1338 esse
597 1273 630 1336 in
652 1284 821 1359 tempore,
842 1275 919 1358 quia
942 1274 1038 1356 prius
1058 1283 1091 1338 et
1106 1291 1166 1353 po·

97 1358 210 1420 sterius
233 1368 307 1421 sunt
329 1353 530 1420 differentiae
551 1356 733 1439 temporis3
756 1354 791 1418 2⁰
811 1366 940 1440 tempus
960 1354 1060 1421 luisse
1076 1366 1165 1419 ante-

120 1457 198 1501 nam
220 1458 271 1502 res
291 1448 417 1502 creatae
440 1440 632 1515 existerent„
649 1439 716 1503 sive
731 1448 902 1524 autequam
926 1447 1054 1523 tempus
1067 1447 1161 1501 esset.

97 1457 187 1664 {apo
210 1517 386 1583 absurdum
409 1528 457 1585 est
485 1517 640 1584 mundum
664 1521 697 1584 in
719 1531 862 1604 tempore
884 1532 1028 1585 creatum
1049 1519 1162 1584 luisse.

160 1603 210 1665 77.
234 1602 346 1686 Resp.,
369 1601 447 1684 Nep.
470 1602 549 1666 mia.
571 1603 759 1676 Enimvero,
780 1623 853 1667 cum
876 1601 962 1666 Deus
977 1611 1050 1667 ante
1072 1622 1165 1664 mun-

97 1681 179 1746 dum
199 1682 298 1749 luisse
321 1683 463 1762 dicitur,
486 1684 563 1750 haec
591 1685 819 1760 anterioritas,
841 1694 878 1749 nt
899 1706 924 1748 s.
948 1685 1086 1748 Thomas
1107 1681 1163 1746 ad-

97 1767 196 1830 vertit
212 1768 234 1843 ³,
251 1764 458 1850 intelligenda
474 1777 522 1831 est
535 1767 574 1832 de
589 1766 762 1832 duratione
778 1768 989 1843 aeternitatis,
1005 1784 1069 1830 ooo
1084 1785 1163 1830 vern

96 1849 272 1930 temporis,
297 1848 347 1912 rel
369 1847 408 1912 de
430 1852 619 1916 aeternitate
642 1849 793 1934 temporis
817 1850 882 1914 ima
906 1849 1002 1922 insti,
1025 1869 1089 1912 non
1111 1868 1164 1912 re-

98 1951 137 1994 ro
160 1930 277 2009 realis,
300 1943 456 2017 quatenns
477 1931 682 1997 durationem
703 1942 866 1996 aeternam
885 1869 979 1996 lintis
1001 1929 1160 2003 increati,

96 2033 183 2102 quae
205 2013 272 2079 sine
294 2013 495 2078 successione
517 2026 576 2091 est,
600 2013 668 2077 sine
690 2013 802 2098 aliqua
819 2014 1021 2078 successione
1044 2012 1163 2096 imagi-

96 2095 172 2158 nari
196 2097 378 2181 nequimus.
404 2095 486 2161 Hinc
508 2093 674 2161 commode
708 2094 772 2159 dici
804 2104 908 2181 potest
929 2095 1032 2160 Deum
1056 2092 1162 2161 luisse

97 2186 173 2241 ante
196 2177 364 2254 muudum,
387 2179 467 2263 quin
490 2179 540 2243 vel
562 2176 667 2240 Deum
683 2177 878 2262 intempore
900 2199 982 2256 esse,
1004 2176 1057 2241 vel
1079 2186 1163 2241 tem-

97 2279 162 2345 pus
183 2269 255 2325 ante
277 2260 434 2325 mundum
456 2257 556 2326 luisse
577 2268 748 2325 statuatur.
772 2259 873 2325 Prius
896 2281 985 2337 vero,
1008 2268 1040 2325 et
1057 2269 1163 2345 poste-

95 2341 183 2417 rius,
208 2361 264 2406 seu
284 2353 369 2419 ente,
391 2353 508 2425 etpost
532 2343 559 2406 si
581 2339 827 2406 considerentur
847 2343 880 2406 in
904 2343 974 2428 ipso
1002 2354 1161 2428 tempore,

100 2423 214 2508 procul
236 2421 337 2489 dubio
359 2424 517 2510 quaedam
544 2425 615 2488 eius
638 2422 842 2489 dillerentiae
865 2436 960 2502 sunt3
984 2445 1110 2500 verum,
1135 2421 1163 2486 si

98 2505 346 2572 considerentur
367 2506 467 2572 relata
483 2508 521 2570 ad
538 2506 773 2584 aeternitatem,
797 2526 859 2570 non
882 2505 971 2570 alind
993 2505 1161 2577 denotant,

97 2587 163 2651 nisi
193 2588 379 2654 relationem
408 2589 563 2674 temporis
590 2586 630 2654 ad
659 2588 786 2672 ipsam;
809 2586 972 2670 siquidem
997 2607 1077 2662 nos,
1101 2586 1161 2671 qui

97 2671 296 2735 successioni
323 2673 441 2735 assueti
464 2692 598 2747 snmus,
620 2671 824 2755 concipimus
847 2689 908 2732 esse
931 2669 1101 2734 immotum
1123 2666 1163 2733 il·

97 2751 165 2816 lius
186 2750 347 2830 instantis,
369 2752 455 2848 quod
478 2762 525 2818 est
547 2755 720 2850 proprium
743 2749 956 2826 aeternitatis,
973 2750 1085 2828 luisse,
1108 2771 1164 2813 an·

96 2845 230 2918 tequam
251 2855 410 2900 successio
432 2836 585 2920 temporis
610 2837 780 2918 inceperit,
804 2845 837 2899 et
859 2833 1019 2910 loturum,
1043 2833 1068 2896 si
1091 2851 1162 2896 suc·

97 2916 202 2980 cessio
217 2919 372 2998 temporis
386 2915 559 2982 desineret.
574 2917 681 2993 Quare
696 2915 836 2982 dicimus
851 2914 956 2980 Deum
973 2913 1073 2980 luisse
1089 2924 1161 2978 ante

98 2997 271 3074 mundum,
292 3009 324 3064 et
346 2999 502 3064 mundum
524 3020 592 3064 esse
617 3011 688 3083 post
709 2998 827 3075 Deum,
846 3020 909 3063 uuo
930 2998 1018 3092 quod
1041 2995 1161 3070 Deum,

97 3080 236 3168 perinde
259 3101 295 3144 ac
319 3079 486 3158 mundum,
503 3091 647 3168 tempore
670 3083 830 3146 contineri
853 3078 1078 3162 intelligimus,
1103 3076 1159 3143 sed

96 3161 210 3248 quod,
233 3183 307 3227 cnm
331 3161 435 3225 Deum
456 3174 546 3228 extra
569 3185 662 3228 omne
686 3175 812 3249 tempus
837 3183 905 3228 esse
936 3159 1157 3244 intelligimus,

97 3245 314 3332 intelligimus
334 3264 463 3328 quoque
486 3245 589 3310 Deum
604 3244 705 3310 luisse
727 3258 799 3310 ante
814 3241 927 3310 muudi
942 3241 1159 3317 molitionem,

97 3326 309 3406 otmundum
332 3347 400 3390 esse
423 3327 590 3414 incepisse,
614 3348 688 3391 cum
712 3330 777 3392 iam
799 3326 885 3392 Deus
906 3335 989 3389 esset
1011 3324 1036 3386 ⁴.

138 3471 145 3506 ¹
168 3470 217 3534 ορ.
237 3472 292 3522 aa..
314 3468 388 3525 rara..
409 3479 434 3516 e.
456 3465 501 3524 aa,
522 3479 549 3514 n.
571 3465 598 3514 a.

135 3542 147 3578 ²
167 3543 215 3606 Op.
230 3544 285 3597 att..
301 3541 346 3589 ltu.
363 3538 383 3599 l,
398 3555 424 3590 c.
439 3541 484 3596 ar,
500 3553 527 3588 o.
548 3539 570 3587 Ι.
586 3535 653 3589 tta.
668 3537 802 3595 Ambrae..
823 3537 964 3597 Hecatam,
986 3537 1031 3589 lib.
1048 3535 1069 3599 l,
1089 3551 1115 3587 o.
1132 3537 1150 3586 5

136 3614 147 3650 ³
169 3611 188 3672 l,
209 3629 235 3679 q.
259 3609 348 3672 llLVl,
369 3627 395 3662 a.
421 3613 428 3662 l
451 3612 484 3661 ad
504 3613 531 3662 8.

138 3683 147 3722 t
168 3681 238 3738 Cis.
261 3685 340 3750 dag,
361 3688 397 3738 lte
418 3687 469 3737 Ciu.
492 3689 548 3742 Dei,
571 3684 614 3734 lib.
638 3679 696 3747 llll,
717 3699 742 3735 c.
767 3685 810 3745 ti,
831 3697 858 3733 u.
880 3682 908 3733 ἓ.
