2475 3909
157 171 216 234 122
542 189 772 239 oruameoera

115 268 171 336 setl
193 271 226 336 in
249 290 370 356 organa
391 275 562 360 corporis,
584 285 618 339 et
638 277 794 360 quoniam
820 275 899 342 haec
919 279 1060 345 animata
1089 293 1177 358 sunt,

115 351 191 418 inde
213 351 259 431 fit,
281 362 318 418 ut
339 355 445 420 anima
468 375 676 443 percorpus,
698 369 732 422 et
752 380 827 424 cum
847 380 1003 447 corpore,
1028 363 1114 448 quod
1129 366 1179 429 in-

118 433 249 512 format,
271 434 397 520 aliquid
418 437 459 502 ab
482 438 610 504 obiecto
631 440 740 504 sensili
787 441 918 507 atiatur.

155 518 205 582 69.
229 517 305 582 lnst.
338 516 458 604 Corpus
478 533 522 584 est
550 522 719 585 materiate.
770 543 830 609 rgo
856 525 970 610 nequit
997 525 1179 611 producere

118 600 151 662 in
174 617 271 663 sensu
292 600 433 684 speciem
457 603 716 668 immaterialem.

156 681 207 744 70.
231 679 347 766 Resp,
371 683 455 748 Dist.
480 704 579 762 cerm,
603 686 637 749 in
659 706 766 765 sensu,
782 698 942 772 quatenus
954 697 1004 753 est
1017 709 1180 770 organum

116 780 324 845 corporeum,
346 785 539 844 ennemase,
554 777 714 852 quatenns
736 771 854 834 virtute
876 773 1002 835 animae
1023 770 1182 835 informa-

117 853 183 920 tur,
199 843 278 940 Nep.
295 856 376 910 cons.
393 847 573 935 Responsio
595 859 681 934 patet
695 872 736 915 ex
751 850 858 916 dictis.
876 853 1003 918 Etenim
1017 871 1180 938 organum

118 945 322 1022 sensorrum,
344 942 440 1013 prout
460 951 652 1018 corporeum
675 944 733 1009 est,
755 935 914 1000 actionem
935 936 982 999 rei
1003 954 1183 1020 corporeae

119 1017 254 1093 exe1p1t3
277 1021 374 1094 prout
394 1023 502 1079 autem
525 1015 645 1079 virtute
668 1016 794 1081 animae
823 1016 1031 1094 informatur,
1053 1018 1183 1103 excipit

119 1092 278 1240 actioqem
300 1090 388 1240 illltam
411 1095 505 1161 modo
519 1106 733 1162 consentaneo
751 1108 886 1163 naturae
908 1099 1047 1177 animae,
1063 1119 1183 1184 nempe

117 1191 216 1236 amma
231 1193 299 1238 erra
315 1197 325 1238 r
341 1196 387 1238 er.

413 1303 479 1355 Aur.
502 1303 646 1356 vlt-ue
665 1319 741 1356 senso
761 1309 896 1356 commoni

159 1421 211 1486 71.
235 1419 373 1484 Nomine
399 1439 504 1482 sensus
532 1417 703 1481 communis
727 1436 746 1480 a
767 1415 970 1483 Scholasticis
993 1416 1186 1504 designatur

121 1503 177 1570 illa
192 1500 339 1577 facultas,
352 1520 416 1583 qua
431 1500 537 1564 anima
552 1499 718 1584 cognoscit
731 1500 935 1564 existentiam
949 1503 1183 1580 sensationum,

121 1607 204 1673 quae
227 1580 385 1648 habentur
400 1600 584 1666 persensus
605 1590 766 1656 externos,
781 1602 958 1665 earumque
972 1580 1184 1658 differentias.

161 1669 213 1733 72.
237 1665 333 1750 Prop.
357 1665 473 1730 Sensus
493 1663 665 1726 commertia
686 1674 730 1725 est
750 1663 885 1743 facultas
905 1666 1047 1728 senticeta.

163 1747 331 1815 Probatur.
353 1747 478 1810 Natura
499 1747 660 1830 cuiusque
682 1745 847 1811 facultatis
860 1766 901 1809 ex
915 1756 1031 1812 natura
1048 1746 1185 1824 obiecti,

123 1832 210 1898 circa
231 1828 319 1916 quod
341 1840 510 1905 versatur,
533 1825 750 1913 dignoscenda
771 1836 829 1892 est.
853 1829 954 1913 Atqui
974 1830 1187 1907 sensationes,

123 1935 235 1981 earum
259 1934 300 1978 ue
322 1908 547 1987 differentiae,
569 1931 652 1995 qnae
674 1931 733 1995 per
753 1929 884 1974 sensum
905 1930 1107 1977 communem
1130 1932 1188 1998 ap-

124 1934 379 2083 prehenqtuntur,
403 1993 436 2056 in
458 1992 596 2058 diversis
613 1991 895 2057 immutationibus
915 2012 1067 2059 sensuum
1081 1995 1189 2058 consi-

124 2088 224 2155 stunt,
246 2099 283 2142 ac
305 2072 440 2161 proinde
455 2085 529 2140 sunt
542 2073 704 2171 quaedam
720 2073 803 2138 facta
818 2074 959 2140 sensilia.
973 2077 1061 2161 Ergo
1073 2097 1188 2140 sensus

124 2160 305 2227 communis
328 2156 464 2222 facultas
486 2166 627 2222 sentiens
647 2176 716 2221 esse
738 2154 844 2220 debet.

164 2243 215 2309 73.
232 2239 320 2306 ltlem
335 2259 376 2303 ex
390 2259 429 2303 eo
444 2237 666 2314 confirmatur,
680 2235 766 2323 quod
782 2236 876 2304 bruta
889 2240 1086 2304 sensationes
1099 2258 1189 2316 suas,

125 2326 306 2409 harumque
329 2317 526 2384 differentias
550 2319 752 2406 percipiunt,
774 2320 919 2405 alioquin
941 2319 1039 2386 utilia
1058 2323 1190 2398 sectari,

125 2417 156 2474 et
177 2429 196 2472 a
217 2405 324 2470 noxiis
346 2399 518 2467 abhorrere
541 2422 604 2466 non
627 2411 763 2486 possent.
780 2404 878 2487 Atqui
902 2402 995 2468 bruta
1020 2403 1189 2470 intellectu

126 2500 249 2555 carent.
266 2488 354 2570 Ergo
368 2503 559 2569 cognoscere
575 2483 780 2560 sensationes,
796 2505 973 2569 earumque
986 2484 1191 2552 differentias

127 2583 175 2638 est
196 2567 359 2636 facultatis
381 2566 558 2643 sentientis,
583 2586 646 2630 non
667 2565 892 2631 intellectivae.

166 2653 218 2720 rt.
241 2651 349 2719 Obiic.
366 2650 482 2715 Sensus
497 2647 677 2713 communis
695 2646 781 2730 ipsas
801 2647 998 2714 sensatiooes
1012 2647 1196 2734 apprehen-

128 2734 204 2800 dere
226 2755 289 2799 non
335 2741 438 2805 otest,
462 2731 523 2796 nisi
546 2731 705 2795 actionem
727 2727 880 2794 reflexam
902 2741 1063 2795 exerceat.
1086 2734 1191 2815 atqui

128 2815 262 2881 reflexio
285 2753 332 2878 acl,
346 2811 531 2878 facultatem
552 2811 783 2908 intellectipam
804 2813 951 2897 pertinet.
968 2814 1057 2898 Ergo
1077 2833 1192 2880 seusus

129 2896 307 2962 communis
328 2915 391 2959 non
412 2904 461 2958 est
482 2893 619 2959 facultas
641 2903 793 2959 sentiens.

169 2979 220 3044 75.
244 2977 356 3059 Resp,
381 2976 458 3057 Nep.
482 2975 574 3049 mae,
597 2995 682 3038 coac.
697 2974 881 3058 min.,Nep.
897 2997 978 3040 eoru.
1002 2975 1084 3042 Sane
1104 2977 1195 3042 actio

130 3058 251 3126 reflexa
271 3064 444 3123 exercetur
466 3055 506 3120 ab
527 3055 583 3120 illa
606 3054 771 3135 facultate,
786 3077 870 3142 quae
890 3058 1095 3144 operationes
1117 3079 1196 3124 suas

131 3141 306 3229 cognoscit.
329 3138 428 3223 Atqui
452 3157 562 3202 sensns
584 3139 765 3202 communis
793 3159 857 3204 non
884 3140 1051 3224 cognoscit
1077 3160 1097 3204 o
1121 3161 1197 3204 era-

131 3225 237 3291 tioues
258 3241 354 3298 suas,
377 3219 434 3285 sed
454 3219 660 3306 operationes
684 3239 834 3285 sensnum
861 3231 1083 3288 externorum.
1136 3242 1199 3306 rgo

132 3307 239 3450 cepio,
262 3323 361 3390 quam
382 3321 494 3366 sensus
515 3301 696 3366 communis
716 3311 865 3379 exercet,
886 3313 936 3368 est
956 3302 1101 3380 directa,
1127 3325 1197 3369 non

133 3408 169 3454 re
193 3407 265 3450 exa.

175 3469 226 3532 76.
242 3466 334 3532 Circa
349 3466 446 3530 huius
460 3465 622 3534 facultatis
636 3463 813 3542 obiectum,
825 3474 987 3542 naturam,
1002 3476 1034 3532 et
1047 3463 1196 3546 modum,

134 3568 199 3638 quo
223 3549 233 3611 i
259 3567 294 3612 sa
315 3549 458 3613 actiones
480 3567 554 3610 snas
574 3557 716 3625 exercet,
738 3548 817 3617 haec
837 3547 1019 3614 adnotanda
1040 3556 1131 3612 sunt:

178 3627 210 3704 1⁰
232 3567 350 3701 Sensus
371 3627 552 3698 communis
573 3649 612 3695 co
633 3631 717 3718 ipso,
732 3628 817 3719 quod
832 3631 1027 3702 sensationes
1041 3649 1198 3700 sensuum
