2475 3909
136 194 201 258 1OE
512 215 747 265 nittntsstotitn

97 315 158 359 nos
181 293 351 360 llosminio
373 297 579 364 concedimus
602 300 691 365 illam
711 298 751 363 ab
766 301 915 375 essentia,
930 319 1014 384 quae
1030 317 1176 363 commu·

101 378 150 440 nis
173 375 245 440 fons
268 399 381 442 earum
404 391 462 456 est,
485 379 709 446 deducendam
731 402 812 455 esse,
833 382 911 464 quia
934 382 980 445 rei
1004 383 1173 445 scientiam

100 478 164 520 non
188 455 416 542 adquirimus,
440 462 499 525 nisi
523 483 597 526 cum
620 465 711 529 illam
734 485 774 527 ex
797 464 868 527 eius
890 483 986 526 causa
1007 463 1175 547 cognosci-

103 560 189 615 mus;
214 561 309 605 rausa
331 555 463 619 autem,
486 565 526 608 ex
548 565 611 629 qua
633 544 804 610 facultates
826 557 1028 628 promanant,
1052 555 1099 610 est
1123 563 1175 607 cs·

98 623 202 686 sentia
225 625 363 689 animae.
387 625 499 709 ltaque
523 630 693 703 sententia,
714 649 814 712 quam
835 647 909 689 cum
924 647 949 688 s.
966 625 1088 690 Thema
1102 637 1176 690 tue—

99 723 185 780 mur,
211 704 289 770 haec
311 717 369 771 est:
395 708 460 772 Nos
484 708 650 794 principio
672 731 714 773 ex
728 708 862 773 confusa
877 707 1061 792 cognitione
1075 709 1175 772 actio

98 805 199 860 num,
231 799 264 853 et
293 792 514 873 potentiarum
542 789 581 854 ad
611 791 829 875 cognitionem
858 789 1018 853 esseutiae
1045 791 1174 852 animae

104 866 356 952 progredimur;
386 870 504 935 deinde
534 893 551 935 a
580 875 764 957 cognitione
792 872 948 936 essentiae
976 871 1104 934 animae
1134 867 1175 932 ad

98 951 322 1034 cognitionem
335 953 479 1050 ipsarum
493 955 721 1038 potentiarum,
734 966 767 1019 et
778 957 942 1020 actionum
954 950 1174 1036 regredimur,

100 1043 132 1094 at
154 1053 220 1116 quo
236 1032 332 1098 modo
347 1057 379 1099 m
394 1055 459 1099 una
475 1036 611 1100 essentia
627 1038 768 1112 animae,
783 1049 948 1118 tamquam
964 1036 997 1097 in
1014 1031 1175 1108 subiecto,

105 1114 180 1189 sint,
205 1125 237 1180 et
260 1136 325 1200 quo
348 1115 460 1181 ordine
482 1115 522 1181 ab
545 1138 581 1182 ea
606 1127 809 1204 promanant,
832 1116 1058 1203 perspicimus.

150 1237 349 1291 donli—De
370 1243 458 1302 ruodo,
479 1257 532 1306 quo
552 1243 694 1294 facultates
714 1245 783 1292 inter
804 1255 831 1292 se
850 1239 1049 1302 distinguendae
1068 1243 1128 1286 sint

152 1347 201 1410 lli.
226 1347 259 1412 si
282 1347 420 1426 obiecta,
438 1361 470 1414 et
484 1352 641 1426 actioneS,
656 1371 739 1435 quae
753 1350 840 1413 circa
856 1346 982 1412 obiecta
998 1356 1178 1420 versantur,

106 1441 181 1494 sunt
198 1429 413 1515 principium,
428 1453 485 1516 per
498 1432 585 1516 quod
602 1435 766 1518 potentior
781 1431 910 1495 animae
925 1439 1178 1512 cognoscuntur,

103 1531 235 1576 necesse
258 1522 317 1588 est,
341 1522 377 1577 ut
400 1513 562 1579 distinctio
584 1516 804 1598 potentiarum
828 1533 846 1574 a
868 1511 1076 1574 distinctione
1090 1508 1179 1573 obio-

101 1605 241 1689 ctonrum,
265 1602 360 1677 atque
384 1597 546 1659 actionum
570 1604 748 1681 repetatur.
764 1595 873 1672 Quare
895 1594 938 1657 sit
958 1594 1035 1657 haec
1057 1591 1180 1677 Propo-

103 1687 181 1738 sttto
197 1692 204 1735 :

147 1756 195 1819 17.
219 1754 379 1822 Potentiae
400 1759 521 1824 animae
543 1757 580 1823 od
602 1759 787 1823 seinvicem
809 1757 1052 1837 distinpnnntar
1070 1775 1181 1817 secan-

107 1839 183 1900 dum-
205 1837 436 1905 distinctionem
459 1843 684 1927 operationum,
709 1851 736 1901 et
758 1840 958 1903 obiectorum.

145 1920 315 1986 Probatur.
334 1925 496 2002 «Omnia,
520 1935 556 1990 ut
578 1947 602 1988 s.
629 1922 769 1987 Thomas
792 1923 908 2004 inquit,
924 1938 1008 2002 quae
1023 1915 1181 1982 dicuntur

102 2001 278 2066 secundum
301 2006 449 2070 ordinem
477 2007 582 2072 adali
606 2004 687 2080 uid,
720 2002 969 2086 distinguuntur
997 1998 1180 2063 seeundum

102 2082 252 2146 ordinem
273 2107 400 2163 eorum,
423 2088 461 2152 ad
484 2109 567 2174 quae
585 2029 746 2152 dicuntur
761 2087 805 2147 ¹».
830 2083 928 2168 Atqui
954 2079 1119 2166 potentiae
1138 2081 1180 2144 ad

104 2166 333 2248 operationes,
363 2181 395 2234 et
416 2170 619 2255 operationes
649 2169 688 2233 ad
718 2167 846 2232 obiecta
874 2163 1025 2229 ordinem
1047 2160 1178 2229 liabent.

105 2247 192 2328 Ergo
215 2253 379 2331 potentiae
402 2245 841 2316 seeundum‘distinctionem
869 2246 1122 2330 operationum,
1145 2257 1179 2309 et

104 2325 308 2395 obiectorum
329 2333 370 2397 ab
393 2355 425 2398 se
449 2337 585 2398 invicem
609 2331 889 2417 distinguuntur2.
905 2329 1113 2410 Quapropter
1130 2336 1178 2392 tot

106 2409 275 2476 facultates
297 2419 425 2480 animae
450 2418 548 2482 insint
569 2425 709 2502 oportet,
731 2425 811 2499 quot
825 2422 899 2477 sunt
912 2410 1061 2473 diversae
1076 2410 1181 2473 actio-

105 2511 162 2555 nes
182 2494 263 2570 eius‚
287 2495 479 2585 diversaque
502 2497 639 2576 obiecta,
662 2517 746 2582 quae
768 2505 844 2559 sunt
864 2493 1030 2557 actionum
1059 2491 1186 2573 princi-

107 2574 172 2660 pia,
197 2587 253 2640 aut
275 2580 415 2644 termini.

149 2657 198 2722 18.
223 2658 465 2726 Advertendum
481 2671 589 2726 autem
611 2669 660 2725 est
674 2659 916 2724 distinctionem
932 2651 1115 2747 specificam
1132 2653 1181 2717 fa—

107 2738 263 2803 cultatum
286 2740 516 2808 desumendum
545 2765 614 2810 esse
637 2765 679 2806 ex
701 2740 838 2805 obiectis
861 2758 922 2801 non
944 2744 1095 2819 spectatis
1115 2755 1184 2798 mo-

108 2820 272 2897 tcrt'aliter,
294 2844 408 2911 nempe
430 2836 528 2910 prout
548 2824 708 2911 quaedam
730 2843 781 2887 res
803 2831 888 2894 sunt,
911 2821 980 2882 sive
1003 2813 1186 2880 secundum

109 2919 201 2965 suam
223 2915 383 2982 naturam,
400 2907 453 2971 sed
475 2907 667 2989 formaliter,
685 2925 758 2968 nem
783 2899 993 2968 esecundum
1017 2897 1108 2962 illam
1132 2920 1186 2961 ra-

110 2983 249 3080 tionem,
265 3006 330 3069 qua
344 2988 405 3052 sub
421 2990 596 3074 potentiam
611 2988 739 3053 cadunt.
757 2925 966 3069 Ruapropter
986 2979 1112 3044 obiecta
1135 2980 1189 3044 di-

111 3087 215 3143 versa,
240 3088 306 3133 rmo
327 3071 490 3135 contraria
511 3071 551 3134 ad
573 3069 722 3134 eamdem
735 3067 925 3212 potentiam
947 3063 1134 3148 pertinent,
1157 3063 1188 3126 si

111 3168 170 3232 per
191 3147 338 3214 camdem
359 3155 509 3216 rationem
528 3152 692 3236 formalem
714 3171 732 3214 a
776 3171 848 3214 eam
865 3144 1066 3210 referuntur.
1082 3144 1121 3207 E.
1139 3167 1188 3231 g„

111 3230 233 3304 album,
256 3241 289 3297 et
311 3233 451 3319 nigrum,
475 3235 625 3318 quamvis
647 3235 711 3298 sint
731 3231 912 3307 contraria,
927 3239 1036 3293 tamen
1059 3224 1099 3289 ad
1115 3227 1193 3290 uoi-

111 3331 182 3376 cam
206 3315 382 3397 potentiam
412 3315 544 3379 cisionis
573 3323 741 3398 spectant,
771 3325 930 3398 quatenus
959 3311 993 3374 in
1014 3329 1076 3384 eo,
1097 3309 1193 3404 quod

112 3405 187 3458 sunt
209 3394 363 3472 visibilia,
387 3397 584 3462 conveniunt
595 3401 617 3460 ³.
642 3398 723 3462 Item
739 3394 910 3461 facultates
924 3392 1010 3457 inter
1023 3411 1056 3455 se
1072 3389 1193 3456 distin—

476 3533 804 3550 ψ

150 3603 161 3640 ¹
184 3605 210 3654 l²
229 3605 280 3658 ΞΜ,
300 3619 326 3667 q.
348 3600 416 3662 Lll',
431 3617 456 3652 a.
472 3603 487 3653 Ξ
502 3603 579 3654 c.—²
600 3606 649 3668 Qq.
669 3606 770 3668 dirpp.,
792 3605 830 3654 lta
854 3603 925 3659 γει,
945 3615 973 3663 q.
994 3595 1055 3657 xv,
1075 3611 1102 3649 a.
1122 3597 1139 3650 Ξ
1162 3615 1192 3652 c.

149 3677 161 3716 3
184 3674 204 3736 l,
226 3691 252 3744 q.
274 3671 404 3734 txxvtt,
425 3689 451 3726 a.
474 3677 489 3725 3
509 3676 542 3726 ad
562 3675 589 3726 2.
