2475 3909
162 177 203 240 52
555 192 757 241 noorcaa

125 276 295 341 identitate
317 294 450 352 rerum,
480 293 593 371 nempe
616 276 650 338 in
672 296 733 354 co,
757 270 842 359 quod
862 289 917 340 res
943 273 1121 360 significata
1146 270 1189 339 ab

124 360 232 453 aliqua
256 378 333 505 epea
354 355 467 423 eadem
489 368 615 422 ratione
636 358 807 444 accipitur,
822 355 899 422 dum
922 356 1048 423 diversa
1062 357 1188 421 ratione

124 462 191 503 acci
219 443 269 506 ien
293 461 312 504 a
332 448 390 503 est.

163 462 301 589 lipilum
324 541 358 585 so
383 521 486 586 hisma
509 529 630 619 spectet
652 521 692 585 ad
714 521 832 586 laisum
847 519 906 584 sub
921 522 1027 604 specie
1047 522 1117 585 veri
1140 522 1189 585 in-

123 604 330 681 sinuandum,
353 542 418 668 duo
439 603 478 668 ad
501 625 573 669 erus
594 602 799 679 effectionem
827 613 1019 667 concurrant
1051 610 1188 687 oportet,

123 706 336 769 quaeratione
358 686 580 770 sophismatum
604 684 769 763 dicuntur,
793 706 907 771 nempe
929 706 1021 749 caneo
1042 706 1190 769 apparen-

124 770 197 845 tiae,
213 778 245 834 et
258 789 424 833 causamn
438 769 630 833 eaiatentioe.
653 768 757 836 Causa
775 767 970 852 apparentiae
989 779 1036 831 est
1050 767 1187 853 aliquid,

123 872 163 913 cn
186 871 250 935 quo
272 849 318 926 id,
341 851 426 936 quod
450 850 567 916 falsum
589 860 649 926 est,
672 849 844 936 qnamdam
872 851 1013 934 speciem
1035 851 1105 915 veri
1119 872 1191 915 mu·

123 943 244 997 tuatur.
272 932 374 997 Causa
396 943 501 998 autem
528 953 589 996 non
609 934 787 999 existentiae
815 943 863 996 est
883 931 1030 1017 aliquid,
1051 953 1118 1017 quo
1142 931 1188 1007 id,

123 1016 209 1097 quod
226 1015 367 1099 speciem
389 1016 458 1080 reri
483 1036 558 1111 prae
580 1036 613 1080 se
636 1013 711 1091 fert,
727 1036 763 1079 re
784 1016 855 1100 ipsa
877 1012 994 1078 falsum
1013 1024 1072 1080 est.
1095 1014 1189 1080 Patet

124 1110 231 1162 auteur
245 1097 391 1162 diversas
406 1118 528 1184 species
542 1099 774 1184 sophismatum
788 1097 937 1161 constitui
950 1117 992 1160 ex
1003 1096 1188 1163 diversitate

124 1200 289 1244 caesaram
311 1181 530 1265 apparentiae,
558 1200 619 1244 non
643 1200 720 1244 vcro
741 1201 783 1244 ex
803 1178 989 1244 diversitate
1019 1199 1189 1244 causamur

124 1281 185 1324 raon
206 1263 396 1339 existentiae,
418 1263 495 1348 quia
517 1261 678 1347 sophisma
699 1282 764 1325 non
784 1282 824 1327 eo
845 1271 979 1346 spectat,
994 1273 1031 1327 ut
1044 1260 1190 1327 ostendat

123 1343 241 1410 salsum
263 1365 332 1410 esse
355 1343 400 1422 id,
423 1345 508 1431 quod
523 1344 666 1430 speciem
687 1343 757 1408 veri
779 1342 885 1417 hahet,
909 1343 963 1408 sed
985 1353 1023 1409 nt
1044 1344 1103 1409 suh
1117 1365 1192 1429 spc-

124 1430 172 1491 cic
195 1428 259 1493 rari
282 1426 433 1493 exhibeat
454 1424 500 1503 id,
522 1426 609 1511 quad
631 1434 679 1490 est
700 1425 817 1491 laisum
832 1427 856 1489 ¹.

361 1548 429 1601 har.
450 1548 481 1601 ΙΙ.
499 1576 531 1587 -
545 1548 581 1600 lia
600 1552 768 1614 sophismatia
789 1551 947 1601 indictione

163 1666 194 1727 7.
219 1662 431 1748 sophismata,
476 1681 536 1727 uae
558 1660 591 1725 in
612 1659 752 1726 dictione
773 1670 953 1735 versantur,
990 1659 1067 1723 baec
1100 1672 1186 1727 sunt:

126 1748 249 1829 l'iana
269 1744 433 1823 dictionis,
453 1682 667 1828 lomonpmia,
688 1744 757 1808 siva
779 1742 1007 1830 aequivocatio,
1029 1751 1187 1820 accentus,

124 1826 324 1913 (amphibolia,
348 1826 542 1911 compositio,
563 1836 596 1891 et
616 1824 741 1890 divisio.

167 1914 199 1979 8.
223 1910 390 1997 Sopbisma
409 1910 527 2007 fipnrae
547 1907 694 1973 dictionis
716 1906 838 1986 existit,
860 1906 989 1992 quoties
1021 1904 1103 1971 duae
1139 1907 1190 1970 di-

125 1995 259 2070 ctiones,
282 2013 364 2077 quae
385 1990 545 2059 diversam
572 1988 838 2075 significationem
850 1987 980 2064 habent,
998 2000 1131 2087 propter
1145 1990 1190 2054 si-

124 2074 342 2141 militudinem
365 2071 561 2139 desinentiae
583 2083 767 2149 sumuntur,
782 2071 874 2157 quasi
890 2068 976 2135 idem
990 2071 1016 2134 si
1064 2071 1185 2137 rhcent.

124 2157 165 2220 Ε.
190 2178 234 2241 g.,
255 2177 295 2221 ex
316 2176 367 2233 co,
388 2155 476 2240 qnod
498 2156 633 2240 operari,
655 2164 688 2219 et
708 2156 811 2219 amari
838 2154 991 2219 similiter
1044 2156 1189 2229 asinum,

124 2238 185 2303 boc
207 2239 368 2335 sophisma
389 2238 530 2303 construi
560 2246 676 2321 potest:
701 2238 812 2301 Amori
831 2247 874 2301 eat
890 2238 975 2322 pati,-
1001 2256 1071 2319 erpa
1095 2240 1193 2303 etiarn

125 2342 248 2405 operare
269 2330 313 2385 eet
332 2321 419 2405 pati;
432 2322 495 2397 vel,
518 2317 673 2404 Vapulare
687 2321 820 2404 eatpolt}
840 2339 909 2402 erga
930 2339 1034 2385 amare
1047 2330 1090 2385 est
1102 2324 1188 2404 pati.

164 2406 195 2470 9.
218 2402 387 2490 Sopbisma
408 2402 667 2487 aequiuocationis
688 2403 915 2478 committitur,
943 2422 1019 2466 cum
1038 2423 1115 2481 una,
1137 2426 1197 2469 ea·

128 2484 265 2571 demque
288 2504 362 2562 vox,
386 2505 468 2569 quae
490 2485 558 2549 sine
580 2482 647 2548 ulia
673 2486 852 2550 variatione
888 2485 982 2582 plura
1015 2484 1193 2568 significat,

125 2579 290 2654 tamquam
310 2568 449 2632 univoca
471 2568 504 2630 in
526 2569 805 2650 argumentatione
824 2566 1007 2634 adhibetur.
1023 2568 1061 2632 Ε.
1078 2588 1125 2652 g.,
1140 2590 1197 2633 so-

129 2651 235 2735 phista
257 2671 343 2727 eum,
389 2650 421 2714 ui
446 2648 570 2714 nullum
592 2645 682 2713 sidus
702 2649 819 2715 latrare
841 2650 967 2727 asserit,
990 2648 1194 2736 redarguere

125 2744 231 2816 potest
251 2733 310 2798 hac
332 2670 470 2797 fallacia:
497 2730 658 2827 anddnrn
680 2733 766 2798 sidae
787 2744 828 2797 est
852 2733 952 2812 conia·
972 2732 1022 2797 red
1043 2733 1131 2799 canis
1145 2734 1198 2799 la·

126 2827 293 2897 tra13erpo
316 2815 466 2901 quoddam
489 2814 575 2879 sedne
596 2812 701 2877 latrat.

166 2898 214 2964 10.
240 2897 380 2963 Fallacia
401 2906 540 2963 arcemus
561 2893 709 2973 habetur,
724 2917 797 2960 cum
819 2893 928 2981 aliqua
942 2917 1018 2972 vox,
1040 2917 1124 2981 quae
1145 2900 1194 2965 ob

124 2981 338 3045 variationem
360 2992 549 3047 accentuum
570 2977 664 3061 plura
689 2977 860 3063 significat,
887 2988 1051 3063 umquam
1085 3002 1195 3048 unum

125 3062 311 3149 significans
326 3064 359 3127 in
375 3062 652 3159 argumentatione
673 3062 841 3146 accipitur.
866 3062 935 3128 Hoc
950 3080 1051 3146 genos
1065 3064 1196 3148 sophis-

126 3157 247 3212 matum
270 3155 460 3233 praesertim
482 3142 567 3241 apud
589 3144 729 3209 Graecos
750 3144 905 3220 obtinuit,
929 3164 1004 3207 usus
1029 3146 1116 3208 enim
1137 3167 1198 3211 ac·

126 3241 277 3297 cantuum
301 3228 333 3291 in
356 3246 471 3313 graeca
493 3226 603 3311 lingua
631 3224 914 3311 frequentissima
934 3235 993 3292 est.
1027 3225 1113 3291 ilnic
1135 3249 1196 3313 ge·

125 3314 197 3377 nari
220 3310 451 3396 sophismatum
470 3309 568 3376 etiam
583 3321 804 3387 accensentur,
819 3328 903 3393 quae
918 3306 959 3372 ab
974 3305 1195 3393 ambiguitate

124 3394 314 3477 quantitatis
335 3393 418 3459 sumi
441 3400 581 3478 possunt.
605 3390 645 3455 Ε.
671 3412 716 3477 g.,
740 3393 803 3471 Oai
823 3390 948 3467 accidit,
969 3392 1122 3467 moritan-
1141 3408 1198 3458 at-

160 3610 171 3649 ¹
191 3608 256 3661 ilinc
276 3608 453 3671 sophistarum
473 3602 582 3653 seientia
599 3616 610 3643 ι
625 3602 667 3649 est
683 3600 740 3651 n'ea
765 3601 820 3653 stre
843 3613 972 3665 appaoem
1002 3592 1115 3655 scientia
1136 3621 1194 3661 non

125 3684 323 3743 existens-31n
341 3682 387 3733 tii.
409 3682 447 3733 W
466 3675 591 3741 Meropia,
613 3674 676 3725 tect.
699 3670 745 3725 tv.
