2475 3909
524 212 708 261 ouronoura
1064 198 1107 261 27

75 305 222 362 mentum
237 292 261 371 ⁴,
286 292 430 365 alterum,
445 292 516 358 eius
537 295 729 370 essentiam,
752 295 839 371 sive,
861 303 899 359 nt
920 296 1028 373 aiunt,
1050 298 1148 361 ratio·

74 398 146 443 aem
167 374 330 459 serrmalem
351 374 529 441 constituit.

115 461 169 525 79.
192 456 242 521 ,td
264 478 361 541 quam
384 477 452 521 rem
474 478 602 521 errores
624 454 755 530 Wolbi,
777 464 811 520 et
831 456 944 522 Lockii
971 456 1146 543 discipulo-

75 561 153 605 rum
175 541 320 623 sequenti
344 538 571 623 Propositione
595 535 818 623 explodimus:

118 620 212 686 Ratio
232 619 390 701 formalis,
411 623 476 685 sive
498 621 628 685 essentia
649 622 901 703 sustulisseque
922 618 1047 703 inipso
1072 620 1152 684 eati-

77 713 139 766 tate
160 704 231 775 rei,
254 713 289 764 ut
315 702 461 787 Walfiam'
483 702 588 766 doceat
603 704 639 778 ²,
662 722 778 786 aeque,
803 702 1061 786 quemadmodum
1090 704 1151 768 La-

78 782 187 847 clu'am'
208 795 321 859 tenent,
344 784 379 847 iu
400 785 610 849 cancerimtr'a
631 784 814 847 existentiae
833 784 929 849 realis
950 804 1057 849 rerum
1079 806 1151 850 eum

80 865 159 929 ideis
181 864 352 931 intellectus
374 866 508 932 humaui
524 867 630 951 posita
650 872 706 929 e'st.

122 945 282 1011 Probatur
304 947 410 1032 prima
435 968 519 1034 pars.
541 948 573 1015 Si
595 947 712 1014 entitas
733 946 781 1011 rei
796 947 968 1012 veritatem
983 947 1056 1013 eius
1071 967 1153 1011 con-

80 1028 253 1105 stitueret,
276 1049 388 1093 verum
415 1049 479 1095 non
504 1028 636 1095 adderet
662 1030 712 1093 rei
739 1028 843 1093 ullum
870 1039 1069 1114 respectum,
1092 1029 1149 1093 sed

80 1121 167 1178 esset
188 1112 321 1175 omnino
344 1132 462 1187 unum,
493 1112 646 1196 idemque
668 1131 744 1175 cum
765 1131 822 1185 eo,
846 1109 1048 1194 proindeque
1070 1113 1155 1175 enti·

83 1202 144 1267 tas,
167 1203 200 1256 et
222 1194 340 1256 veritas
355 1213 416 1256 nou
439 1192 526 1258 aliud
541 1203 661 1268 esseut,
674 1192 736 1256 nisi
750 1189 834 1255 duae
853 1212 960 1265 voces,
976 1212 1058 1277 quae
1082 1213 1152 1256 rem

82 1274 216 1337 omnino
230 1272 378 1339 eamdem
400 1274 595 1359 significant.
612 1274 712 1420 Atqui
727 1273 788 1337 boc
803 1274 1048 1351 consectarium,
1072 1273 1153 1360 ipsis

83 1354 257 1420 Wolfianis
278 1353 539 1432 concedentibus,
563 1367 610 1423 est
634 1356 665 1420 la
680 1376 764 1431 sum,
787 1356 863 1437 quia
885 1355 947 1439 ipsi
969 1354 1154 1420 doceutve·

84 1457 159 1501 rum
183 1456 245 1501 non
267 1458 335 1502 esse
359 1440 466 1523 ipsum
487 1460 554 1516 ens,
577 1436 633 1502 sed
651 1436 881 1523 proprietatem
897 1436 1156 1502 transcendente·

83 1518 149 1582 lem
171 1518 264 1582 entis.
289 1521 376 1606 Ergo
403 1522 486 1585 ratio
515 1519 658 1586 veritatis
684 1520 718 1583 in
745 1517 876 1582 eutitato
903 1520 952 1583 rei
982 1519 1156 1584 consistere

86 1620 152 1663 non
197 1608 290 1665 otest.

126 1620 196 1747 8⁰p
204 1681 363 1746 Probatur
384 1682 483 1748 altera
529 1702 593 1748 ars.
617 1679 768 1747 Esseutia
793 1681 940 1746 veritatis
966 1702 1078 1746 rerum
1103 1700 1161 1765 po-

87 1761 192 1826 nenda
221 1786 283 1829 nou
311 1772 359 1828 est
383 1765 417 1828 in
446 1704 634 1839 intellectu,
657 1762 699 1826 ad
726 1781 825 1845 quem
853 1782 907 1826 res
924 1783 983 1846 per
1003 1763 1156 1836 arrideas,

87 1842 144 1909 sed
166 1844 206 1908 ad
251 1867 328 1913 uem
348 1847 521 1913 necessario
555 1867 612 1910 seu
634 1865 690 1913 ver
711 1863 742 1909 se
781 1842 834 1901 ete
876 1852 954 1891 ntur
996 1845 1087 1914 111τῖ

88 1932 230 1961 rrrrrrrrr
229 1866 248 1963 l
252 1932 283 1973 υ,
299 1930 357 1962 seu
382 1921 440 1983 per
453 1921 487 1963 se
502 1895 692 1963 reseruntur
707 1901 748 1959 ad
762 1864 969 1962 lutellbctum
991 1897 1158 1972 Divinum,

89 1999 150 2063 per
170 1978 318 2044 accidens
340 1992 448 2046 autem
476 1980 515 2045 ad
541 1978 742 2047 intellectum
769 1976 971 2057 humanum,
992 1980 1050 2064 qui
1077 1979 1160 2065 ipsis

88 2060 188 2125 rebus
210 2060 335 2145 indiget
355 2060 566 2137 conformari,
587 2071 625 2127 ut
648 2080 744 2125 verus
764 2058 902 2125 dicatur.
925 2061 1014 2145 Ergo
1040 2064 1161 2128 veritas

88 2162 202 2207 rerum
223 2143 257 2207 iu
279 2143 500 2209 convenientia
522 2146 571 2209 sui
594 2163 669 2207 eum
691 2141 856 2207 intellectu
878 2139 1011 2218 Divino,
1027 2164 1090 2208 non
1104 2163 1163 2208 au-

90 2232 156 2289 tem
179 2245 255 2289 cum
276 2222 418 2289 humano
441 2224 589 2311 ponenda
611 2234 670 2290 est.

287 2346 353 2399 Aur.
375 2346 408 2398 ll.
420 2374 453 2385 —
465 2345 548 2400 Omns
567 2362 614 2398 eus
634 2362 691 2398 esse
711 2360 804 2397 rerum
823 2346 973 2397 ostenditur

132 2456 184 2523 81.
208 2453 382 2538 Explorate
405 2452 536 2517 notione
561 2452 723 2529 ueritatis,
746 2451 1005 2518 demonstramus
1027 2470 1164 2534 sequen-
1211 2516 1221 2536 ,

97 2548 164 2604 tem
186 2534 463 2620 Propositionem:

140 2616 301 2702 Quidquid
321 2627 364 2680 est
388 2617 422 2679 iu
444 2626 559 2679 natura
580 2635 702 2689 rerum,
723 2625 765 2678 est
787 2633 908 2679 aerum.

138 2697 309 2765 Probatur.
332 2696 463 2763 Veritas
497 2716 608 2764 rerum
641 2696 839 2761 naturalium
867 2694 901 2759 in
928 2712 1086 2758 consensu
1112 2696 1165 2760 sui

94 2801 171 2846 cum
194 2778 277 2845 ideis
299 2781 497 2867 archetypis,
520 2798 578 2845 seu
600 2777 844 2863 exemplaribus
866 2775 1053 2845 intellectus
1075 2775 1167 2842 Divi-

94 2862 128 2927 ni
152 2861 256 2947 posita
279 2872 337 2926 est.
356 2863 453 2945 Atqui
470 2880 521 2925 res
537 2859 700 2928 naturales
714 2859 955 2925 accuratissime
971 2856 1168 2942 respondent

93 2942 357 3027 exemplaribuS,
380 2942 558 3009 secundum
580 2963 664 3029 quae
687 2942 776 3006 Deus
800 2941 871 3005 illas
893 2938 1051 3004 condidit.
1075 2940 1165 3025 Ergo

97 3021 260 3111 quidquid
284 3025 317 3088 in
340 3036 453 3090 natura
477 3046 587 3090 rerum
609 3034 670 3101 est,
693 3034 742 3088 est
763 3044 888 3087 verum.

136 3106 189 3172 82.
214 3106 324 3171 Miror
344 3107 388 3171 ita
403 3107 500 3173 facile
521 3105 773 3172 demonstratur:
791 3105 824 3171 Si
847 3123 900 3167 res
921 3101 1085 3167 naturales
1103 3121 1168 3165 non

97 3188 341 3255 accuratissime
364 3187 596 3275 responderent
618 3184 877 3273 exemplaribus,
892 3182 1071 3249 secundum
1084 3202 1170 3267 quae

137 3415 145 3450 ¹
166 3408 226 3495 lios
244 3423 322 3459 sensu
342 3409 528 3471 acciptendum
547 3415 587 3461 est
607 3410 672 3460 ltlnd
691 3422 714 3459 s.
730 3406 880 3473 berqurtlnts
900 3408 1175 3471 terrenarumque

99 3494 149 3592 “ll
169 3478 546 3616 llblrllsrblblpirlllluecmllluper
564 3552 703 3616 amplexus
721 3556 762 3602 est
780 3549 1007 3608 Wittenbacblas,
1021 3550 1114 3600 nessa

100 3630 208 3699 sartptto
224 3626 416 3681 lnrttuttonum
434 3626 680 3695 metaplprtrarum,
696 3626 795 3687 ontot„
809 3638 836 3677 c.
847 3622 875 3688 3,
889 3628 905 3688 s
917 3623 945 3687 t,
960 3617 1078 3679 flanderi
1093 3618 1143 3676 tet
1166 3660 1174 3682 ,
