2475 3909
154 167 216 232 384
443 184 626 232 rueonoom
651 185 839 234 serenatas

112 265 279 347 pulerrmri
298 289 318 329 o
342 265 413 342 Deo,
428 267 595 331 seeundum
618 289 726 332 eorum
746 270 973 346 diversitatem.
991 267 1080 331 lline
1096 287 1185 332 crea·

116 363 207 412 torae
229 347 411 424 rationales,
426 368 501 412 oum
523 351 587 416 sint
604 371 660 435 prr
682 373 712 414 se
733 362 869 434 rpentes,
885 365 1047 435 tamquam
1070 349 1186 414 talen

114 431 353 494 teodomirium
375 432 557 507 euinctus,
603 431 737 498 eruliari
771 434 911 519 quodam
945 432 1044 496 modo
1073 431 1186 496 allen

115 511 362 597 gubernantur,
385 533 502 598 nempe
525 539 542 574 a
558 453 601 578 al
622 518 669 581 Eo
693 515 891 582 inducuntur
913 515 951 579 ad
977 514 1102 579 bonum
1122 563 1131 586 ‚
1154 526 1186 579 rt

115 594 322 660 retrahuntur
342 616 360 658 a
384 595 469 659 malo
492 615 550 680 per
564 608 750 683 praecepta,
767 611 799 664 et
820 597 1072 685 prohibitiones,
1092 619 1185 684 prae-

115 679 193 753 mia,
208 689 241 742 et
262 697 390 762 poenas.
408 679 477 742 lloo
499 690 606 746 autem
629 681 725 744 modo
748 703 809 745 non
832 680 1056 767 gubernantur
1079 679 1185 742 allen

114 771 280 880 ereatprae
304 760 531 840 irrationales,
554 783 639 848 quae
662 774 787 828 tantum
816 776 982 850 aguntur,
1005 773 1040 826 et
1062 783 1132 825 non
1155 783 1187 824 a·

137 854 196 907 unt
239 863 268 904 u.

116 862 135 927 g
155 924 223 990 189.
240 922 372 990 ostie*
388 922 421 987 1⁰
435 925 646 992 Manifestum
670 927 872 1012 experientia
894 935 941 991 est
963 925 1087 1008 impios
1111 948 1186 1012 pro

114 1025 241 1090 speram
266 1008 298 1069 in
320 1006 379 1070 hoo
393 1006 513 1071 mundo
535 1009 636 1073 vitam
658 1031 675 1072 a
700 1031 767 1082 ere,
784 1010 981 1074 econtrario
1006 1009 1114 1072 iustos
1140 1009 1186 1072 in-

115 1089 261 1151 numeris
280 1087 380 1174 affligi
403 1088 653 1155 calamitatibus.
680 1031 777 1177 liqut
802 1092 835 1155 id
858 1101 1016 1236 repugnat
1041 1089 1184 1154 Divinae

114 1168 354 1249 Providentiae,
399 1193 460 1236 uae
483 1173 629 1257 prolecto
651 1175 735 1240 iusta
757 1195 824 1239 esse
848 1171 993 1238 deeret.
1020 1173 1114 1255 Ergo
1134 1175 1156 1232 ⁸.

155 1252 222 1317 190.
249 1251 347 1339 Resp.
375 1191 522 1318 lrameu
545 1257 663 1332 moior;
686 1277 753 1340 nep.
777 1259 855 1320 min.
880 1256 957 1336 Nep.
982 1275 1066 1318 cons.
1089 1254 1184 1319 Dixi-

114 1354 197 1409 mus,
213 1344 346 1400 transeas
367 1337 483 1412 maior3
501 1347 569 1402 tum
591 1339 669 1423 qnia
694 1359 755 1402 nam
779 1357 908 1423 semper
926 1337 973 1412 lit,
988 1350 1024 1403 ut
1048 1335 1130 1401 boni
1154 1337 1184 1400 in

114 1418 290 1490 aerumnis,
306 1417 400 1502 impii
423 1439 499 1483 vero
522 1421 555 1483 in
572 1423 785 1506 prosperitate
807 1430 1080 1494 versentur31um
1106 1421 1183 1504 qtriu

115 1496 233 1561 salsum
264 1510 312 1563 est
334 1499 433 1564 laetos
455 1501 569 1566 llorere
594 1505 737 1588 impios,
760 1503 836 1568 dum
870 1508 938 1568 suis
962 1501 1126 1576 deliciis,
1149 1523 1183 1564 ar

3 1646 4 1653 ,
114 1583 278 1664 corporeis
298 1582 520 1668 voluptatibus
540 1583 708 1660 fruuntur,
731 1595 763 1651 et
785 1587 895 1650 vexari
919 1588 1002 1670 pios,
1017 1583 1101 1648 dom
1126 1584 1184 1646 mi·

3 1692 4 1749 3
113 1664 207 1728 soriis
229 1663 436 1748 affliguntnr;
460 1667 566 1751 potius
586 1669 675 1732 enim
698 1667 745 1731 illi
769 1671 934 1753 perpetuis
960 1666 1183 1732 conscientiae

3 1768 4 1777 ¹
113 1743 278 1823 stimulis,
301 1759 332 1812 et
353 1749 442 1814 curis
464 1747 700 1824 dilacerantur;
721 1751 756 1813 hi
779 1771 856 1814 vero
886 1751 917 1814 in
947 1751 1016 1815 sois
1038 1747 1184 1812 miseriis

3 1902 4 1959 l
114 1912 147 1974 in
172 1909 284 1987 bonos,
307 1927 339 1979 et

3 1848 4 1863 ¹
113 1830 256 1892 maxima
278 1829 442 1977 voluptate
457 1829 680 1917 perfruuntur.
697 1831 849 1896 Ceterum
864 1853 906 1896 ex
924 1853 975 1910 eo,
991 1828 1079 1917 qnod
1097 1828 1183 1892 mala

382 1934 444 1977 ona
465 1915 498 1978 in
521 1914 622 1978 malos
646 1915 846 1996 proveniant,
870 1925 993 1980 tantum
1017 1910 1125 1985 abest,
1149 1923 1184 1975 ut

4 2020 5 2053 t
114 1993 162 2056 vel
185 1993 364 2062 iniustitiae
386 1997 530 2061 accusari
547 1995 634 2060 Deus
655 1997 768 2081 possit,
784 1996 833 2060 vel
855 1996 947 2062 lllius
968 1995 1081 2078 negari
1103 1993 1183 2058 Pro

4 2116 5 2121 κ
113 2075 278 2152 videntia,
301 2079 379 2161 quin
404 2079 511 2175 potius
532 2091 564 2144 et
585 2101 710 2142 summe
733 2080 859 2154 iustus,
882 2089 915 2144 et
941 2081 1085 2142 maxime
1110 2095 1184 2174 pro

112 2158 209 2221 vidus
230 2158 305 2223 hino
327 2159 414 2226 lleus
436 2179 504 2245 ipse
526 2172 680 2246 appareat
694 2163 719 2224 ⁴.
736 2159 862 2226 Exinde
885 2161 972 2226 enim
995 2157 1184 2225 ostenditur

113 2239 354 2308 Providentiam
377 2242 528 2306 Divinam
557 2245 655 2308 etiam
677 2243 763 2308 ultra
785 2242 883 2310 huius
908 2243 993 2308 vitae
1023 2243 1183 2308 terminos

114 2323 274 2404 protendi,
292 2326 336 2388 ita
359 2336 396 2391 ut
418 2322 505 2389 Deus
526 2326 687 2410 utrisque,
710 2325 776 2391 sire
799 2323 904 2404 bonis,
921 2327 990 2391 sive
1010 2319 1125 2398 malis,
1151 2325 1182 2386 in

5 2470 6 2479 χ
112 2407 179 2470 vita
201 2407 301 2472 altera
324 2427 383 2504 pro
405 2409 531 2472 meritis
552 2407 604 2471 vel
627 2409 773 2491 praemio
798 2411 849 2474 vel
872 2427 991 2496 poenas
1015 2408 1183 2491 impertia-

113 2499 167 2554 tur
181 2493 204 2554 ⁵.
227 2490 389 2567 Quoniam
410 2509 489 2554 vero
512 2489 618 2555 nullus
641 2498 689 2554 est
709 2499 775 2555 tam
797 2487 925 2566 bonus,
952 2489 1007 2574 qni
1031 2510 1097 2553 non
1123 2489 1182 2552 ali-

112 2574 242 2658 quando
263 2571 443 2657 delinquat,
467 2593 571 2658 neque
593 2586 659 2638 tam
681 2572 799 2648 malus,
822 2575 880 2658 qui
903 2570 1033 2658 aliquod
1057 2570 1181 2635 bonnm

150 2779 158 2814 ¹
181 2776 201 2836 Ι,
221 2792 248 2843 q.
269 2773 336 2837 titt,
357 2794 384 2829 s.
404 2779 421 2829 s
439 2776 472 2827 ad
491 2775 520 2826 2.
540 2771 597 2825 llao
615 2775 816 2839 significatione,
832 2776 941 2826 utitem
959 2777 1069 2824 sanetus
1083 2768 1181 2822 Doetor

113 2853 247 2911 advertit,
267 2852 468 2916 intelligendum
492 2852 534 2899 ast
559 2847 624 2899 titud
651 2847 770 2911 Apostoli
791 2852 803 2900 1
821 2851 856 2898 ud
876 2849 946 2901 cor..
967 2861 993 2896 e.
1015 2841 1072 2900 tx.
1093 2857 1120 2893 r.
1142 2845 1176 2892 a:

6 2958 7 2989 ,
113 2927 240 2988 Numquid
264 2928 294 2975 tta
318 2927 397 2977 totus
421 2937 484 2975 aura
510 2929 545 2971 ert
572 2925 644 2972 veo?
670 2918 769 2984 Nempe
792 2941 802 2966 ι
826 2920 966 2985 Apostolus
989 2931 1041 2968 oon
1061 2917 1179 2966 totaliter

113 2998 243 3048 subtrahit
262 2998 341 3049 bores
359 3011 375 3047 a
394 3011 460 3047 cura
478 2995 676 3059 gubamttonis
695 2994 809 3050 diuinae.
830 2995 876 3044 sed
895 2992 979 3044 solnm
997 2991 1179 3056 quantumst

6 3092 7 3099 ¹
114 3073 232 3130 modum
252 3073 299 3135 qut
318 3071 422 3134 propris
441 3068 569 3131 competit
589 3067 710 3116 rationali
730 3072 870 3117 creaturae
893 3085 916 3124 ις
938 3065 1004 3115 itta.

149 3144 160 3180 ²
179 3139 346 3196 obtortiones
364 3144 461 3207 petitus
480 3155 511 3190 eu
532 3141 625 3198 matis,
646 3153 715 3203 qnae
736 3144 797 3189 suut
817 3141 843 3189 tn
863 3139 977 3196 monto,
998 3138 1098 3200 partim
1116 3134 1179 3184 stibi

113 3213 171 3282 (pp.
185 3217 318 3283 atesis)
337 3215 601 3280 praeoccupavimus,
616 3213 711 3274 partim
725 3213 751 3262 io
770 3213 891 3276 sequenti
905 3207 998 3274 Capite
1012 3209 1176 3260 refellemus.

6 3278 7 3344 l
148 3285 290 3352 ²lluytans
308 3303 412 3338 summa
431 3285 543 3336 andasta
569 3285 683 3334 asseruit
702 3284 765 3334 hoie
783 3283 932 3335 difficultati
952 3284 977 3334 tn
997 3283 1070 3332 hono
1096 3291 1178 3344 usqrm

6 3358 11 3422 ,¹
113 3359 182 3407 atem
201 3374 327 3423 responso
345 3361 419 3409 nollo
435 3356 556 3409 sstlstlori
575 3358 702 3419 pototsse.

6 3425 7 3441 ¹
148 3428 159 3464 ⁶
180 3429 239 3480 vm.
259 3445 282 3480 s.
303 3428 410 3484 raom..
432 3432 461 3480 ln
481 3431 526 3479 us.
547 3430 660 3486 loeus..
683 3427 746 3479 [ttst.
768 3424 896 3486 lllleX,
917 3441 944 3492 q.
964 3426 993 3486 Β,
1012 3439 1038 3475 a.
1059 3426 1077 3474 9
1097 3426 1129 3475 ud
1150 3425 1166 3473 5

147 3499 158 3532 ³
181 3519 190 3542 ι
207 3499 233 3550 Si
253 3517 334 3559 uerno,
355 3503 444 3552 scribit
464 3517 485 3549 s.
508 3498 680 3563 Augustinus,
701 3515 778 3550 otnno
798 3505 938 3564 peecatum
959 3499 1099 3549 monitans
1120 3497 1177 3559 plr-

113 3570 201 3684 couleti
212 3573 309 3690 {volout
328 3588 422 3692 pgena,
437 3573 502 3622 nihil
523 3575 616 3622 ultimo
637 3572 732 3624 iudicio
751 3575 851 3622 serrari
871 3577 1008 3636 putaretur
1026 3589 1050 3629 ·;
1067 3572 1106 3621 De
1120 3572 1175 3619 Cir.

7 3675 8 3684 t
139 3653 172 3695 e,
204 3657 238 3688 ι.
274 3659 326 3699 ,0,
369 3680 375 3692 ,
