2475 3909
488 160 700 231 rnns'rnrnn
1067 168 1087 231 9

75 266 115 329 nio
134 277 192 330 ete.
214 263 297 329 Cum
320 264 451 330 notione
479 267 658 330 universali
674 262 900 330 contundenda
914 285 979 329 non
1002 274 1052 330 est
1073 287 1129 331 no·

75 349 112 411 tio
131 346 295 411 collectiva.
319 345 416 413 Notio
437 346 603 411 collectiva
627 347 684 411 illa
707 355 864 420 vocatur,
886 367 969 430 quae
995 346 1130 413 exhibet

73 428 173 512 plures
187 447 237 491 ree
252 427 434 512 singulares
456 428 567 512 aliquo
587 427 702 493 ordine
718 429 982 513 &comprehensae
1005 429 1129 493 Huius-

73 510 150 573 modi
169 521 220 575 est
238 511 330 573 notio
352 511 530 586 exercituo,
553 530 637 595 quae
660 508 812 593 pluribus
838 508 1026 576 hominibus
1048 508 1128 589 belli

72 592 157 655 sociis
178 592 338 656 ooovenit.
362 593 429 655 lam
452 594 541 657 notio
561 590 730 657 collectiva
750 592 791 655 ab
806 591 984 657 universali
1006 590 1127 675 dinen,

72 671 101 735 1⁰
119 673 192 756 quio
213 673 410 737 universalis
431 672 624 741 attribuitur
649 671 802 740 omnihus
830 672 927 737 rebus
955 672 1128 756 singulari-

70 753 133 831 bus,
154 772 236 837 quae
259 754 300 817 ad
322 754 452 840 aliquod
470 774 582 839 genus,
606 753 656 820 vel
677 751 718 816 ad
733 754 875 839 aliquam
897 754 1041 839 speciem
1056 775 1130 838 per-

68 838 183 910 tinentt
207 833 378 901 collectiva
400 834 703 919 intemptandas,
725 834 782 899 sed
805 858 870 900 non
891 832 1067 912 omnibus3
1090 839 1127 901 2⁰

67 920 136 1002 qnia
156 916 213 980 illa
234 918 414 1001 unicuique
437 918 484 981 rei
508 916 665 1001 singulari
689 936 836 984 seorsum
860 928 986 983 sumtae
1009 936 1125 985 conro-

68 1002 129 1075 rit;
151 1000 230 1062 haec
252 1020 329 1068 vero
350 999 478 1063 nonnisi
500 998 654 1061 omnibus
681 998 779 1061 simul
794 999 907 1063 sumtis
930 998 1031 1062 tribui
1057 1012 1127 1083 pot-

67 1094 119 1146 est.
142 1081 200 1143 Ε.’
228 1127 250 1156 .,
278 1082 318 1145 de
341 1100 536 1164 unoquoque
558 1081 688 1147 homine
714 1077 779 1145 dici
814 1090 1006 1165 potestesse
1027 1080 1130 1147 homi-

66 1182 144 1237 nem,
166 1100 227 1257 sed
247 1182 309 1226 non
331 1162 410 1227 item
429 1160 472 1255 de
493 1181 690 1253 unoquoque
718 1160 823 1225 milite
844 1182 914 1227 esse
936 1162 1127 1229 exercitum.

100 1242 129 1309 3.
151 1243 253 1341 Notio
267 1251 384 1341 ‘autem
405 1243 707 1389 sitammam,
719 1251 1049 1396 ddaidrep‘dddedfft
1069 1243 1131 1390 afli:

64 1323 566 1501 ddiddulilidi²itduddtedrdidatie
587 1412 723 1481 constat,
736 1414 774 1469 ut
787 1370 847 1469 had
864 1343 980 1473 diones
994 1344 1130 1479 eaedem

65 1486 119 1552 elii
139 1487 315 1585 convenire
329 1506 402 1585 ⁸non
443 1493 549 1583 osarnt
563 1486 587 1564 ¹,
610 1496 690 1571 puta
711 1486 867 1584 Socratest

62 1569 256 1717 ne⁴d·N⁰⁰·⁰
275 1587 389 1664 onerer
437 1590 465 1631 ee
485 1566 607 1634 drortur
625 1568 796 1665 abstracto,
810 1588 888 1653 qura
902 1588 993 1639 mena
1011 1584 1132 1713 κρῖνο-

100 1671 118 1715 ιι
143 1662 170 1715 rt
190 1648 319 1735 aliquid
340 1669 512 1714 commuue
539 1650 651 1714 multra
676 1648 775 1714 rebus
803 1670 845 1715 ex
871 1669 910 1713 eo
937 1647 1026 1735 quod
1047 1648 1130 1715 rlud

63 1730 245 1798 considerat
265 1730 438 1795 seiunctim
459 1752 479 1796 a
501 1729 774 1816 proprietatibus,
788 1729 967 1816 exquibus
988 1732 1023 1795 in
1044 1732 1057 1793 i
1082 1734 1131 1797 sis

62 1814 157 1879 nous
179 1810 431 1879 determinatur.
446 1812 486 1879 E.
503 1831 550 1895 g„
565 1814 655 1878 notio
676 1812 812 1879 tonino
832 1750 1131 1896 repraesentatio,

62 1896 250 1961 manitatem
272 1892 395 1978 absque
416 1893 683 1979 proprietatibus,
706 1894 828 1979 quibus
841 1894 921 1961 haee
935 1894 969 1957 in
984 1894 1127 1970 Socrate,

62 1975 193 2043 Platone
219 1984 282 2040 eto.
304 1974 551 2041 determinatur.
576 1976 602 2039 Ε
625 1976 812 2051 contrario,
841 1973 932 2042 notio
959 1972 1131 2054 oioqolorio

61 2056 183 2124 dieitur·
203 2066 357 2133 coemto,
379 2056 455 2140 quia
469 2057 541 2141 ipsa
561 2055 696 2122 exhibet
716 2077 800 2133 rem,
815 2064 915 2140 prout
929 2054 963 2118 iu
977 2074 1010 2119 se
1025 2052 1131 2120 deter-

61 2140 182 2205 minata
204 2140 341 2215 existit;
364 2146 443 2222 puta
464 2139 555 2203 notio
576 2139 718 2205 Socratis
738 2137 871 2203 denotat
898 2136 1131 2200 humanitatem

61 2218 267 2309 ooniuoetam
288 2240 362 2284 oum
384 2217 535 2287 omnibus
556 2218 826 2310 proprietatibus,
840 2216 961 2306 quibus
981 2216 1060 2289 boec
1076 2215 1131 2281 do·

61 2302 257 2366 terminatur
277 2303 312 2367 in
333 2301 476 2367 Socrate.

97 2382 130 2445 5.
153 2381 304 2468 Denique
320 2380 530 2466 porttoolorle
552 2381 662 2478 aliqua
684 2382 774 2447 notio
800 2380 941 2454 dieitur.
964 2385 1063 2461 prout
1084 2398 1131 2442 re

60 2460 166 2528 fertur
187 2463 227 2528 ed
250 2460 447 2540 universale,
462 2460 517 2526 oui
533 2459 730 2538 subiicitur,
744 2462 820 2546 quia
834 2461 926 2527 notio
945 2458 1132 2524 considera-

59 2552 102 2618 ta.
126 2557 227 2629 prout
246 2545 345 2610 alicui
360 2543 536 2611 universali
560 2542 749 2617 subiicitur,
772 2541 902 2608 denotat
924 2542 1032 2625 ipsum
1059 2542 1132 2605 uni·

60 2624 183 2691 versele
207 2647 270 2691 non
291 2626 445 2702 universe,
469 2623 524 2690 oed
544 2646 585 2688 eo
610 2634 715 2709 porte.
737 2623 900 2700 Quociroa
920 2622 1132 2767 particularis

58 2718 107 2771 est
127 2714 199 2771 tum
231 2708 345 2783 notio,
368 2726 397 2771 e.
422 2728 467 2792 g„
489 2706 667 2806 aliquorum
689 2706 850 2769 lominum
882 2724 918 2767 re
933 2714 983 2768 ata
1011 2703 1052 2768 ad
1073 2722 1132 2767 noa

60 2786 183 2931 tionen}
206 2788 371 2863 hominio,
396 2797 464 2854 tum
487 2798 577 2854 notro
599 2788 738 2853 hominio
766 2786 868 2854 relato
895 2782 936 2852 od
968 2788 1134 2853 notionem

60 2888 169 2933 onemo
182 2890 221 2933 u.

100 2950 134 3013 6.
158 2952 211 3015 Ex
234 2948 421 3014 notionibus
441 2945 682 3014 universalibus
703 2948 787 3012 oliae
808 2946 849 3010 ad
872 2947 981 3031 aliqua
1002 2964 1132 3031 genera,

61 3030 112 3092 vet
137 3030 265 3127 aliquae
287 3050 302 3094 e
325 3031 412 3094 ecies
434 3050 544 3095 rerum
566 3028 776 3106 reseruntur,
798 3037 876 3125 puto
897 3030 1044 3092 notiones
1066 3027 1135 3090 oni·

58 3110 230 3189 mettioeo,
254 3122 286 3179 et
303 3048 525 3187 inmanitatis,
549 3112 752 3191 aliaesquae
774 3108 928 3174 docuntur
953 3128 1132 3205 supremae,

58 3190 108 3255 vel
131 3194 393 3275 ymnollaoimm,
408 3190 597 3257 reseruntur
612 3191 652 3257 ad
669 3190 762 3266 illud,
778 3188 864 3274 quod
885 3189 1021 3253 dirersis
1038 3210 1134 3273 gonew

60 3270 157 3339 ribus
178 3295 290 3345 rerum
311 3284 360 3341 est
382 3294 576 3351 commune,
600 3271 784 3343 cuiusmodi
812 3283 860 3338 est
879 3272 969 3338 notio
991 3270 1134 3342 sudeton-

403 3424 515 3433 ⁸——

93 3514 101 3549 ¹
123 3509 227 3645 Idm
245 3512 423 3573 tndtetduum.
444 3498 506 3580 dole
525 3506 552 3564 lo
572 3506 648 3577 utura
668 3506 749 3569 totto.
770 3504 850 3577 (totle
868 3504 956 3572 losum
975 3507 1032 3567 etl.
1053 3503 1133 3565 ‘livill

57 3598 126 3659 nequ
154 3622 159 3637 .
