2475 3909
491 200 689 248 cosuonocra
1031 187 1089 253 123

76 285 211 362 cideret,
235 282 356 350 frustra
377 281 512 348 haberet
526 305 658 350 acumen
671 305 702 363 »3
718 289 805 373 quod
821 288 967 375 prolecto
987 287 1132 356 infinitae
1186 321 1192 333 ‹

75 368 136 433 Dei
154 367 339 453 Sapientiae
363 376 533 451 repugnat,
557 389 631 432 nam
653 393 670 430 ιι
695 381 805 436 contra
828 373 986 437 rationem
1006 372 1134 456 sapien-

73 451 138 518 tiae
159 462 218 524 est,
236 458 271 514 ιιι
292 451 334 514 sit
355 447 478 532 aliquid
503 447 624 514 lrustra
640 451 672 514 in
688 452 843 537 operibus
864 452 1044 552 sapientis¹
1061 474 1089 517 n.

110 533 162 597 71.
175 530 465 625 Prop.2¹.Corporo
479 551 541 594 noo
555 532 654 595 solum
668 554 748 598 noea
762 535 932 600 accidentia
945 538 980 600 in
994 533 1132 598 substan·

73 615 144 690 tiis,
166 635 240 699 quoe
255 615 320 678 ium
336 621 486 688 ceretani,
502 613 659 678 sedetiam
673 637 768 680 nouos
782 616 972 681 substantias
989 618 1130 698 piguerat.

111 695 281 761 Probatur.
305 696 371 762 Nos
392 699 545 761 contiuuo
573 698 790 794 conspicimus
812 719 831 762 a
853 699 951 764 rebus
978 699 1059 763 alias
1080 717 1132 762 res

69 777 152 862 ipsis
174 777 309 852 similes,
332 799 359 842 c.
385 799 430 864 g.,
454 780 559 862 ignem
584 777 625 841 ab
648 800 735 874 igne,
760 781 910 865 progigni
926 783 949 844 ².
967 781 1066 877 Atqui
1089 781 1134 843 si-

70 857 223 927 militudo
246 861 393 944 corporis
415 861 513 944 geniti
543 880 615 924 cum
646 872 795 947 gignente
818 863 935 926 nonin
959 860 1134 928 accidenti-

70 941 146 1017 bus,
164 939 216 1006 scd
235 943 266 1005 in
283 939 474 1018 substantia,
490 963 546 1006 sen
562 953 677 1008 natura
694 946 834 1006 maxime
849 944 952 1028 posita
967 957 1014 1011 est
1029 945 1134 1028 bquia

70 1022 273 1100 accidentia,
296 1024 480 1109 exquibus
505 1022 709 1089 individuum
736 1027 964 1102 constituitur,
988 1047 1004 1089 a
1027 1026 1133 1090 causis

68 1107 261 1172 extrinsecis
282 1107 398 1171 variari
423 1118 455 1171 et
476 1107 592 1170 mutari
620 1118 762 1192 possunt.
786 1109 873 1190 Ergo
895 1107 921 1171 si
945 1128 1064 1195 corpus
1086 1108 1134 1192 gi-

69 1189 140 1273 gait
155 1208 271 1272 corpus
293 1189 356 1252 sibi
380 1187 498 1264 simile,
515 1208 615 1252 unum
636 1189 771 1254 alterius
785 1188 997 1257 substantiam
1020 1191 1133 1277 gigne·

70 1291 105 1334 re
129 1268 302 1335 dicendum
323 1280 371 1337 est
384 1272 409 1332 ⁴.

178 1386 246 1440 hur.
268 1387 301 1442 V.
313 1385 425 1454 -Quid
443 1389 475 1438 de
495 1388 698 1450 proprietatibus
717 1403 858 1452 corporum
877 1391 1019 1454 primariis,

304 1467 332 1512 et
350 1463 514 1512 secundariis
532 1461 698 1511 sentiendum
716 1464 761 1519 sit,
780 1463 905 1512 delinitur

108 1569 160 1634 72
183 1567 370 1654 Philosophi
385 1579 458 1654 post
477 1566 660 1634 Cartesium
681 1570 896 1655 proprietates
909 1590 1084 1656 corporum
1099 1574 1133 1636 in

108 1726 119 1765 ¹
140 1730 189 1793 Qq.
203 1731 300 1795 dispp„
316 1731 378 1780 ibid.
399 1727 499 1784 Eodem
518 1725 654 1792 Aquinate
671 1731 839 1786 observante.
859 1730 926 1781 iilud
943 1732 1024 1782 etiam
1043 1732 1135 1783 absim

71 1803 137 1852 dum
158 1805 377 1866 consequeretur,
397 1805 417 1852 ai
438 1802 592 1865 corporibus
611 1803 696 1852 omnis
708 1803 747 1852 ris
759 1803 853 1864 agendi
868 1803 1050 1868 denegaretur,
1063 1807 1134 1868 quod

68 1887 165 1938 nempe
178 1875 242 1924 ordo
256 1889 356 1935 rerum,
365 1889 397 1926 ex
410 1890 462 1940 quo
476 1879 589 1939 systema
604 1874 766 1923 mundanum
781 1874 904 1934 eiiicitur,
915 1889 1022 1937 prorsus
1034 1884 1133 1928 rueret.

72 1941 125 1998 «Si
145 1951 246 2005 autem,
266 1949 314 2006 ait,
342 1963 357 1998 a
377 1948 455 1998 rebus
475 1947 665 1998 subtrahantur
683 1948 811 2004 actiones,
831 1947 995 1997 subtrahitur
1012 1949 1076 1998 ordo
1095 1961 1135 2000 ro·

70 2033 132 2069 rum
145 2019 178 2068 ad
192 2019 315 2070 invicem:
331 2034 420 2070 rerum
433 2022 516 2077 enim,
530 2033 600 2083 quaa
614 2023 676 2068 sunt
689 2019 806 2068 diversae
825 2019 969 2069 secuudum
983 2035 1045 2070 suas
1058 2028 1135 2071 uatu-

68 2105 125 2150 ras,
141 2104 193 2142 uon
207 2097 247 2142 est
260 2093 395 2156 colligatio
409 2095 435 2142 iu
449 2094 547 2142 ordinis
560 2092 701 2147 unitatem,
715 2092 763 2140 uisi
777 2105 824 2154 per
835 2091 896 2148 hoc,
916 2093 984 2148 quod
1003 2093 1134 2156 quaedam

70 2169 165 2228 agunt,
179 2169 206 2214 et
219 2167 350 2229 quaedam
365 2168 535 2228 patiuntur»,
548 2167 635 2214 contr.
650 2165 736 2220 asne,
750 2165 796 2214 tib.
812 2161 859 2222 iii,
873 2179 900 2215 c.
913 2163 961 2222 to,
975 2179 1001 2215 ιι.
1014 2165 1042 2215 2.

106 2235 118 2272 ²
138 2234 204 2286 ilinc
217 2253 240 2288 s.
255 2234 369 2288 Thomas
383 2241 495 2288 asserrrit
505 2236 660 2287 inductione
674 2237 749 2286 tunttt
764 2237 828 2286 itiud
841 2237 962 2294 eti'atnm,
975 2237 1046 2300 quod
1058 2252 1135 2289 omna

68 2309 153 2360 simila
163 2312 280 2373 producit
291 2312 342 2362 sibi
353 2313 443 2362 simiis.
458 2330 468 2355 ι
483 2311 608 2372 Apparet,
623 2310 719 2373 iuquit,
739 2322 786 2372 per
805 2309 984 2360 inductionem
1002 2310 1030 2360 iu
1049 2311 1137 2360 omnl-

69 2383 130 2439 bua,
144 2381 213 2446 quod
226 2383 312 2434 simile
325 2388 387 2448 agat
399 2396 476 2434 auum
490 2381 577 2433 simile
591 2400 615 2439 ·;
628 2383 715 2432 contr.
730 2381 816 2439 dent..
830 2382 884 2432 loo.
899 2383 946 2432 cit.

107 2452 119 2490 ³
141 2473 151 2498 ι
165 2449 307 2512 Geuarare,
321 2457 407 2520 inquit
418 2470 440 2505 a.
456 2452 651 2510 bonaventura,
665 2453 697 2502 ds
712 2454 752 2502 sui
767 2454 870 2516 propria
890 2455 993 2503 ratione
1005 2458 1046 2503 eat
1058 2455 1132 2505 simi·

70 2529 125 2576 iem
138 2526 185 2575 sibi
199 2527 395 2586 insubstantia,
409 2535 437 2578 et
449 2534 543 2578 natura
558 2526 704 2590 producere
717 2544 742 2576 s:
756 2529 785 2574 in
796 2527 842 2576 tii.
858 2528 964 2582 isati„
979 2522 1046 2577 llist.
1060 2523 1132 2586 xix,

69 2613 97 2648 a.
113 2599 139 2655 i,
154 2612 181 2662 q.
197 2595 206 2648 l
220 2601 297 2650 sesni.

107 2667 119 2704 ⁶
138 2663 174 2721 Gi
183 2685 251 2732 quae
264 2673 377 2724 diximus
390 2673 416 2722 ln
429 2667 496 2733 Cap.
511 2667 531 2728 l,
543 2671 655 2735 possim.
669 2665 725 2732 Qua
745 2669 770 2719 iu
789 2683 818 2719 rc
837 2669 902 2718 iilud
921 2682 982 2717 curn
1003 2666 1135 2734 Aquinate

68 2741 259 2793 advertendum
273 2751 323 2802 eat,
334 2746 403 2810 quod
414 2745 463 2796 etsi
479 2746 548 2794 vires
560 2743 663 2792 activae
676 2743 793 2804 corporis
806 2744 858 2791 sint
871 2741 1031 2800 accidentia,
1046 2750 1135 2794 umen

69 2816 156 2866 forma
170 2815 350 2869 substantialis
365 2821 390 2868 in
403 2819 457 2870 atio
470 2828 580 2880 corpore
593 2815 626 2864 ab
639 2816 678 2862 cis
691 2815 800 2872 produci
821 2819 917 2877 potest,
930 2816 1093 2878 inquantum
1106 2833 1136 2867 o-

71 2893 135 2951 prsnt
152 2889 244 2938 uirtute
263 2891 437 2941 susbstantiottr
453 2890 555 2952 formae
574 2887 646 2937 iliius
664 2889 794 2948 corporis,
814 2887 857 2937 cui
878 2888 1014 2937 inhaerent
1032 2887 1134 2956 (Contr.

72 2961 160 3018 Garat,
172 2961 224 3011 loc.
238 2959 309 3032 cit).
327 2961 363 3014 lta
378 2965 461 3020 calor,
475 2975 528 3025 quo
542 2959 607 3024 ignis
622 2961 647 3008 iu
661 2957 761 3016 liguum
775 2961 838 3022 agit,
853 2971 904 3009 uon
918 2964 958 3008 est
971 2973 1049 3010 causa
1062 2963 1136 3024 prin-

70 3031 176 3094 cipalis,
191 3047 258 3096 quae
276 3035 367 3094 sliicit,
390 3040 418 3084 ιιι
437 3037 537 3097 iignum
558 3035 583 3082 iu
602 3033 689 3094 iguem
709 3036 912 3090 transmutetur,
927 3033 970 3081 sed
985 3039 1025 3082 est
1037 3035 1137 3083 inuru-

72 3109 203 3162 mentum,
223 3120 275 3168 qno
294 3109 360 3172 iguis
379 3109 477 3171 lignum
498 3107 524 3156 in
544 3109 629 3168 ignem
650 3103 779 3154 convertit
798 3103 839 3172 (cl
857 3100 878 3162 l,
898 3119 926 3168 q.
947 3100 1051 3163 trivit,
1072 3120 1097 3154 a.
1119 3105 1135 3155 3

71 3179 104 3227 ad
125 3173 164 3242 3).
184 3174 257 3240 Quod
277 3182 299 3229 si
319 3183 387 3233 vires
406 3181 507 3230 activae
527 3179 658 3240 eorporis.
678 3177 748 3240 quod
769 3176 795 3226 iu
814 3177 886 3226 aliud
905 3177 970 3239 agit,
990 3181 1051 3226 sunt
1070 3191 1136 3226 can·

71 3263 116 3300 sae
139 3253 363 3312 instrumentales,
385 3255 457 3316 ipsae
476 3251 622 3302 assimilant
640 3262 747 3312 corpus,
769 3249 795 3297 tn
813 3249 884 3314 quod
902 3254 994 3312 agtrut,
1008 3250 1134 3309 nonsibi,

72 3323 117 3372 sed
139 3323 222 3392 magis
241 3321 342 3377 iorrnue
363 3325 528 3375 substantiali
549 3324 667 3385 corporis
687 3323 738 3379 sui;
762 3335 823 3370 nam
846 3323 1136 3385 instrumentumque

72 3407 154 3446 causa
175 3395 327 3458 priudipalis
346 3400 377 3447 ad
397 3397 521 3447 ellectum
542 3394 739 3458 producendum
760 3395 853 3453 utitur,
868 3407 919 3442 non
932 3406 964 3442 eo
976 3399 1090 3456 spectat,
1106 3401 1137 3448 ut

73 3467 198 3518 ellectum
217 3469 345 3522 assimilet
364 3475 474 3520 naturae
496 3482 571 3525 suae,
586 3468 630 3518 sed
650 3472 760 3516 naturae
780 3479 875 3531 causae
894 3467 1058 3529 principalia,
1072 3469 1136 3532 quia

74 3541 108 3590 ab
127 3537 178 3590 hac
197 3552 304 3591 omnem
323 3543 447 3593 uirtutem
467 3541 560 3605 agendi
579 3541 668 3590 sumit.
687 3533 828 3588 ·ttuecrus
847 3551 898 3588 uon
917 3541 1080 3590 assimilatur
1098 3543 1138 3592 iu-

75 3615 233 3671 strumenta,
254 3614 298 3664 sed
319 3613 457 3680 principali
477 3615 576 3678 agentis
596 3613 665 3663 sicut
682 3613 768 3661 iectus
785 3624 837 3660 uon
856 3611 1019 3663 assimilatur
1037 3615 1135 3673 securi,

76 3683 123 3739 aad
141 3683 203 3746 arti,
222 3697 290 3752 quae
308 3693 347 3742 est
366 3689 393 3742 iu
413 3691 501 3742 moute
520 3685 625 3740 artificis
641 3703 666 3745 η
681 3681 727 3748 tit,
748 3697 775 3752 q.
795 3677 876 3745 tart,
896 3697 923 3738 a.
945 3683 957 3738 l
979 3698 1005 3740 o.
