2475 3909
163 137 227 203 962
520 157 796 208 snrusonococm

166 241 334 307 Probatur.
359 241 393 307 1⁰
414 241 516 307 Exem
541 243 644 322 loris,
667 246 775 309 aiente
798 264 823 307 s.
848 241 993 321 Thomu,
1041 244 1196 331 roprinm

122 334 170 387 est
191 345 230 388 eo
253 335 412 407 spectare,
435 333 471 388 ut
494 262 561 401 ilfa
585 347 669 410 quae
691 325 730 389 ad
753 346 901 389 normam
919 324 1004 390 suie
1040 338 1197 413 agantur,

123 405 245 470 similia
268 406 331 470 sibi
355 404 469 472 reddat
489 408 513 469 ¹.
548 408 647 491 Atqui
674 406 705 472 id
736 405 775 471 de
804 406 935 470 bomine
956 428 1031 471 cum
1055 408 1198 493 reliquis

125 486 320 553 animalibus
341 510 413 553 com
438 499 527 554 arato
550 489 615 553 dici
641 489 764 573 nequit.
787 489 936 573 Namque
958 488 1055 553 borno
1078 488 1121 554 ob
1145 512 1199 553 ra-

125 568 272 645 tionem,
294 592 359 654 qua
381 510 468 634 solus
491 572 576 635 inter
597 570 753 635 animalia
780 569 904 653 pollet.
925 590 944 633 a
967 571 1026 635 reli
1051 573 1103 636 uis
1126 573 1199 636 aui-

125 648 266 715 malibus
297 651 516 717 essentialiter
536 650 657 717 dilicrt.
682 654 770 737 Ergo
793 652 890 716 bomo
918 592 1112 739 exemplar,
1136 674 1195 719 seu

127 739 222 815 typus
244 733 343 799 totius
365 735 451 799 vitae
474 734 626 798 animalis
648 756 717 798 esse
739 736 854 819 nequit
867 735 891 795 ².

164 811 200 875 2⁰
223 815 255 880 Si
279 815 376 878 bomo
398 826 483 880 esset
504 814 639 879 ultimus
661 818 841 892 terminus,
865 812 904 878 ad
928 834 1027 899 quem
1048 816 1198 881 evolutio

126 893 307 959 embrionis
329 897 490 981 pervenit,
514 894 684 963 facultates
707 895 938 983 cognoscendi,
954 896 1198 983 appetendique

128 974 160 1036 in
184 976 315 1042 homine
338 999 356 1041 a
380 978 544 1064 principio
565 979 708 1062 quodam
732 980 890 1045 materiali
916 978 1200 1061 producerentur,

126 1057 249 1155 q'nippo
271 1058 357 1142 quod
381 1060 522 1136 embrio,
544 1059 661 1125 borum
676 1060 887 1147 Physicorum
910 1060 1083 1135 sententia,
1105 1082 1149 1124 ex
1165 1063 1199 1124 si

127 1138 191 1203 sibi
214 1140 310 1206 insito
343 1142 486 1225 seipsum
519 1140 653 1206 evolvit.
688 1142 788 1225 Atqui
815 1145 900 1219 boc,
923 1149 958 1205 ut
980 1162 1022 1204 ex
1043 1140 1143 1207 dictis
1164 1143 1200 1207 in

128 1220 349 1307 Dynamiloqio
364 1232 463 1320 patet,
478 1222 718 1308 perabsurdum
737 1235 796 1289 est.
813 1224 896 1289 Nam
913 1221 1084 1287 facultates
1097 1224 1202 1289 ratio-

129 1304 228 1378 nales,
251 1325 328 1368 cum
349 1317 414 1370 sant
436 1306 655 1389 inorganicae‚
677 1304 876 1391 principium
896 1304 980 1367 alius
993 1314 1143 1383 naturae,
1164 1326 1203 1369 ac

128 1385 297 1469 quodlibet
314 1406 473 1473 organum
487 1407 698 1471 corporeum,
714 1387 936 1473 expostulaul;
956 1387 1131 1453 sentientes
1146 1409 1204 1451 au·

130 1477 206 1543 tem,
223 1469 283 1533 etsi
300 1487 358 1554 per
380 1489 501 1553 organa
523 1488 680 1553 corporea
704 1478 934 1545 exerceantur,
956 1467 997 1532 ab
1019 1468 1070 1532 bis
1091 1479 1203 1533 tamen

130 1569 325 1635 premanere
348 1561 524 1635 nequeunt.
548 1552 639 1635 Ergo
655 1551 751 1614 homo
765 1571 834 1615 esse
851 1548 963 1633 nequit
978 1548 1115 1615 ultimus
1138 1562 1207 1615 ter—

131 1633 254 1708 minus,
275 1630 314 1695 ad
336 1652 433 1715 quem
455 1631 599 1698 evolutio
623 1631 806 1697 embrionis
827 1632 988 1717 pervenit,
1010 1652 1090 1707 seu,
1112 1632 1204 1717 quod

131 1710 220 1777 idem
241 1721 303 1791 est,
314 1723 411 1801 typus
432 1716 533 1779 totius
555 1713 641 1779 vitae
663 1714 825 1778 animalis.
851 1714 901 1777 Ex
923 1733 988 1809 quo
1007 1725 1208 1858 arpumento

130 1794 308 1881 colligitur,
326 1797 505 1880 praefatam
520 1798 710 1881 opinionem
725 1817 765 1859 ex
783 1793 1015 1860 materialtsmo
1059 1794 1207 1873 erivare,

132 1876 211 1960 quia
233 1879 334 1943 sumit
356 1898 468 1943 omnes
491 1877 661 1946 facultates
676 1876 829 1953 hominis,
853 1878 954 1941 immo
977 1876 1081 1961 ipsam
1102 1878 1208 1942 vitans

132 1978 195 2021 non
218 1958 281 2023 nisi
305 1961 461 2025 materiae
484 1958 598 2026 brutae
621 1958 842 2025 evolutionem
861 1978 941 2023 esse.
957 1956 1051 2035 Quod
1066 1959 1208 2024 historia

133 2039 316 2118 confirmat,
332 2040 480 2107 bodierui
497 2044 584 2107 enim
599 2039 832 2106 materialistae
851 2053 926 2105 sunt
940 2042 997 2126 qui
1014 2040 1208 2126 opinionem

133 2120 225 2185 illam
248 2142 457 2220 propugnare
479 2134 650 2188 conantur.

97 2231 101 2250 ·
174 2201 208 2270 3⁰
231 2204 264 2271 Si
285 2203 434 2270 diversae
455 2206 581 2291 species
602 2203 788 2269 belluarum
810 2214 900 2270 ortae
916 2213 1022 2268 essent
1035 2224 1078 2266 ex
1093 2201 1204 2267 diser-

543 2328 866 2353 Γ-.-..--.-.

134 2387 220 2439 surdis
233 2394 329 2440 scatet.
344 2384 380 2439 Cf
390 2386 528 2447 floorens,
545 2390 647 2445 canter,
662 2386 777 2437 Histoire
794 2388 827 2436 do
844 2403 885 2437 sos
902 2395 1017 2438 tranuito
1033 2390 1099 2444 etc..
1120 2382 1208 2437 Blato-

135 2460 209 2519 stlte,
231 2463 340 2512 fliction.
355 2465 399 2511 des
413 2464 492 2509 scien.
507 2461 630 2515 naono..
646 2456 751 2521 suppl..
773 2462 825 2507 orl,
846 2459 964 2509 Anintul.
986 2458 1105 2509 Praestat
1125 2460 1209 2509 etim

135 2535 223 2596 legere
242 2540 362 2584 nostrum
383 2531 438 2582 lan.
461 2532 618 2584 Portanova.
640 2532 732 2579 Errorl
751 2546 764 2577 e
782 2532 870 2581 dottrs't
888 2532 931 2581 del
950 2534 1139 2591 ttnrwinismo,
1158 2527 1213 2581 Na-

136 2607 189 2665 poll
211 2606 301 2663 lbld.
320 2612 348 2656 et
367 2600 432 2656 Can.
456 2603 551 2654 franc.
572 2600 695 2663 Rugum,
717 2615 787 2651 nuuc
809 2603 907 2652 illustr.
930 2599 1054 2665 Episcop.
1076 2602 1209 2667 ttropao..

136 2680 228 2742 suppio
253 2681 340 2729 critico
365 2681 405 2727 sul
430 2672 625 2732 tamennon,
652 2676 678 2723 in
705 2670 819 2737 Ephem.
848 2678 883 2725 Lu
908 2678 1016 2727 suom
1041 2691 1054 2723 e
1075 2679 1110 2727 co
1132 2678 1212 2731 Fauo.

136 2764 190 2798 ser.
213 2748 258 2808 tv,
279 2752 332 2800 vol.
355 2746 387 2797 lll
408 2758 435 2799 et
455 2746 488 2806 tl,
511 2746 603 2810 Nepoti
629 2746 707 2797 1818.

176 2820 184 2855 ¹
205 2824 325 2883 Qooottt.
348 2819 416 2874 Vllf.
437 2837 464 2870 a.
485 2822 500 2869 d
521 2836 547 2869 c.

172 2892 185 2929 ²
204 2890 260 2944 ldoc
279 2901 468 2957 argumentum
489 2898 524 2942 tta
544 2895 660 2954 amplius
676 2890 861 2941 confirmatur:
876 2886 998 2947 Certum.
1013 2898 1156 2954 ratumque
1169 2898 1215 2941 est

141 2964 169 3015 l⁰
187 2979 204 3015 ι
223 2967 342 3029 quolibet
361 2966 492 3028 principio
506 2980 559 3014 non
572 2978 648 3027 posse
662 2964 733 3012 aliud
748 2964 817 3020 duri,
832 2965 881 3013 nisi
898 2962 973 3021 illud,
989 2964 1020 3011 orl
1033 2962 1105 3027 quod
1121 2964 1235 3025 ipsum,

138 3039 299 3101 principium
320 3045 443 3101 spectat,
463 3038 541 3087 etad
561 3037 631 3100 qnod
653 3037 678 3085 in
698 3038 813 3097 potentia
834 3040 894 3091 est:
915 3034 946 3085 2⁰
965 3034 1050 3094 illud,
1077 3036 1150 3098 quod
1170 3036 1217 3091 m.

137 3124 196 3161 esse
219 3111 338 3161 eiusdem
365 3114 476 3159 naturae
503 3123 566 3157 crim
591 3110 698 3169 scipso.
726 3113 868 3171 postquam
888 3108 989 3158 tactum
1009 3113 1069 3164 ost,
1088 3108 1153 3170 quis
1176 3108 1217 3163 ld.

137 3184 208 3245 quod
227 3183 274 3241 ttt,
295 3184 327 3232 ad
346 3184 479 3245 seipsum.
501 3187 579 3241 prout
599 3180 702 3230 factum
721 3184 777 3237 est,
799 3194 827 3229 se
847 3180 927 3229 habet
946 3182 1019 3229 velut
1037 3180 1080 3231 vla
1099 3179 1134 3229 ud
1155 3184 1216 3230 ter-

140 3256 254 3313 minum,
274 3260 302 3305 et
321 3254 403 3306 volasti
423 3267 530 3315 corpus.
550 3254 621 3315 qnod
642 3256 682 3300 est
701 3252 729 3299 ln
749 3256 835 3308 motu,
857 3252 888 3300 od
909 3265 1016 3315 corpus,
1029 3252 1100 3314 qnod
1124 3255 1166 3301 est
1190 3254 1220 3300 in

139 3328 242 3388 quiete,
262 3326 343 3391 Atqui
363 3328 443 3375 laomo
462 3326 530 3373 allus
549 3330 590 3373 est
610 3331 742 3381 naturae,
769 3336 801 3374 ac
828 3326 931 3387 reliqua
958 3324 1105 3379 animalia.
1133 3328 1220 3386 atque

140 3398 297 3447 animalium
317 3400 419 3448 multae
438 3403 504 3448 sunt
523 3398 636 3459 species.
658 3392 729 3459 Ergo
748 3397 844 3446 unicus
861 3396 963 3445 omorio
983 3409 1032 3445 nec
1052 3400 1139 3457 potest
1158 3408 1220 3445 esse

142 3467 314 3530 princtplnm,
333 3483 365 3519 eu
385 3484 439 3533 qno
458 3470 550 3524 humo,
565 3475 592 3518 et
604 3474 720 3519 cunctae
741 3471 842 3530 spectes
862 3468 1012 3519 belluarum
1028 3466 1219 3525 affirmantur,

143 3550 193 3586 nec
213 3545 312 3599 potest,
332 3542 396 3590 burn
416 3542 448 3591 ad
468 3541 621 3591 lactentum
644 3542 779 3589 nominem
799 3542 977 3605 progreditur,
992 3544 1103 3589 cunctas
1117 3540 1220 3604 species

143 3607 307 3672 belluarum,
326 3614 406 3663 uliam
427 3619 486 3677 post
504 3612 588 3663 aliam
608 3614 767 3679 producere.
