2475 3909
1065 139 1120 207 231

271 220 275 227 ’
379 251 892 376 catunatocncu

142 640 172 704 1.
200 612 257 704 bd
278 639 539 739 Dynamilogiam
554 640 610 706 illa
623 640 737 717 etlam,
753 642 801 708 uti
815 640 958 709 diximus
973 644 997 722 ¹,
1013 648 1162 715 tractatio

92 733 236 809 spectat,
256 743 322 807 qua
342 722 537 808 inquiratur,
560 720 641 810 qnid
662 721 790 789 roboris
814 734 941 791 nostrae
963 728 1089 791 animae
1111 725 1161 791 la·

93 804 273 873 cultatibns
298 804 375 869 insit
397 804 437 868 ad
462 815 584 871 certam
609 807 753 871 veritatis
774 808 991 905 cognitionem
1024 808 1056 893 gi
1082 830 1158 873 nen·

93 884 184 950 dam.
217 889 330 963 llaec,
357 889 492 952 maximi
519 885 649 983 quidem
675 898 853 966 momenta,
880 892 1030 956 tractatio
1059 829 1159 957 drio-

91 968 230 1052 riolopio
249 980 465 1053 nuncupatur,
487 990 564 1054 quia
579 970 748 1049 facultates
769 972 984 1057 cognoscendi
1000 1019 1008 1047 ,
1024 982 1060 1038 ut
1085 993 1161 1038 mox

94 1048 255 1127 dicemus,
279 1064 375 1138 prout
395 1053 564 1117 veritatem
585 1073 694 1117 rerum
716 1051 810 1117 nobis
832 1054 1042 1137 patefaciunt,
1065 1055 1160 1121 crite·

92 1132 146 1195 ria
168 1136 237 1199 reri
261 1132 475 1219 appellantur.
503 1133 710 1219 Philosophi,
738 1138 795 1220 qui
824 1146 964 1203 mentem
988 1136 1159 1201 humanam

94 1214 173 1292 illis,
195 1215 316 1301 quibus
337 1215 483 1362 praedita
503 1224 563 1291 est,
583 1217 796 1313 cognoscendi
820 1218 1053 1295 instrumentis,
1079 1221 1159 1284 veri-

93 1304 194 1362 tatem
215 1300 285 1363 sina
306 1297 372 1362 ulo
392 1301 512 1364 erroris
535 1297 707 1363 formidine
729 1299 855 1383 assequi
880 1319 972 1385 posse
987 1312 1157 1395 negarunt,

93 1387 152 1444 aut
172 1380 314 1445 nondum
337 1392 516 1446 assecutam
541 1401 611 1447 esse
637 1380 883 1459 contenderunt,
905 1382 1053 1465 Sceptiot,
1074 1383 1156 1459 sive,

91 1472 131 1526 ut
144 1458 243 1549 latine
264 1460 398 1539 dicitur,
422 1462 638 1528 observatores
659 1463 765 1530 vocati
786 1474 871 1541 sunt,
894 1484 1074 1549 eorumque
1088 1486 1158 1529 seu-

91 1544 193 1607 tentia
214 1545 437 1629 Scepticismos
457 1545 573 1611 audiit.

132 1624 163 1687 2.
181 1626 293 1710 ltaque
314 1626 347 1689 in
365 1624 554 1691 huiusmodi
577 1626 796 1693 controversia
809 1627 894 1693 bunc
908 1626 1056 1692 ordinem
1071 1625 1159 1691 adhi-

91 1703 253 1772 bebimus.
275 1708 400 1783 Primo,
418 1710 547 1774 statutis
567 1705 763 1793 quibusdam
785 1708 974 1775 notionibus
995 1710 1081 1773 circa
1096 1708 1157 1773 cri·

90 1788 173 1853 teria
195 1791 264 1854 veri
288 1790 319 1853 in
335 1791 535 1865 universum,
550 1790 755 1875 singulorum
776 1791 986 1857 criteriorum
1007 1792 1074 1855 vim
1091 1802 1157 1857 tue-

90 1868 214 1934 bimur.
230 1869 353 1937 Deinde
368 1870 553 1936 unirersam
567 1872 766 1957 scepticismi
782 1875 939 1939 rationem
956 1871 1153 1939 refellemus.

89 1948 256 2035 mulque,
278 1953 435 2039 quoniam
458 1950 627 2019 facultates
648 1954 860 2039 cognoscendi
881 1955 999 2041 inspici
1022 1967 1156 2042 possunt

89 2052 155 2097 nou
176 2032 280 2099 solum
302 2036 336 2098 in
358 2056 403 2109 se,
426 2056 483 2100 seu
503 2034 651 2113 obsolute,
674 2034 848 2101 sedetiam
870 2037 1047 2115 moraliter,
1071 2036 1156 2103 idest

88 2134 154 2178 una
176 2136 252 2181 cum
277 2116 343 2181 illis
367 2116 552 2195 adiunctis,
573 2138 657 2205 quae
684 2118 815 2183 illarum
837 2138 938 2192 ¹usum
959 2118 1150 2205 perturbare

87 2195 204 2292 solent,
228 2198 618 2284 inquiremus,quaenam
642 2200 689 2265 ris
711 2200 790 2283 ipsis
817 2199 985 2267 moraliter
1000 2202 1153 2290 inspectis

87 2287 178 2343 rosit.

455 2403 592 2469 CAPVT
613 2404 789 2471 PllllllVlll

238 2531 283 2597 lte
305 2512 456 2595 critariis
476 2530 549 2594 reri
569 2531 604 2594 in
625 2532 812 2598 universum
832 2532 995 2615 spectatis

166 2650 495 2712 Anr.1.-oavernne,
515 2668 548 2705 ac
567 2656 646 2705 vertis
665 2656 746 2706 animi
765 2656 837 2705 circa
859 2655 933 2705 illam
951 2654 1064 2705 statibus

126 2767 158 2833 3.
175 2765 420 2850 investigatoris
438 2765 662 2842 instrumenta,
675 2764 794 2849 quibus
806 2764 951 2830 veritatis
962 2777 1083 2831 certam
1098 2786 1151 2831 co-

131 2849 266 2913 itionem
288 2847 503 2933 assequimur,
525 2864 606 2930 opus
634 2846 726 2911 nohis
747 2858 796 2912 est
815 2846 849 2910 in
875 2858 1073 2914 antecessum
1096 2848 1150 2915 de·

84 2869 204 3007 ldtre,
226 2926 306 3013 quid
326 2928 367 2994 sit
387 2927 524 3005 veritas,
551 2940 584 2996 et
604 2928 786 3016 quotuplici
809 2928 842 2992 in
864 2938 948 2995 statu
969 2933 1056 2995 eirca
1077 2950 1149 2995 eam

83 3033 176 3079 mens
196 3010 336 3075 bumana
358 3012 480 3076 versari
501 3020 610 3095 queat.

124 3092 265 3168 Veritas,
288 3101 387 3177 prout
406 3092 549 3159 retertur
570 3091 610 3157 ad
633 3100 790 3168 mentem,
812 3113 897 3177 quae
920 3092 1009 3159 illam
1031 3113 1149 3179 cogno-

83 3172 303 3259 eiectatur
323 3174 443 3257 lopiac,
467 3183 500 3239 et
520 3175 626 3259 posita
647 3185 695 3239 est
717 3174 750 3239 in
772 3196 830 3251 eo,
852 3174 941 3259 quod
962 3194 1051 3241 mens
1072 3192 1148 3241 cum

82 3277 118 3320 re
140 3254 293 3340 cognita,
315 3266 413 3352 prout
439 3255 519 3320 haec
541 3259 575 3321 in
596 3278 630 3321 se
652 3267 720 3332 est,
748 3257 919 3323 consentit.
947 3258 1056 3335 Quare
1079 3277 1098 3320 a
1119 3277 1145 3322 s.

81 3337 206 3404 'l'boma
228 3334 394 3402 delinitur:
416 3360 435 3400 a
457 3337 661 3423 adaequatio
682 3337 876 3417 intellectus,
891 3348 923 3404 et
948 3338 1013 3416 rei,
1035 3356 1148 3405 secun

81 3418 161 3491 dum
184 3417 272 3504 quod
300 3419 481 3487 intellectus
506 3420 587 3487 dicit
608 3441 700 3497 esse,
722 3418 810 3507 quod
831 3430 901 3498 est,
924 3430 957 3488 et
977 3440 1041 3489 non
1063 3441 1143 3498 esse,

449 3556 774 3575 m

118 3613 213 3685 ¹923.
234 3615 261 3670 3.
