2475 3909
395 173 582 222 rnrotoots
604 170 790 225 narrastis
1020 150 1081 218 317

55 260 159 327 etiam
185 281 226 324 ex
247 261 425 324 Auctorum
450 257 513 325 lide
538 256 804 341 dignissimorum
831 255 1026 323 testimonio.
1054 255 1120 328 lta,

53 344 144 409 inter
156 354 281 407 ceteros
302 341 467 407 Ecclesiae
489 342 558 408 Scri
584 350 668 405 tores
681 339 704 415 ¹,
721 338 869 404 Clemens
882 335 1123 401 Alexandrinus

53 422 214 507 scribitp
277 423 320 486 los
341 443 454 499 omues,
469 426 534 487 sice
596 423 709 484 lentem
732 421 843 497 coloret,
868 421 932 483 sice
954 420 1046 484 litora
1062 420 1122 483 Oo-

55 506 189 570 cideutis
243 506 322 569 timo
342 515 474 581 teueoot,
495 507 560 570 sice
582 503 621 566 ud
642 502 896 587 Septentrionem,
919 500 982 564 sice
997 502 1037 565 orl
1051 501 1122 565 Me-

53 586 172 651 ridt'em
187 586 332 664 bolitent,
348 586 520 671 quamdam
536 585 596 650 llei
618 586 768 650 notitiam
783 583 900 648 hahere
914 584 938 645 ².
956 585 1005 647 Ex
1019 582 1123 649 ethni-

54 671 107 733 cis
122 680 229 733 autem
251 668 462 746 Auctoribus,
479 668 666 766 pervulgata
690 679 738 733 est
760 666 814 731 illa
836 667 992 731 sententia
1007 664 1118 729 Tullii:

54 775 77 813 «
101 750 197 817 Nulla
228 760 276 815 est
299 770 376 847 gens
399 762 463 815 tam
487 760 717 825 immansueta,
750 760 880 834 tamque
915 748 1009 822 iera,
1037 767 1120 832 quae
1196 783 1202 797 ι

54 852 135 910 non,
158 833 290 905 etiamsi,
303 843 440 917 ignoret,
457 832 584 918 qualem
607 832 712 897 Deum
731 831 848 896 habere
863 828 990 906 debeat,
1013 839 1120 894 tamen

54 913 242 981 habendum
257 934 326 978 esse
348 916 429 980 sciat
441 915 484 977 ⁸».
500 913 668 979 Accedunt
689 914 835 979 historici
859 926 1003 979 veterum
1019 933 1123 996 pupu-

54 1000 177 1062 lorum.
201 996 291 1061 Nulli
313 999 400 1061 enim
421 1006 506 1074 sunt,
528 997 586 1082 qui
614 1017 679 1061 non
702 998 752 1062 sui
768 996 893 1083 populi,
915 1006 946 1060 et
967 993 1120 1068 aliorum,

54 1101 200 1165 quorum
219 1076 389 1143 historiam
411 1077 571 1156 scribunt,
594 1078 785 1163 religionem
808 1079 962 1153 reierant;
985 1076 1018 1140 in
1040 1095 1123 1140 asse-

53 1160 158 1243 renda
173 1160 235 1224 Dei
256 1160 429 1225 existentia
451 1163 632 1237 unanimes,
647 1160 723 1225 licet
738 1162 771 1225 in
785 1160 921 1245 reliquis
943 1178 1038 1245 saepe
1059 1156 1123 1222 dis-

54 1246 211 1310 sentiant.
245 1240 361 1317 Quoad
392 1253 501 1309 autem
527 1246 673 1316 nationes
704 1240 938 1310 recentioribus
969 1240 1124 1326 tempori-

54 1328 123 1392 bus
144 1324 305 1401 detectas,
329 1324 449 1409 pariter
473 1324 562 1389 nulla
582 1334 647 1401 est,
669 1346 753 1409 quae
775 1326 810 1388 in
832 1321 1032 1390 admittendo
1054 1322 1123 1387 Nu-

54 1411 148 1475 mine
176 1427 240 1471 non
267 1409 461 1485 consentiat,
490 1408 627 1473 testibus
655 1407 734 1493 ipsis
757 1405 920 1471 historicis
952 1403 1123 1488 religionis

55 1502 186 1557 nostrae
210 1486 360 1553 inimicis.
385 1490 489 1554 Fuere
510 1489 667 1575 quidem,
690 1491 747 1573 qui
774 1488 905 1573 linguae
936 1486 1121 1571 aliquorum

55 1573 255 1659 populorum
282 1569 365 1635 haud
393 1574 471 1637 satis
492 1574 585 1655 gnari
607 1570 749 1655 speciem
769 1568 943 1654 quamdam
971 1568 1124 1633 atheismi

57 1662 148 1723 inter
173 1673 229 1719 eos
250 1650 409 1719 detexisse
432 1651 599 1739 putabant3
616 1676 728 1719 verum
750 1653 888 1720 viatores
910 1650 1120 1738 posteriores,

56 1743 128 1805 iarn
143 1736 245 1819 magis
260 1735 424 1811 instructi,
439 1736 552 1801 eadem
576 1738 645 1801 loca
668 1745 890 1821 peragranteS,
907 1754 969 1799 non
983 1734 1122 1799 obscura

55 1819 231 1903 religionis
253 1816 374 1883 indicia
399 1820 590 1885 invenerunt
603 1823 628 1883 ⁶.

100 1902 152 1969 iu.
167 1901 243 1967 Nec
265 1919 464 1987 quemquam
484 1912 613 1966 moveat
635 1899 736 1964 luisse
757 1896 926 1982 quosdam,
949 1909 981 1963 et
1002 1917 1070 1963 esse
1089 1918 1122 1961 e·

55 1985 141 2050 tiam
164 1982 281 2058 modo,
304 1984 360 2065 qui
385 1982 508 2049 nullum
535 1994 645 2049 extare
667 1983 772 2048 Deum
795 1990 919 2067 putent.
943 1980 1011 2045 Etsi
1033 1980 1122 2045 enim

58 2064 94 2130 id
117 2066 306 2130 admittatur
320 2066 343 2141 ⁵,
367 2078 474 2131 tamen
494 2068 678 2153 argumenti
701 2065 751 2129 tis
771 2062 862 2128 nullo
882 2061 978 2127 mollo
1001 2062 1122 2128 minui«

448 2230 776 2245 mum——

95 2344 105 2380 ¹
124 2338 187 2392 Vin.
207 2338 375 2399 Ginonlhiac,
396 2344 508 2392 Histoire
525 2344 560 2392 du
577 2343 668 2408 deame
685 2344 836 2409 relictique,
851 2346 871 2394 t.
886 2340 907 2403 l,
923 2356 979 2406 par.
998 2339 1020 2402 l,
1035 2342 1080 2391 lit.
1099 2339 1123 2402 l,

58 2432 87 2467 o.
110 2412 144 2470 V,
164 2428 191 2477 p.
211 2415 243 2463 tl
267 2429 324 2478 sqq,
347 2414 417 2464 Paris
437 2415 517 2465 isse.

96 2487 236 2543 ²Strom.‚
257 2486 303 2536 lib.
326 2485 357 2545 V,
377 2500 406 2535 u.
426 2486 540 2537 ἔθα-3
560 2489 599 2537 Ds
619 2488 733 2551 Lenibus.
754 2489 800 2539 lib.
821 2486 842 2547 l,
862 2502 889 2539 o.
909 2488 936 2537 8.

96 2559 111 2596 ⁴
128 2557 189 2612 vro.
210 2556 307 2617 Feltsr,
328 2561 478 2610 emeritanus
500 2562 703 2624 philosophique,
724 2563 745 2609 t.
767 2558 788 2620 l,
808 2574 834 2611 o.
856 2562 882 2619 l,
902 2564 929 2611 el
948 2555 1065 2617 llrenns,
1085 2560 1124 2610 De

55 2628 1121 2769 rt,tt.tritavi-sttolenti

539 2740 547 2756 .
652 2741 659 2763 ,
751 2721 758 2755 ι
847 2722 854 2755 r
954 2740 961 2762 ,
1114 2740 1122 2754 .

57 2776 191 2842 Quoniam
211 2783 300 2827 aulem
320 2776 429 2827 dirersis
454 2777 538 2827 modis
558 2774 626 2827 Deus
644 2778 736 2845 negari
756 2782 860 2841 potest,
888 2778 1026 2841 multiplex
1049 2781 1122 2827 extat

58 2850 201 2900 atheorum
219 2863 313 2913 genus.
334 2846 359 2900 Si
379 2851 424 2912 qui
443 2853 540 2907 essent,
555 2852 601 2913 qui
619 2850 653 2899 oh
672 2852 769 2901 mentis
788 2851 939 2901 tarditatem
958 2849 1030 2900 omni
1049 2863 1125 2913 pror·

59 2929 107 2972 sut
126 2919 172 2972 llei
193 2925 342 2985 cognitione
360 2922 556 2980 destituantur,
583 2924 652 2973 othei
676 2925 786 2986 asportor
810 2924 973 2974 dicerentur.
993 2919 1043 2986 Qui
1060 2934 1123 2972 reto

59 2993 146 3045 lleurn
165 2994 198 3043 ab
217 2996 277 3045 aliis
296 2997 418 3058 agnosci,
438 3001 466 3044 et
489 2995 593 3045 adorari
613 3009 665 3045 noo
684 2995 820 3057 ignorant,
841 2997 889 3059 ipsi
910 3001 999 3045 tamon
1017 3004 1124 3045 summa

60 3067 212 3117 intellectus
230 3068 417 3117 excaecatione
430 3064 501 3118 Eum
519 3080 662 3130 agnoscere
680 3068 839 3127 detrectant,
854 3072 900 3118 nul
912 3065 1124 3117 cavillationibus

61 3140 154 3189 toliere
173 3142 308 3198 nituntur,
328 3140 395 3189 othei
410 3143 530 3205 positiol,
550 3143 592 3190 rel
616 3142 754 3203 tloqmott'et
770 3142 891 3191 audiunt.
911 3136 931 3189 ll
951 3144 1056 3198 autem,
1076 3140 1124 3202 qui

60 3226 116 3263 non
135 3213 219 3262 serbis
240 3210 322 3262 ileum
340 3220 448 3276 negant,
467 3213 513 3263 sau
531 3218 587 3263 tatu
614 3213 702 3276 pratis
717 3213 835 3263 moribus
852 3214 935 3262 sitam
954 3224 1031 3261 sustu
1049 3212 1125 3261 insti·

62 3290 161 3344 luunt,
180 3286 256 3348 qussi
276 3285 378 3335 nullutn
403 3287 515 3335 timeant
534 3281 638 3342 lienam
663 3286 731 3335 ullust
751 3288 861 3351 proulei
884 3284 1045 3335 vocitantur.
1067 3280 1124 3333 latta

61 3371 126 3408 tero
144 3359 242 3407 multos
257 3370 319 3407 esse
337 3360 470 3421 practicus
487 3358 591 3416 atheos,
609 3358 697 3421 etqui
710 3358 846 3417 simulate,
866 3362 893 3407 et
912 3355 1046 3407 tattaottsr
1065 3368 1125 3419 pet·
1230 3408 1234 3417 ,

61 3431 212 3481 suasionem
230 3431 263 3479 tle
282 3426 336 3479 ileo
356 3432 381 3479 in
400 3430 464 3488 suis,
484 3435 512 3481 et
529 3431 642 3480 aliorum
662 3431 808 3489 mentibus,
828 3428 984 3493 conquisitis
1003 3429 1119 3493 undique

63 3504 229 3560 ratiunculis,
244 3502 416 3562 labetactare,
435 3508 463 3554 et
481 3504 569 3553 delere
588 3510 730 3564 conantur,
744 3504 856 3568 lugenda
875 3503 1037 3565 experientis
1052 3500 1124 3554 docti

63 3590 165 3624 snmus.
184 3573 278 3628 Utrum
297 3580 387 3624 autent
407 3576 463 3627 teri
480 3576 552 3625 athai
569 3576 698 3639 negativi,
713 3582 794 3640 atque
813 3575 955 3639 dogmatici
974 3575 1121 3631 extiterint,

64 3650 105 3697 rei
125 3654 231 3706 extent,
258 3649 408 3699 decertatur
427 3650 495 3699 inter
513 3646 670 3711 Scriptores.
696 3648 821 3715 Quaestio
841 3649 909 3699 haec
929 3649 966 3699 ita
985 3646 1125 3700 enunciari
