2475 3909
119 129 181 194 204
480 146 751 204 aarrraoroaoam

80 234 198 297 creatis
220 252 255 294 rc
281 250 402 314 ugnare
426 229 636 296 arbitrantur.
660 232 772 315 Atqui,
789 239 825 294 ut
841 231 874 293 iu
890 229 1080 311 Outolopiu¹
1104 229 1157 294 ri·

80 314 201 390 «umus,
225 249 303 376 aiiii!
321 322 480 398 repugnat
494 315 561 376 rim
577 311 750 410 quamdam
766 323 935 376 actuosam
951 311 1049 376 rebus
1065 332 1158 376 crea-

81 397 122 460 tis
143 397 259 468 inesse,
282 395 404 467 immo,
428 395 454 457 si
477 415 514 458 ea
539 396 616 480 ipsrs
639 403 787 478 negetur,
812 392 913 458 multa
938 392 1083 470 absurda
1104 392 1157 455 in·

79 475 119 540 de
151 475 326 562 prolluuut.
351 477 438 558 Ergo
472 476 583 550 nulla,
618 479 717 540 immo
749 475 889 540 absurda
915 486 964 541 est
986 477 1084 548 ratio,
1108 475 1155 541 ob

79 579 179 642 quam
201 557 486 622 occasionalismns
501 557 541 621 ab
556 559 627 622 eius
642 557 832 624 auctoribus
852 560 1059 642 excogitatus
1076 556 1154 621 luit.

108 641 170 722 ν51,
197 639 355 704 Probatur
378 637 478 703 altera
502 661 586 725 pars.
612 638 887 705 Occasionalistae
915 661 978 704 non
1003 636 1155 704 infician-

81 735 135 786 tur
150 721 243 786 nobis
257 719 362 785 rideri
379 722 534 796 animam,
551 732 583 785 et
599 742 718 806 corpus
733 721 859 805 aliquid
876 723 908 786 in
924 742 994 786 sese
1010 722 1155 785 invicem

80 824 187 886 agere,
211 803 266 868 sed
290 823 420 866 causam
444 803 539 867 buius
561 804 774 885 phaenomeni
800 825 841 865 ex
864 804 933 887 ipsa
957 813 1075 866 natura
1098 803 1158 867 bo·

81 885 178 949 minis
202 908 265 949 nou
288 884 506 969 expostulant,
529 886 580 949 sed
605 884 645 948 ad
669 884 773 948 Deum
797 887 944 949 omnium
967 905 1079 947 rerum
1095 905 1156 948 aa·

80 973 225 1044 ctorem,
249 978 279 1031 et
302 979 561 1030 conservatorem
595 965 801 1049 confugiunt.
827 967 924 1050 atqui
953 966 1036 1040 boc,
1067 976 1105 1030 ut
1127 988 1154 1030 s.

80 1046 218 1112 Thomas
241 1046 366 1112 iamdiu
391 1046 611 1122 observavit⁸,
635 1048 805 1130 indignum
838 1059 886 1113 est
906 1049 978 1112 viro
1034 1047 1157 1114 biloso-

80 1128 168 1212 pho;
193 1130 280 1193 Deus
302 1129 388 1191 enim
411 1129 524 1214 procul
548 1128 651 1193 dubio
679 1141 727 1194 est
748 1150 843 1193 caraea
867 1069 1062 1194 universalis
1083 1151 1156 1194 om-

79 1210 172 1274 nium
196 1212 494 1296 phaenomenorum
521 1221 682 1286 naturae;
705 1209 760 1274 sed
785 1211 974 1296 philosopho
994 1233 1155 1295 quaeren-

79 1289 139 1356 dae
161 1304 235 1358 suut
256 1313 371 1356 causae
395 1293 692 1376 phaenomenorum
716 1293 941 1376 particulares,
965 1314 1021 1356 seu
1038 1294 1156 1390 proxi-

80 1395 164 1449 mae,
187 1377 264 1457 quia
290 1374 459 1438 iubarum
483 1376 693 1458 cognitione,
738 1373 1013 1439 uaemadmotlum
1037 1397 1071 1439 ru
1095 1376 1156 1440 aa

77 1457 148 1538 pico
171 1455 334 1530 vidimus,
358 1455 493 1521 scientia
526 1457 687 1521 consistit.
751 1456 1016 1524 ccasionalismus
1050 1458 1156 1540 igitur

76 1535 266 1603 methodum
290 1536 535 1624 philosophandi
559 1547 713 1613 sectatur,
728 1558 813 1621 quae
826 1540 998 1603 scientiam
1018 1539 1155 1622 gignere

78 1639 144 1683 nou
166 1629 281 1705 potest.

117 1700 168 1768 52.
194 1700 351 1765 Probatur
374 1700 469 1766 tertia
503 1719 589 1784 pars.
614 1699 799 1766 Secundum
823 1699 1098 1768 Occasionalistas
1121 1722 1156 1762 a·

77 1781 167 1850 nima
187 1803 262 1848 cum
283 1802 421 1868 corpore
444 1802 549 1864 neque
573 1781 752 1846 secundum
775 1803 857 1859 esse,
881 1783 926 1846 ita
949 1792 985 1846 ut
1008 1802 1050 1845 ex
1074 1782 1156 1866 ipsis

78 1864 175 1928 unica
199 1865 357 1949 completa
380 1861 560 1927 substantia
582 1873 733 1947 exurgat,
757 1885 860 1961 neque
875 1862 1053 1927 sec-undum
1077 1882 1157 1947 ope·

78 1945 263 2021 rationem,
288 1947 334 2011 ita
355 1954 392 2008 ut
413 1946 545 2021 anima,
569 1957 602 2010 ct
625 1965 745 2029 corpus
773 1944 896 2030 aliquid
922 1949 952 2009 in
978 1965 1048 2008 seso
1072 1945 1158 2008 invi·

77 2047 148 2090 oem
172 2037 281 2112 agant,
304 2028 429 2091 unitur.
454 2027 542 2110 Ergo
565 2027 930 2091 occasionalismusnon
946 2025 1043 2090 modo
1058 2028 1157 2089 unio·

78 2127 152 2171 nem
173 2107 427 2182 substantialem,
445 2127 541 2190 quam
558 2119 633 2173 ante
647 2107 950 2183 demonstravimus,
968 2107 1022 2172 sed
1038 2128 1158 2192 quam·

79 2187 160 2254 libet
183 2191 335 2254 unionem
359 2188 484 2252 animae
508 2210 580 2252 curn
605 2210 741 2274 corpore
765 2191 860 2256 tollit.

119 2271 172 2338 53.
201 2269 357 2334 Probatur
379 2279 493 2353 quarta
517 2270 659 2353 pars.Si
682 2272 789 2336 anima
817 2292 882 2336 non
910 2281 960 2336 est
981 2290 1056 2335 cum
1081 2291 1155 2335 cor-

79 2369 157 2434 pore
180 2352 381 2436 principium
404 2351 551 2415 omnium
574 2354 802 2435 operationum
818 2353 973 2437 corporis,
991 2350 1045 2416 sert
1065 2353 1157 2417 Dens

79 2443 128 2498 est
150 2433 265 2498 harum
288 2433 385 2497 unica
408 2453 530 2509 causa,
552 2447 641 2499 certe
664 2454 728 2497 non
750 2435 794 2512 ei,
816 2435 874 2500 sed
893 2434 963 2499 Deo
977 2434 1156 2500 tribuenda

79 2525 166 2590 sunt,
189 2535 271 2599 quae
294 2515 402 2580 anima
427 2533 483 2598 per
506 2533 624 2598 corpus
646 2513 741 2589 bene,
764 2528 820 2582 ant
842 2515 926 2581 maie
951 2519 1084 2598 operari
1111 2519 1157 2581 ri·

78 2593 186 2662 detur.
210 2597 314 2670 Item,
338 2597 364 2660 si
389 2597 494 2659 anima
524 2617 586 2659 uon
609 2610 658 2662 est
681 2599 882 2682 principium
907 2600 1051 2663 activum
1081 2618 1157 2662 sua·

78 2697 152 2742 rum
173 2679 432 2763 cogitationum,
456 2675 510 2740 sed
533 2677 588 2741 bas
610 2678 698 2742 Deus
719 2680 887 2743 occasione
911 2691 1061 2745 motuum
1083 2701 1158 2744 cor-

78 2779 253 2842 poreorum
270 2759 302 2821 in
321 2761 390 2844 ipsa
415 2757 578 2842 producit,
602 2759 706 2845 liquet
727 2759 954 2844 cogitationes,
975 2783 1155 2845 quaecum-

78 2860 142 2923 que
164 2841 250 2913 sint,
273 2840 339 2903 sive
363 2840 488 2916 bonae,
512 2842 580 2905 siva
609 2862 805 2926 perversae,
836 2845 1029 2928 neutiquam
1060 2863 1155 2928 possa

77 2923 206 2989 animae
229 2921 393 3006 imputari.
414 2921 586 2998 Quocirca,
603 2925 710 3006 posito
725 2924 1005 3003 occasionalismo,
1026 2925 1155 2991 bomini

461 3083 776 3100 D—u——u—

113 3177 123 3212 t
143 3172 207 3227 Lao.
227 3178 286 3232 cit..
302 3191 329 3237 p.
347 3179 474 3229 tat-trs:
496 3179 623 3231 clettam
645 3184 806 3242 coamct.,c.
824 3180 869 3242 ΙΙΙ,
885 3198 911 3234 a.
924 3187 953 3243 t,
968 3199 997 3248 p.
1014 3185 1136 3239 tea-tae

77 3251 115 3307 et,
137 3263 162 3297 a.
184 3246 230 3306 vt,
250 3263 277 3298 a.
298 3249 327 3307 3,
348 3265 374 3312 p.
399 3251 444 3300 tat
468 3266 508 3314 sq.

114 3317 126 3354 ²
148 3315 201 3369 .st
221 3321 290 3383 qais,
311 3322 347 3371 att
368 3328 476 3373 sanctur
497 3321 604 3383 Ductor,
624 3327 773 3388 quaerenti,
794 3340 878 3390 quare
898 3328 1000 3390 lignum
1019 3335 1062 3378 est
1081 3332 1158 3380 eate-

79 3387 194 3446 tactum,
215 3393 365 3452 respondet,
385 3397 447 3456 quia
467 3391 536 3443 Deua
556 3397 652 3454 rotutt,
673 3401 862 3448 convenienter
875 3401 982 3462 quidem
999 3404 1155 3464 respondet,

80 3457 101 3504 si
124 3458 234 3507 intendit
253 3467 434 3522 attractionem
455 3465 581 3516 reducere
601 3469 628 3516 ln
648 3472 762 3531 primam
782 3483 913 3530 causam,
935 3474 1157 3524 inconvenienter

80 3539 146 3646 peonio
159 3527 338 3648 ,xglprlrperrtttt
355 3549 447 3587 omnen
468 3537 533 3588 alins
553 3540 695 3597 excludere
714 3555 809 3594 causas
830 3561 856 3604 a,
878 3545 909 3594 tn
927 3543 974 3595 tu.
995 3547 1034 3598 Da
1052 3549 1154 3606 cauus.
