2475 3909
500 189 685 244 euronocra
1039 171 1080 243 81

51 283 167 362 potest,
198 294 297 361 quam
317 273 377 354 id,
399 275 485 360 qnod
508 295 645 362 corpora
667 277 820 341 continet.
843 277 943 373 Atqui
965 295 1046 362 repa
1093 285 1126 341 at

54 357 99 435 id,
115 357 202 444 quod
223 377 360 442 corpora
384 358 540 434 continet,
556 379 631 422 cnm
646 380 698 435 eo,
713 355 802 442 quod
823 368 1021 433 continetur,
1035 360 1046 422 i
1070 378 1124 422 em

52 459 135 505 csse.
160 442 249 524 Ergo
272 460 286 502 s
311 441 414 504 atium
437 461 507 504 esse
529 438 617 505 idem
639 461 714 504 cum
735 437 929 525 corporibus
949 450 1121 525 repugnat.

53 521 246 598 Praeterea,
296 523 434 586 artesius
456 523 490 585 ia
512 543 603 586 suam
626 523 819 587 sententiam
840 543 882 586 ex
903 543 943 586 eo
965 520 1124 586 adductus

50 613 110 681 est,
126 603 213 688 quod
236 604 408 668 essentiam
431 605 577 688 corporis
599 605 634 667 in
654 604 845 668 extensione
867 605 1043 669 consistere
1065 625 1125 688 pu-

51 685 157 761 tarit,
181 707 218 750 ac
240 684 377 771 proinde
399 687 566 770 spatium,
589 705 664 750 cum
687 686 728 751 sit
749 696 945 762 extensum,
969 686 1057 750 idem
1086 705 1125 750 ac

49 787 171 853 corpus
193 788 262 834 esse
283 764 378 832 dixit.
401 768 503 853 Atqui
533 768 611 832 baec
632 767 717 832 ratio
745 765 852 831 rutilis
873 778 946 846 est,
967 769 1046 852 quia
1069 787 1125 831 ex-

51 851 178 926 tensio,
200 860 237 915 ut
258 868 317 912 suo
338 848 410 914 loco
432 847 652 925 ostendemus,
674 850 846 914 essentiam
867 851 1016 936 corporis
1037 848 1125 914 baud

52 930 234 994 constitnit.
258 931 303 994 Er
327 952 359 993 o.

92 1011 165 1076 214.
189 1012 288 1096 Prop.
306 951 358 1076 l&
381 1009 529 1108 Spatium
556 1011 593 1075 in
614 1011 749 1088 urdine,
771 1033 830 1097 quo
858 1032 991 1098 corpora
1019 1015 1126 1079 coeni·

57 1103 157 1168 stunt,
179 1092 306 1158 adstrui
326 1101 442 1179 neqtnt.

96 1175 268 1238 Probatur.
297 1175 365 1240 Nos
393 1196 456 1239 non
484 1193 656 1258 possumus
685 1175 867 1261 intelligere
896 1175 961 1242 dno
989 1196 1128 1262 corpora

50 1255 250 1331 coecistere,
274 1257 337 1321 nisi
359 1277 397 1321 ea
424 1257 458 1320 in
479 1257 618 1322 diversis
640 1258 769 1341 punctis
795 1261 891 1342 spatii
915 1261 1057 1326 existere
1084 1260 1128 1322 si-

54 1336 124 1402 mul
147 1337 390 1423 intelligamus;
414 1358 489 1402 nam
510 1359 661 1424 corpora,
684 1359 769 1423 quae
791 1341 986 1416 coexistunt,
1013 1339 1128 1426 procul

52 1418 161 1484 dnbio
182 1418 223 1483 ab
246 1421 441 1485 seinvicem
466 1419 607 1498 distant3
632 1441 769 1506 corpora
798 1432 908 1486 autem
928 1422 1049 1488 distare
1079 1421 1130 1485 di·

51 1511 187 1579 cuntur,
203 1502 281 1585 quia
301 1499 431 1567 diversa
454 1502 550 1588 spatii
573 1513 692 1587 puncta
715 1517 886 1587 occupant.
903 1505 1017 1590 Atqui,
1033 1504 1059 1567 si
1084 1505 1130 1569 ita

52 1603 110 1648 res
131 1605 165 1648 se
187 1582 303 1659 babet,
327 1585 537 1649 coexistentia
562 1603 735 1668 corporum
757 1588 898 1670 spatium
922 1606 986 1650 non
1007 1586 1125 1661 efficit,

52 1663 114 1762 sed
130 1666 326 1752 expostulat.
345 1667 432 1752 Ergo
448 1667 589 1752 spatium
603 1667 637 1730 in
652 1667 862 1733 coexistentia
883 1687 1058 1754 corporum
1075 1687 1131 1752 po·

52 1760 158 1813 srtnm
181 1768 243 1811 non
265 1759 324 1812 est.

52 1827 171 1976 dim
196 1830 293 1915 Prop.
309 1827 356 1896 3⁸.
373 1827 517 1914 Sputum
540 1830 623 1893 cisio
640 1849 728 1912 pura
747 1830 965 1896 sensibilitatis
986 1838 1130 1893 externus

93 1933 124 1976 ct
144 1931 181 1974 ne
201 1912 261 1976 uit.

100 1932 272 2058 Probiana
295 1993 388 2058 Visio
410 2014 506 2080 pura,
530 1990 708 2059 secundum
729 1992 901 2068 Kantium,
916 2005 965 2058 est
986 2013 1130 2057 necessa·

56 2075 125 2152 rin,
141 2086 174 2139 et
195 2075 401 2139 universalis.
419 2075 517 2160 Atqui
540 2077 773 2152 necessarium,
797 2084 830 2139 et
852 2077 1035 2140 universale
1060 2095 1130 2141 sen-

55 2157 211 2222 sibilitati
235 2157 374 2221 adscribi
398 2160 522 2242 nequit.
547 2159 635 2242 Ergo
656 2158 799 2242 spatium
820 2158 905 2222 risio
928 2180 1010 2243 pura
1032 2157 1132 2222 sensi-

58 2239 199 2305 bilitatis
214 2249 368 2304 externae
383 2260 452 2304 esse
469 2237 531 2305 n'on
549 2250 664 2326 potest.
683 2239 865 2315 Praeterea,
880 2239 1023 2305 Kantius
1037 2260 1131 2304 suam

57 2321 251 2420 opinionem
267 2323 341 2386 ideo
357 2321 459 2386 tuitus
477 2331 536 2396 est,
552 2323 630 2406 quia
648 2323 773 2406 putavit
796 2343 853 2388 nos
866 2343 932 2385 non
949 2343 1042 2407 posse
1060 2342 1133 2406 per-

57 2424 171 2490 crpere
194 2402 297 2468 ullum
319 2423 454 2488 corpus,
471 2405 535 2469 nisi
551 2405 717 2468 notionem
740 2403 837 2488 spatii
859 2405 969 2469 animo
986 2403 1132 2489 praelar-

58 2495 182 2551 matam
205 2485 391 2550 babeamus.
415 2487 514 2571 Atqui
540 2484 571 2548 id
596 2485 714 2550 salsum
736 2497 810 2564 est,
832 2487 910 2570 qnia
935 2506 991 2550 nos
1018 2505 1133 2570 reapse

56 2586 199 2651 corpora
223 2568 435 2665 percipimus,
450 2577 624 2650 antequam
647 2569 812 2632 notionem
827 2569 926 2653 spatii
941 2566 1132 2639 habeamus,

56 2653 148 2716 unde
165 2661 254 2715 notro
277 2649 372 2735 spatii
388 2659 437 2714 est
452 2652 612 2736 posterior
630 2651 839 2735 perceptione
855 2651 1014 2734 corporis.
1032 2651 1131 2734 Ergo.

137 2775 206 2829 Aur.
227 2776 272 2831 tv.
287 2801 321 2820 «-
335 2775 405 2831 Vera
424 2780 555 2830 sententia
575 2779 649 2828 circa
669 2781 793 2828 naturam
813 2779 893 2842 spatii
912 2780 1057 2829 adstruitur

102 2889 176 2954 216.
201 2889 352 2973 Explosis
374 2885 465 2953 falsis
493 2887 581 2951 circa
603 2896 750 2952 naturam
773 2886 868 2969 spatii
897 2886 1132 2984 opinionibus,

59 2972 273 3048 sententiam,
294 2990 391 3054 quam
413 2992 439 3035 s.
461 2969 611 3045 Thomas,
634 2969 759 3116 aliipue
782 2969 969 3037 scholastici
991 2991 1137 3036 asserue-

61 3065 154 3129 runt,
178 3053 325 3138 sequenti
349 3052 574 3138 propositione
596 3050 691 3116 delen
717 3052 817 3117 imus:

106 3137 255 3219 Spatium
278 3135 421 3199 consistit
444 3137 480 3198 in
501 3134 744 3198 dimensionibus
764 3136 861 3198 unius
883 3136 1022 3218 corporis
1048 3135 1138 3199 aliud

61 3217 242 3364 amblieaeiis,
265 3216 312 3336 uel
334 3217 368 3280 in
390 3217 658 3291 dimensionibus,
681 3215 792 3302 quibus
813 3216 895 3281 idem
916 3237 1029 3300 corpus
1049 3219 1139 3282 intro

64 3322 98 3367 se
118 3322 167 3364 aa
211 3301 276 3364 itur
308 3347 314 3361 .

110 3381 281 3447 Probatur.
298 3380 444 3466 Spatium
468 3379 549 3445 illud
571 3401 641 3446 esse
657 3379 884 3466 intelligimus,
900 3378 985 3464 quod
1001 3400 1141 3464 corpora

68 3465 104 3530 in
137 3485 172 3529 se
194 3463 322 3550 recipit.
345 3465 445 3548 Atqui
479 3460 721 3549 receptaculum
756 3459 932 3528 cuiuslibet
963 3463 1138 3549 corporis,

107 3647 174 3705 ¹-Cf
188 3667 211 3704 s.
231 3645 340 3710 Thon..
362 3652 393 3701 tn
411 3651 450 3700 tt*
467 3649 512 3698 tu.
533 3651 608 3706 Met,
629 3649 691 3699 lect.
714 3645 760 3701 Vl.

145 3745 252 3800 tanos.
266 3736 376 3796 Curua.
392 3741 530 3806 cdmpsnd.
549 3738 581 3791 lt.
954 3743 994 3791 aa
