2475 3909
553 216 593 233 ·-
615 204 678 254 vnn
698 220 739 236 -

119 316 217 379 mus,
234 297 431 368 scholarum
454 296 669 371 clericalium
693 306 940 389 praeceptores
960 293 1063 365 nobis
1083 291 1184 366 insti-

123 412 251 475 terunt.

166 515 219 587 Ad
240 516 406 591 iuvenum
428 520 536 611 iqitur
564 522 792 608 commodum,
816 534 919 611 atque
939 519 1126 612 reliqionis
1148 530 1184 587 et

124 626 294 697 scientiae
310 641 532 721 auqmentum
547 631 809 716 contendentes,
826 633 892 702 hac
907 642 1007 702 sexta
1016 630 1185 709 editione,

119 758 211 825 quae
226 748 300 811 tum
315 742 361 811 ob
377 741 497 813 varias
510 742 781 827 emendationes,
795 752 868 812 tum
883 743 928 812 ob
941 738 1112 829 quaedam
1125 737 1187 808 ad-

118 846 319 932 ditamenta,
337 857 410 920 tum
430 852 475 921 ob
490 850 688 937 clariorem,
704 874 774 943 qua
788 850 946 923 nonnulli
968 848 1109 923 articuli
1124 868 1186 917 ex-

117 959 318 1052 plicantur,
342 962 539 1034 methodum
561 966 802 1055 superioribus
826 948 996 1053 praestet,
1022 962 1187 1054 Compen-

117 1073 211 1141 dium
227 1070 349 1144 nitidis
364 1075 460 1164 typis
475 1075 716 1147 excudendum
729 1075 857 1145 iterum
870 1073 1186 1151 curarimusQuod

119 1180 360 1269 proculdubio,
376 1185 421 1254 ob
437 1183 578 1255 Ethicoe
594 1185 766 1259 elementa
780 1185 815 1254 ei
830 1183 978 1266 adnexu
1001 1182 1185 1256 abeodem

117 1293 328 1381 peritissimo
344 1306 564 1368 antecessore
576 1297 703 1367 Nuntio
718 1296 929 1387 Siqnoriello
944 1296 1124 1369 eleborata
1146 1319 1189 1369 ac

118 1404 222 1474 tomis
236 1405 373 1478 duobus
386 1409 806 1498 comprehense,quaeque
821 1406 934 1478 altera
949 1408 1019 1478 iam
1030 1407 1186 1480 editione

14 1588 16 1599 ‚
122 1512 288 1603 qaudent,
311 1525 347 1585 et
369 1515 541 1599 eamdem,
565 1534 606 1584 ec
626 1517 665 1585 in
685 1516 770 1599 illo,
787 1515 995 1605 disciplinae
1015 1516 1190 1588 rationem

118 1622 381 1710 praeseferunt,
397 1626 575 1714 nostrique
592 1624 775 1711 Aquinatis
796 1622 991 1694 doctrinam
1014 1624 1187 1696 adversus

119 1740 270 1817 veteres,
287 1736 567 1824 recentioresque
583 1754 722 1805 errores
743 1731 922 1817 evolvunt,
936 1732 1189 1827 Philosophiam

120 1839 352 1915 consueram
374 1845 420 1915 ad
442 1844 625 1939 lastiqium
647 1843 838 1934 perducere
859 1845 962 1915 nobis
980 1844 1134 1930 ridetur,
1152 1861 1189 1917 et

122 1956 294 2025 communi
317 1957 551 2047 expectationi
573 1956 792 2029 satisfacere.

172 2178 320 2271 Neapoli
334 2181 423 2270 festo
436 2180 670 2253 Dedicotionis
684 2178 913 2250 Bucilicomm
927 2177 1131 2252 Sanctorum

215 2292 452 2385 Apostolorum
465 2290 563 2364 Petri
579 2303 612 2361 et
627 2289 732 2363 Pauli
746 2312 804 2360 on.
814 2290 1089 2364 llllOECIallllXI.
