2475 3909
501 188 755 239 curruarouocm
1053 167 1114 233 etr

82 294 160 340 nem
181 294 290 338 rerum
313 273 528 351 obiectarum,
575 276 673 341 uibus
696 270 949 347 circumdamur,
971 272 1005 335 in
1027 282 1154 337 nostros

81 376 209 432 sensus;
232 354 319 419 unde
343 356 377 419 in
399 356 512 440 vigilia
535 295 606 421 illas
629 357 817 443 percipere,
839 355 872 418 in
894 354 1021 418 somnio
1045 362 1154 418 autem

83 438 259 523 imaginari
276 435 427 501 dicimur.
444 435 480 501 2⁰
493 439 583 510 Quae
600 438 776 503 insomnio
799 434 893 501 nobis
915 434 1078 511 ridentur,
1096 437 1154 498 mi-

81 520 172 584 nime
199 528 297 603 apta,
324 519 539 603 colligataque
571 521 657 584 inter
683 542 716 585 se
738 528 834 593 sunt,
857 517 945 582 nulla
972 527 1060 581 certa
1083 516 1153 661 lege

82 598 149 663 sibi
174 598 363 678 succedunt,
378 612 409 666 et
424 600 521 665 nullis
542 599 617 679 loci,
644 601 811 688 temporis,
834 599 971 684 aliisque
992 598 1117 662 eiusmo
1144 598 1153 661 i

82 680 225 745 nexibus
240 682 457 762 continentur,
473 702 556 768 quae
579 684 689 747 omnia
711 684 743 747 vi
769 682 882 746 ilantes
904 689 1085 745 constanter
1099 700 1154 743 ex-

83 763 243 847 perimur.
260 765 345 827 Hinc
365 764 473 829 aiebat
494 764 649 829 Lucullus
670 703 766 851 apud
779 763 935 827 Tullium:
959 786 976 823 a
1001 760 1104 827 Simul
1120 770 1154 825 ut

79 848 269 929 experrecti
293 867 415 922 sumus,
432 848 499 911 risa
523 845 578 909 illa
601 848 850 923 contemnimus,
867 864 970 930 neque
993 844 1037 907 ita
1061 840 1155 907 babe-

82 946 170 1002 mus,
194 936 231 990 ut
251 949 300 1004 ea,
324 947 406 1009 quae
428 929 460 992 in
483 926 556 991 loro
578 930 738 1013 gessimus
754 928 765 967 ¹
782 950 812 989 n.

123 1008 177 1071 d'l.
194 1007 302 1073 Obiic.
318 1009 353 1071 2⁰
368 1012 484 1076 Sensus
506 1030 739 1095 saepenumero
755 1030 811 1075 nos
826 1006 953 1072 fallunt.
970 1006 1058 1090 Ergo
1074 1013 1155 1070 tam-

81 1108 184 1171 quam
208 1091 377 1155 criterium
400 1092 548 1157 veritatis
568 1093 726 1177 assignari
749 1098 923 1189 nequeunt.

124 1171 177 1236 48.
205 1172 300 1256 Resp.
325 1174 408 1236 Dist.
432 1185 521 1250 orec,
545 1174 571 1236 si
602 1195 665 1237 non
688 1176 753 1239 sint
779 1182 843 1237 rrte
868 1169 1044 1256 dispositi,
1069 1189 1151 1231 corae.

83 1263 166 1328 ont,
189 1255 287 1319 etiam
310 1276 383 1318 cum
407 1254 470 1319 sint
491 1256 553 1320 rite
574 1252 737 1340 dispositi,
753 1254 840 1318 subd.
864 1260 942 1317 ont:
959 1271 1016 1314 nos
1038 1249 1155 1316 fallunt

80 1335 172 1397 circa
195 1336 326 1400 sensilia
349 1338 538 1413 communia,
563 1348 595 1402 et
610 1337 833 1422 peroccidens,
856 1354 940 1399 conc.
965 1343 1044 1410 ont„
1067 1334 1154 1396 circa

82 1415 217 1481 sensilia
237 1420 383 1503 propria,
405 1438 470 1499 nep.
486 1428 550 1482 ont.
575 1419 654 1501 Nep.
671 1440 753 1482 cons.
767 1419 809 1483 Et
823 1437 898 1481 sane
919 1413 1004 1478 sicut
1027 1416 1060 1477 in
1074 1436 1154 1499 quo-

80 1500 133 1562 vis
156 1498 383 1576 instrumento,
404 1500 448 1564 ita
471 1500 503 1563 in
518 1500 669 1565 sensibus
690 1497 850 1584 quaedam
873 1496 1100 1580 requiruntur,
1118 1506 1155 1561 ut

81 1580 191 1643 ollieio
213 1602 271 1645 suo
299 1583 360 1645 rite
384 1581 632 1667 perfungantur.
657 1582 788 1647 Etenim
816 1576 849 1643 1ο
871 1576 990 1643 debent
1013 1577 1060 1641 illi
1083 1598 1152 1642 esse

80 1662 167 1737 sani,
188 1673 222 1726 et
242 1662 400 1739 valentes,
423 1684 579 1748 namque,
602 1673 640 1729 ut
660 1684 686 1727 s.
712 1662 850 1726 Thomas
871 1660 1014 1734 monuit,
1037 1659 1064 1722 si
1088 1681 1153 1744 quo

80 1744 166 1807 vitio
189 1743 346 1823 laborant,
369 1766 480 1810 rerum
502 1746 704 1811 obiectarem
726 1743 939 1827 impulsiones
962 1740 994 1803 in
1017 1761 1050 1804 se
1069 1754 1153 1807 recte

80 1825 236 1910 excipere
270 1835 435 1910 nequeunt
452 1827 477 1887 ⁸.
507 1829 553 1894 lta
576 1853 593 1889 a
618 1825 904 1899 febricitantibus,
934 1822 1040 1969 inspuit
1068 1821 1153 1886 idern

79 1917 212 1972 sanctus
227 1906 358 1986 Ductor,
374 1910 483 1972 omnia
504 1910 659 1974 videntur
679 1928 799 1985 amara,
820 1915 956 1992 propter
998 1924 1050 1980 oc,
1065 1904 1162 1987 quod

80 1990 226 2054 sentiunt
241 2010 300 2074 per
313 1990 458 2075 linguam
481 1991 610 2136 plenam
632 1990 773 2066 cholera,
796 2008 878 2074 quae
901 1996 950 2053 est
972 1988 1107 2049 amara⁸
1124 2010 1150 2049 n.

80 2069 253 2147 Secundo,
276 2073 363 2136 iuter
390 2092 440 2136 res
461 2092 480 2135 o
505 2074 625 2148 ier-tas,
649 2081 681 2138 et
703 2091 814 2136 sensus
836 2090 901 2134 non
924 2068 1028 2131 maius
1050 2088 1154 2152 aequo

81 2152 289 2218 intervallum
318 2151 517 2219 intercedere
544 2152 665 2232 debet;
689 2152 835 2236 alioquin
856 2170 908 2215 res
929 2148 1077 2214 obiectae
1101 2171 1155 2214 ne-

78 2235 255 2298 cessariam
279 2236 311 2298 in
327 2255 440 2299 sensus
462 2236 690 2322 impulsionem
713 2234 847 2300 minime
869 2232 1050 2296 efficiunt⁸.
1076 2231 1154 2297 Ter-

79 2317 139 2391 tio,
163 2316 289 2380 nullum
312 2315 399 2380 inter
419 2336 540 2394 sensus,
557 2325 656 2382 eires
678 2317 822 2381 obiectas
844 2312 939 2379 debet
961 2314 1154 2379 interiacere

79 2396 251 2471 medium,
277 2417 342 2482 quo
365 2419 478 2462 rerum
506 2400 652 2485 ipsarum
679 2398 834 2482 impulsio
855 2394 1075 2479 depravetur,
1099 2406 1154 2462 aut

79 2478 175 2563 plene
201 2480 442 2545 intervertatur.
473 2482 511 2546 E.
537 2502 583 2568 g,
606 2502 716 2545 remus
739 2481 774 2545 in
797 2478 889 2563 aquis
911 2478 1085 2541 immersus
1107 2479 1153 2541 vi-

443 2624 771 2641 m

118 2702 128 2740 ¹
149 2707 245 2763 Acori„
265 2706 310 2755 tib,
333 2703 405 2765 ll,c.
423 2706 465 2754 Π.
487 2702 522 2756 Cf
531 2721 554 2756 a.
570 2704 652 2765 Aur..
673 2710 757 2767 Epist.
770 2704 860 2766 cttx.
881 2724 907 2759 n.
923 2707 950 2757 3.
965 2703 1038 2771 Quod
1059 2707 1091 2755 de
1112 2720 1154 2757 so·

81 2777 257 2834 incientibus,
278 2780 346 2826 idern
374 2779 406 2827 da
426 2779 534 2833 insanis,
553 2784 581 2828 et
598 2780 680 2847 ebriis
699 2782 814 2830 dicatur.
836 2778 908 2831 ldem
928 2785 1037 2829 sanctus
1056 2776 1154 2829 Ductor

78 2849 182 2912 (Soet,
197 2849 245 2897 lib.
262 2847 294 2907 ll,
309 2866 335 2901 c.
348 2847 406 2906 Vll,
426 2865 453 2898 n.
468 2844 512 2915 13)
531 2851 650 2901 advertit
664 2852 715 2901 bac
727 2853 882 2903 dilllcultnts
901 2853 1068 2901 existentiam
1090 2865 1153 2903 cur·

78 2934 178 2982 porum
199 2934 249 2969 non
269 2925 356 2970 solum
375 2936 428 2970 nou
447 2922 568 2979 destrui,
588 2924 633 2973 sed
653 2938 701 2986 pro
722 2940 749 2974 re
770 2930 842 2974 certa
863 2926 943 2973 sumi.
965 2920 1072 2973 Etenim
1093 2922 1155 2975 Sce-

78 2993 146 3055 ptici
167 2992 306 3042 nobiscum
326 2994 496 3043 consentiunt
516 2996 700 3058 perceptiones
719 2998 907 3046 dormientium
933 2997 1025 3045 inanes
1044 3009 1101 3045 esse
1121 2988 1163 3046 eo'

77 3065 153 3128 quod
173 3078 188 3112 a
210 3066 425 3127 perceptionibus
443 3066 611 3129 vigilantium
631 3068 794 3131 discrepant.
817 3067 872 3118 laur
892 3070 912 3118 si
934 3068 993 3118 illas
1013 3081 1060 3130 pro
1080 3068 1153 3118 lalcis

78 3135 192 3193 babent,
213 3137 281 3198 quod
302 3138 334 3185 ab
354 3136 394 3185 bis
413 3137 548 3198 uiderunt,
564 3138 611 3188 bas
627 3153 702 3190 veras
721 3154 780 3190 esse
798 3140 876 3191 lateri
896 3140 1002 3201 debent;
1023 3141 1152 3203 siquidem

77 3210 150 3256 sicut
170 3220 245 3256 error
264 3210 320 3257 siue
349 3210 477 3268 veritate,
499 3212 535 3259 ita
555 3212 741 3262 dissimilitudo
765 3214 820 3263 sine
841 3212 1013 3263 similitudine
1041 3212 1153 3264 existere

79 3292 136 3329 uon
157 3282 254 3341 potest.

116 3348 172 3408 ²l,
193 3365 224 3413 q.
245 3346 331 3410 xvir,
350 3366 377 3401 a.
397 3351 413 3401 2
434 3366 459 3401 c.

114 3422 188 3476 'De
206 3424 311 3481 enim..
330 3423 377 3473 lib.
398 3420 432 3480 ll,
454 3425 517 3473 lect.
538 3420 613 3475 xxi.
637 3445 648 3470 ι
672 3424 763 3477 Paiato
783 3441 836 3478 uon
856 3441 921 3479 sano
941 3440 1025 3491 poena
1047 3432 1087 3477 est
1108 3442 1154 3490 pa·

78 3496 131 3552 uir,
145 3494 193 3559 qui
208 3508 272 3545 sano
291 3496 379 3545 auaris
397 3500 448 3550 asir
464 3500 491 3545 et
505 3496 590 3545 oculis
609 3498 694 3561 aegris
713 3499 803 3549 odiosa
823 3502 879 3560 lux,
901 3514 971 3564 quae
985 3502 1057 3563 puris
1078 3514 1154 3553 ama-

78 3566 140 3617 bilis
162 3585 188 3625 »ς
210 3568 287 3629 Cous.
308 3569 353 3617 lib.
375 3564 434 3624 Vll,
455 3582 480 3616 c.
503 3569 547 3617 ro.

113 3636 126 3679 ⁴
145 3633 181 3695 cr
197 3653 221 3692 s.
243 3634 351 3702 Tuom,
367 3641 397 3689 ιη
415 3640 461 3693 te.
484 3641 525 3691 rrr
543 3642 647 3702 aeter,
669 3644 732 3695 reor.
754 3640 800 3698 lv.
