2475 3909
183 131 244 194 tte
488 145 675 196 ruaoaoors
697 147 885 198 servastis

142 232 302 296 lissimum
324 234 572 310 transmutavit,
596 232 682 297 idem
711 233 869 332 Heqbelio
889 233 1112 302 obiiciendum
1131 244 1187 302 est.
1219 199 1221 212 ‹

139 315 217 398 quia
239 314 307 398 ipse
329 315 468 379 asseruit
496 316 601 379 ideam
624 336 693 379 esse
715 317 862 381 ultimam
885 315 1141 392 abstractionem,
1158 315 1187 380 ad

140 416 238 480 quam
261 415 367 472 mens,
391 417 408 460 a
431 395 528 461 rebus
551 399 765 495 proprietates
788 419 902 462 eurum
924 398 1085 484 gradatim
1106 419 1188 464 remo

142 476 267 554 vendo,
291 481 463 562 pervenit,
484 490 517 543 et
539 479 635 544 simul
664 501 734 544 eam
758 477 879 545 iontem
901 484 1010 546 omnis
1033 482 1188 549 realitatis.

141 581 177 622 ac
201 561 334 644 proinde
368 581 442 625 cum
465 559 537 625 idea
564 563 710 627 omniurn
738 563 879 627 maxime
906 578 1060 630 concreta
1081 582 1189 628 uuum.

142 640 291 726 idemque
313 641 401 706 iecit.
429 642 586 718 Accedit,
608 644 719 727 quod,
742 645 910 710 cum-idea
932 649 1117 718 visionem,
1136 645 1189 707 sire

142 725 469 808 repraesentationem
495 724 679 809 significet,
701 722 870 791 admittere
892 727 1026 807 ideam,
1050 748 1131 812 quae
1149 745 1190 788 ne

139 826 205 890 que
227 805 266 868 ad
289 806 479 883 obiectum,
502 828 607 892 neque
630 807 667 870 ad
691 804 872 872 subiectum
899 809 965 874 ullo
988 811 1087 877 modo
1108 805 1190 874 reler-

140 897 206 963 tur,
230 887 315 952 idem
336 900 400 966 est,
423 909 460 953 ac
482 887 652 956 admittere
674 889 833 954 visionem
855 892 924 956 siue
947 913 999 968 re,
1016 914 1102 978 quae
1123 889 1191 954 vide

140 981 205 1114 tpfr,
230 982 261 1066 et
281 971 349 1036 sine
370 970 534 1048 subiecto,
555 969 643 1057 quod
665 968 769 1048 videt3
786 970 832 1050 id,
846 993 911 1058 quo
932 974 1011 1038 nibil
1035 969 1190 1041 absurdius

139 1073 156 1113 e
181 1073 211 1113 vn
239 1075 246 1114 ι
292 1063 382 1118 otest.

179 1073 325 1210 A'deae
346 1157 421 1200 cum
448 1136 493 1201 ita
515 1155 548 1199 se
570 1134 735 1210 babeant,
756 1134 837 1199 nibil
859 1147 933 1214 est,
954 1157 1016 1202 eur
1037 1137 1190 1204 dicamus,

140 1227 295 1299 quantum
318 1217 438 1303 impia,
452 1227 485 1282 et
506 1216 669 1281 abnormis
690 1216 733 1280 sit
753 1217 842 1282 notio
856 1216 930 1294 Dei,
945 1239 1045 1304 quam
1068 1221 1121 1286 isti
1134 1217 1191 1282 rit

142 1297 264 1383 losopbi
292 1297 480 1368 obtrudunt.
509 1300 614 1373 Sane,
643 1296 819 1362 secundum
842 1300 1038 1378 Ficbteum,
1068 1302 1150 1366 Deus
1167 1295 1190 1361 1⁸

140 1391 188 1444 est
205 1397 237 1438 το
257 1399 308 1462 eqo
326 1401 471 1465 purum,
493 1380 578 1466 quod
600 1381 745 1464 seipsum
773 1389 935 1466 umquam
957 1402 1079 1468 purum
1103 1381 1190 1470 pouit,

123 1464 221 1538 sive,
237 1473 273 1527 ut
295 1464 364 1549 ipse
387 1463 538 1541 blaterat,
553 1475 652 1537 σηοω
667 1459 702 1524 2⁰
716 1471 763 1526 est
784 1474 910 1529 nostrae
935 1466 1054 1530 mentis
1076 1465 1192 1550 figmen-

141 1557 226 1622 tum;
251 1565 349 1619 nam,
376 1543 650 1630 quemadmodum
673 1542 821 1608 Ficbteus
844 1546 984 1630 ingenue
1006 1544 1113 1612 fassus
1132 1557 1190 1610 est.

141 1639 205 1690 tres
227 1626 301 1691 illae
315 1629 505 1712 positiones,
516 1648 578 1690 non
598 1646 662 1710 eqo,
677 1643 729 1706 epo
748 1645 951 1710 respuisset,
966 1637 999 1693 et
1012 1629 1100 1695 Deus
1117 1625 1190 1692 omui

140 1707 300 1773 obiectiva
322 1711 466 1776 realitate
489 1710 722 1783 destituuntur;
738 1705 771 1772 3⁰
786 1719 835 1773 est
855 1707 1032 1788 inlinitum,
1056 1720 1090 1776 et
1110 1705 1191 1775 simul

140 1789 203 1856 sibi
226 1791 346 1857 limites
366 1792 542 1878 assignat¹.
566 1788 748 1858 Secundum
771 1789 1025 1875 Scbclliugium,
1050 1791 1085 1858 1⁰
1105 1791 1190 1855 Abso
1220 1827 1221 1830 κ

142 1873 257 1949 lutum,
280 1872 348 1939 sive
371 1873 458 1940 Deus
480 1896 543 1939 nou
565 1885 729 1957 tamquam
751 1871 851 1947 illud,
874 1873 908 1936 iu
929 1893 995 1958 quo
1016 1893 1113 1939 omne
1131 1883 1191 1936 aaa

141 1966 201 2028 est,
224 1953 279 2018 sed
302 1965 365 2020 tarn
389 1978 464 2022 uam
487 1955 581 2033 illud,
602 1955 636 2019 iu
658 1973 723 2039 quo
745 1953 866 2038 aliquid
883 1957 1053 2038 potentiale
1075 1967 1133 2033 est,
1153 1955 1190 2019 iu·

140 2036 349 2120 telligendum
367 1977 472 2104 duret.
502 2039 632 2105 Etenim
660 2035 802 2101 evolutio
830 2035 976 2103 Absoluti
1009 2059 1075 2104 uon
1102 2045 1191 2124 potest

140 2120 266 2202 concipi
298 2119 384 2185 velut
409 2121 569 2220 quaedam
596 2117 832 2195 manifestati03
853 2117 1015 2203 siquidem
1044 2127 1190 2208 repugnat

139 2200 318 2286 quidquam
342 2202 548 2269 manifestum
569 2201 739 2276 sefacere,
754 2199 817 2264 uisi
840 2202 880 2265 sit
901 2199 1002 2280 aliud,
1017 2205 1075 2270 cui
1089 2223 1123 2268 se
1137 2219 1191 2264 ma·

141 2283 280 2360 uiiestet3
304 2283 385 2349 nibil
408 2296 515 2350 autem
537 2285 668 2349 omnino
690 2293 754 2359 est,
776 2283 829 2346 cui
853 2281 1049 2350 Absolutum
1070 2281 1190 2349 munite

140 2377 223 2432 sture
245 2386 277 2430 se
299 2376 413 2450 potest,
436 2368 513 2453 quia
537 2366 626 2443 nibil,
650 2361 826 2431 seeundum
849 2364 1096 2512 Subellinpiium,
1116 2361 1189 2431 reale

139 2460 197 2522 ost,
204 2459 436 2593 praeterquam
449 2447 537 2546 quod
553 2451 660 2535 ipsum
675 2447 879 2524 Absolutum,
891 2449 990 2544 etqui
1014 2448 1096 2546 quid
1111 2465 1189 2534 prae

140 2543 190 2594 ter
233 2521 394 2595 bsotitum
416 2543 555 2597 existere
569 2530 711 2606 videtur,
725 2551 760 2594 re
775 2529 845 2616 ipsa
859 2549 922 2594 uou
936 2532 1078 2598 exrstrt¹.
1091 2533 1188 2610 Quare

179 2691 188 2729 ¹
211 2688 320 2742 Etiamsi
339 2691 432 2741 demus
450 2705 482 2744 ro
501 2701 545 2751 spo
563 2701 669 2750 mrum,
690 2691 719 2736 ut
732 2691 761 2736 ut
774 2684 916 2743 inlinitum,
937 2697 1013 2748 potae
1031 2686 1147 2750 aliquem
1164 2682 1188 2732 ii·

140 2766 233 2814 mitem
253 2765 300 2814 sibi
320 2776 428 2828 portare,
448 2778 462 2812 a
484 2759 592 2811 Ficbteo
611 2771 740 2822 quaerere
759 2758 834 2808 uobis
855 2759 927 2815 lieet,
949 2763 1039 2808 utrum
1056 2759 1089 2808 ad
1103 2757 1188 2808 limites
1218 2779 1219 2784 =

140 2838 187 2887 sibi
207 2835 374 2900 assignandos
402 2837 488 2899 ipsum
514 2844 541 2881 aa
561 2835 686 2890 moveat,
706 2845 741 2882 sn
759 2844 774 2879 a
794 2843 888 2880 caussa
907 2834 1015 2880 exterus
1036 2831 1186 2894 impellatur.
1218 2827 1219 2830 ’

140 2907 166 2960 Si
186 2909 236 2959 boc
249 2914 424 2972 postremum,
439 2917 580 2972 agnoscere
594 2916 702 2954 neeesse
714 2909 754 2952 est
767 2915 876 2952 cauum
890 2915 935 2965 eqo
946 2915 1014 2966 puro
1026 2905 1187 2966 superiorem

140 2983 254 3046 quaein
275 2983 360 3044 ipsum
381 2983 433 3030 rim
455 2981 571 3042 aliquam
591 2981 717 3033 exercet.
737 2974 770 3024 ob
790 2974 869 3036 idque
896 2975 1030 3038 quandam
1052 2978 1188 3038 passim

140 3069 184 3119 epo
204 3056 331 3113 tribuero,
351 3067 420 3118 quae
438 3055 491 3102 duo
511 3047 611 3100 Ficbtei
630 3047 765 3112 systemati
786 3047 971 3114 adversantur,
990 3049 1129 3110 ipsaaalm
1146 3051 1189 3096 stt·

141 3129 191 3177 tuit
210 3127 335 3191 quidquid
355 3128 444 3177 existit
461 3124 495 3175 ab
513 3137 558 3187 eqo
576 3135 643 3186 puro
661 3121 788 3184 originem
811 3118 921 3175 babere.
941 3124 1023 3184 atque
1042 3121 1069 3170 iu
1086 3133 1119 3170 eo
1137 3119 1189 3171 aeti·

139 3203 253 3257 uitatem,
274 3201 328 3250 sive
346 3201 557 3262 spontaneitatsm
576 3193 735 3244 essentialem
754 3191 884 3254 agnoseit.
904 3187 949 3242 Sin
969 3193 1097 3254 primum,
1111 3189 1189 3244 scisci·

139 3273 190 3320 tari
210 3271 284 3320 nobis
304 3272 383 3321 tieeat
401 3284 416 3320 a
436 3267 597 3324 Ficbtesnis,
611 3279 660 3316 our
678 3279 722 3329 eqo
733 3277 828 3329 purum
847 3264 946 3315 limites
960 3263 1010 3314 sibl
1024 3269 1126 3328 ponat?
1141 3260 1188 3314 liar

139 3355 203 3391 saus
221 3355 253 3391 er
272 3357 310 3401 su,
325 3343 454 3406 siquidem
474 3337 546 3389 nulia
567 3351 608 3387 res
625 3338 657 3388 ad
675 3335 886 3400 irnperieotionis
904 3339 1003 3386 susum
1023 3341 1133 3400 spectati
1151 3347 1188 3384 ur-

139 3426 192 3473 que
211 3425 243 3461 ex
262 3427 294 3462 eo
313 3414 383 3477 quod
403 3415 429 3464 in
448 3411 591 3476 quodpiam
615 3411 782 3460 obstaculum
812 3409 920 3464 insidit,
946 3421 1008 3458 uam
1033 3421 1067 3460 ax
1091 3406 1187 3460 stetten

137 3482 205 3530 -nibvt
225 3489 297 3532 extra
318 3499 373 3546 spo.
393 3488 503 3546 eiusque
523 3483 595 3532 ideas
607 3483 706 3532 existit.
722 3477 758 3532 ct
773 3479 891 3542 Nloolas,
911 3483 1012 3532 muru.
1032 3479 1050 3532 d
1067 3483 1151 3534 tuae
1164 3483 1188 3530 dt

137 3551 275 3602 ‚l'Hr'stotre
292 3558 324 3605 de
342 3557 368 3606 lu
388 3557 469 3611 Pili„
491 3560 558 3616 part.
580 3554 607 3608 2.
629 3567 655 3602 c.
676 3555 704 3604 3.

175 3619 187 3654 ²
207 3616 244 3674 Cf
259 3621 391 3688 Ancillou,
405 3629 482 3678 &soi
499 3629 530 3677 sle
542 3627 607 3690 ptil.
629 3633 651 3678 et
673 3628 704 3678 de
716 3627 831 3692 litteral„
846 3635 866 3681 t.
882 3623 903 3688 l,
924 3621 1018 3690 lividi,
1034 3625 1105 3680 Paris
1119 3624 1186 3678 teti.
