2475 3909
507 185 707 233 cosuoaccm
1032 167 1087 232 rai

70 269 225 338 stantialis
247 269 383 345 licitur,
398 290 466 334 esse
482 269 678 354 principiam
693 269 847 340 sentiens,
862 288 919 332 sen
934 269 1131 354 principiam

68 354 299 438 vegetativum,
313 351 401 436 quod
424 351 461 416 ad
479 351 627 417 altiorem
650 352 796 416 ordinem
820 349 970 435 principii
987 351 1132 426 sensitivi

67 437 217 520 assurgit.
242 436 283 500 Et
304 455 392 510 saue,
416 435 497 499 nulli
518 434 653 498 dubium
675 455 744 498 esse
767 442 884 519 potest,
907 434 988 516 quin
1010 433 1133 518 princi-

66 519 159 602 pium
183 517 324 581 sentiens
346 517 520 602 principio,
541 516 628 602 quod
651 537 739 581 mere
762 517 980 601 vegetativum
1002 527 1061 593 est,
1077 537 1132 580 ua-

67 613 141 666 tura
163 618 220 663 sua
242 597 389 663 excellat.
416 600 547 683 Atqui«
564 598 669 664 forma
692 597 869 684 perfectior
890 598 1008 662 virtute
1030 598 1132 663 conti-

66 689 122 745 net
141 678 304 765 quidquid
325 691 372 745 est
393 679 586 746 inferiorum
609 681 790 746 formarum
805 683 815 720 ¹
833 704 863 744 a.
886 681 974 776 Ergo
1001 682 1033 744 in
1056 679 1133 744 bru·

66 763 108 828 tis
131 783 193 826 una
215 776 246 829 et
260 761 372 826 eadem
394 764 515 838 anima,
530 785 647 849 nempe
669 765 821 840 sentiens,
838 785 897 846 per
918 762 1061 828 diversas
1075 783 1133 848 pe-

66 845 200 921 tentias,
221 865 304 928 quae
327 844 368 909 ab
389 846 461 910 eius
482 847 618 911 essentia
641 845 783 921 tlnunt²,
806 869 869 909 non
892 845 997 909 solum
1019 866 1133 931 opera-

64 929 170 992 tiones
191 927 387 1004 sensitivas,
410 925 465 991 sed
488 927 588 992 etiam
608 927 771 1012 quidquid
793 930 901 992 anima
923 937 1075 1011 vegetans
1097 929 1131 991 in

64 1007 185 1095 plantis
230 1019 359 1082 raestat,
383 1009 595 1093 exequitur⁸.

108 1090 178 1156 104.
202 1028 368 1167 Surenam
391 1092 431 1156 sit
452 1101 567 1156 natura
589 1090 684 1155 haias
700 1091 868 1188 principii,
884 1089 970 1176 quod
992 1100 1131 1176 vegetat,

65 1183 97 1236 et
121 1174 237 1248 sentit,
262 1174 346 1238 inter
368 1173 578 1258 Philosophus
601 1193 663 1236 non
688 1183 852 1249 convenit3
876 1174 937 1258 ipsi
961 1175 1049 1238 enim
1095 1195 1131 1238 ro

64 1275 200 1319 suorum
223 1266 430 1342 systematum
463 1258 618 1320 varietate
642 1256 676 1318 in
698 1254 842 1320 diversas
862 1257 1035 1324 sententies
1068 1194 1132 1322 ‹lis-

62 1346 243 1402 cesserant.
268 1342 309 1403 nt
341 1357 398 1402 nos
432 1337 607 1402 secundum
631 1338 786 1403 theoriam
814 1338 1133 1422 peripatetico-scho-

62 1421 210 1486 lasticam
232 1418 272 1485 de
296 1421 480 1504 principiis,
501 1439 586 1504 quae
609 1421 826 1505 compositam
847 1420 992 1484 naturale
1015 1423 1132 1489 consti·

62 1513 186 1578 tuunt,
210 1511 359 1566 naturam
386 1502 513 1565 animae
546 1500 710 1567 belluinae
732 1502 945 1587 explicamus.
968 1505 1076 1586 Atque
1098 1498 1131 1566 iu

62 1584 182 1670 primis
197 1583 366 1649 nonnullas
382 1583 540 1660 notiones,
553 1605 638 1669 quae
653 1583 741 1649 illius
752 1586 929 1672 systematis
945 1581 1046 1648 velati
1057 1603 1133 1649 eoae

62 1667 204 1731 sestaria
227 1675 313 1742 sunt,
336 1666 370 1731 in
393 1666 583 1730 memoriam
606 1687 794 1732 revocemus
815 1689 836 1732 o
859 1677 954 1743 ortet.

108 1742 143 1812 1⁰
165 1746 239 1813 Esse
262 1747 422 1812 materiale
444 1745 572 1812 diversa
600 1749 726 1814 ratione
754 1689 964 1835 praelientur
995 1743 1038 1811 de
1057 1747 1133 1812 sah-

63 1829 194 1894 stantiis
215 1829 412 1915 completis,
437 1849 474 1892 ac
496 1828 536 1894 de
562 1829 690 1907 lorma,
713 1852 797 1916 qnae
815 1880 824 1906 ,
845 1830 891 1896 uti
915 1852 956 1896 ex
977 1828 1076 1897 dictis
1097 1828 1132 1895 in

61 1912 178 1994 Capite
203 1912 309 1997 primo
340 1911 529 1996 colligitur,
552 1923 599 1977 est
620 1911 798 1978 substantia
825 1913 1032 1998 incompleta.
1056 1911 1133 1975 Ete-

60 1995 132 2057 nim
154 1992 352 2060 substantiae
382 1993 559 2078 completae
582 1995 761 2060 materiales
786 1995 942 2061 dicuntur
969 2012 1130 2078 corpora,

62 2095 161 2174 quae,
184 2097 258 2141 cum
281 2089 353 2140 ceta
377 2079 440 2140 iam
464 2078 732 2153 constituimini,
756 2077 962 2152 extensione,
984 2073 1131 2140 divisibi-

62 2159 179 2233 litate,
203 2158 341 2242 aliisque
364 2177 537 2243 corporum
563 2159 817 2254 proprietatibus
839 2159 971 2245 pollent.
995 2157 1131 2221 Formae

62 2252 173 2306 autem
196 2242 370 2305 materiales
389 2239 543 2305 dicuntur
566 2238 639 2304 illae
663 2240 800 2318 formae,
815 2263 955 2327 quaram
968 2261 986 2300 a
1000 2258 1081 2324 esso,
1097 2255 1133 2309 at

61 2345 87 2386 s.
116 2321 252 2387 Thomas
274 2323 345 2402 ait,
369 2333 417 2388 est
450 2342 508 2407 per
529 2323 613 2398 hoc,
635 2323 721 2406 quod
756 2325 865 2389 insunt
888 2323 1071 2388 materiaa⁴
1089 2343 1129 2398 a,

61 2425 180 2489 nempe
203 2403 350 2480 formae,
373 2425 456 2503 quae
483 2403 603 2469 habent
623 2425 692 2470 esse
714 2417 902 2471 concretam
924 2405 959 2468 in
983 2403 1131 2481 materia,

61 2490 106 2552 ita
131 2497 166 2550 ut
188 2507 205 2550 a
228 2489 362 2553 materia
387 2509 417 2552 m
440 2507 519 2562 esse,
542 2496 575 2551 et
594 2489 719 2570 operari
741 2487 901 2569 pendeant
915 2487 983 2551 ’.Ε
1005 2498 1130 2552 coatra-

59 2572 127 2642 ria,
143 2568 267 2632 lormae
282 2569 513 2645 immateriales,
528 2569 573 2633 vel
598 2570 780 2655 spirituales
801 2569 954 2646 dicantur
967 2567 1049 2632 'illae
1066 2567 1133 2634 lor-

61 2672 153 2726 rnae,
177 2672 299 2736 quaes
324 2651 459 2716 materia
484 2653 516 2717 in
540 2672 597 2716 suo
620 2673 766 2716 essenon
789 2652 955 2738 pendent,
979 2649 1134 2738 proinde·

58 2753 127 2820 que
148 2732 188 2797 ab
209 2753 246 2798 ea
269 2744 435 2819 separatae
458 2732 633 2798 subsistere
656 2745 800 2821 possunt.
818 2735 902 2801 ilinc
926 2731 1050 2797 lormee
1071 2734 1132 2799 lm·

59 2814 260 2893 materiales,
276 2837 366 2881 secus
382 2837 418 2882 ac
436 2815 631 2892 materiales,
644 2816 842 2881 subsistentes
856 2827 1085 2900 nuncupantur
1121 2865 1129 2880 .

101 2895 138 2961 2⁰
153 2898 239 2964 Inter
254 2919 314 2963 esre
335 2897 497 2964 materiale
513 2900 615 2986 priori
637 2898 873 2985 significatione
895 2913 1083 2986 acceptam,
1098 2909 1131 2965 et
1211 2973 1214 2978 ,

421 3059 515 3067 ..—--
519 3057 734 3067 -ι-ι--ιι-ι-

101 3155 149 3214 ¹1,
164 3172 191 3220 q.
207 3152 323 3218 inivi,
337 3170 364 3208 a.
380 3157 396 3208 a
410 3171 436 3207 c.

98 3230 112 3264 ²
135 3250 145 3274 ι
162 3227 260 3280 Fluunt
280 3229 313 3280 ab
333 3231 446 3280 essentia
467 3230 572 3280 animae
584 3265 589 3277 .
600 3265 606 3278 .
619 3265 625 3277 .
639 3228 666 3277 ia
686 3227 819 3283 brutis...
834 3233 967 3296 potentiss
981 3247 1033 3286 non
1046 3235 1131 3284 solam

61 3302 284 3366 regeintimesed
299 3303 380 3354 etiam
393 3303 540 3359 sensibiles.
554 3316 567 3351 e
582 3299 678 3364 quibas
691 3301 882 3355 determinatur
895 3317 988 3356 eornm
1002 3308 1089 3358 caina
1107 3326 1131 3367 ·;

62 3379 114 3440 Qq.
129 3375 227 3438 suppl,
245 3377 282 3427 lie
295 3375 366 3432 Pet,
382 3389 409 3438 q.
428 3371 471 3433 ΙΙΙ,
487 3390 513 3425 n.
530 3375 557 3424 ll
576 3375 608 3423 aei
622 3373 651 3423 2.

101 3449 113 3483 ³
133 3442 169 3498 Cl'
179 3449 226 3511 Qq.
242 3449 339 3510 riirpp„
355 3461 383 3510 q.
397 3461 442 3496 un.
459 3449 496 3499 De
508 3449 553 3510 Sp.
570 3461 621 3502 cr„
635 3460 661 3493 a.
678 3443 734 3496 aa.

100 3516 111 3554 ⁴
135 3521 222 3570 Criutr.
238 3520 323 3574 Geni„
338 3519 384 3568 tib.
400 3517 434 3578 ll,
448 3533 474 3568 c.
488 3519 595 3570 30.—⁵
616 3519 694 3574 teia„
710 3518 757 3567 lib.
774 3516 819 3578 lV,
833 3536 860 3571 c.
874 3522 919 3571 8¹.

99 3591 112 3627 ⁶
134 3589 271 3642 nFormne
291 3591 479 3642 immateriales
499 3597 561 3644 suat
581 3605 628 3657 per
646 3605 674 3641 se
694 3592 866 3646 subsistentes
881 3615 904 3654 ις
920 3596 1069 3663 Qqaiirpp„
1093 3601 1131 3652 De

61 3665 135 3722 Pot,
150 3679 178 3728 q.
194 3661 239 3726 tx,
254 3679 279 3715 a.
294 3662 310 3714 3
323 3664 355 3713 ael
371 3665 398 3718 5.
1119 3681 1128 3689 ·
