<?xml version="1.0" encoding="UTF-8"?>
<!DOCTYPE html PUBLIC "-//W3C//DTD XHTML 1.0 Transitional//EN"
    "http://www.w3.org/TR/xhtml1/DTD/xhtml1-transitional.dtd">
<html xmlns="http://www.w3.org/1999/xhtml" xml:lang="en" lang="en">
 <head>
  <title>
</title>
<meta http-equiv="Content-Type" content="text/html;charset=utf-8" />
  <meta name='ocr-system' content='tesseract 3.04.00' />
  <meta name='ocr-capabilities' content='ocr_page ocr_carea ocr_par ocr_line ocrx_word'/>
</head>
<body>
  <div class='ocr_page' id='page_1' title='image "./philosophiachri00sansgoog_0384.png"; bbox 0 0 2475 3909; ppageno 0'>
   <div class='ocr_carea' id='block_1_1' title="bbox 129 155 757 226">
    <p class='ocr_par' dir='ltr' id='par_1_1' title="bbox 129 155 757 226">
     <span class='ocr_line' id='line_1_1' title="bbox 129 155 757 226; baseline -0.014 1"><span class='ocrx_word' id='word_1_1' title='bbox 129 162 133 199; x_wconf 89' lang='lat'><em>¹</em></span> <span class='ocrx_word' id='word_1_2' title='bbox 173 155 214 226; x_wconf 75' lang='lat' dir='ltr'><strong>Sl</strong></span> <span class='ocrx_word' id='word_1_3' title='bbox 574 167 757 218; x_wconf 79' lang='lat' dir='ltr'><strong>omonoom</strong></span> 
     </span>
    </p>
   </div>
   <div class='ocr_carea' id='block_1_2' title="bbox 134 254 1215 2151">
    <p class='ocr_par' dir='ltr' id='par_1_2' title="bbox 134 254 1214 1899">
     <span class='ocr_line' id='line_1_2' title="bbox 171 254 1209 341; baseline -0.004 -14"><span class='ocrx_word' id='word_1_4' title='bbox 171 261 243 328; x_wconf 59' lang='lat'><strong>222.</strong></span> <span class='ocrx_word' id='word_1_5' title='bbox 274 259 340 322; x_wconf 82' lang='lat' dir='ltr'><strong>llas</strong></span> <span class='ocrx_word' id='word_1_6' title='bbox 366 254 538 341; x_wconf 82' lang='lat' dir='ltr'>opiniones</span> <span class='ocrx_word' id='word_1_7' title='bbox 571 255 658 318; x_wconf 80' lang='lat' dir='ltr'><strong>circa</strong></span> <span class='ocrx_word' id='word_1_8' title='bbox 683 265 831 320; x_wconf 87' lang='lat' dir='ltr'><strong>naturam</strong></span> <span class='ocrx_word' id='word_1_9' title='bbox 858 257 1016 340; x_wconf 85' lang='lat' dir='ltr'><strong>temporis</strong></span> <span class='ocrx_word' id='word_1_10' title='bbox 1045 255 1209 325; x_wconf 82' lang='lat' dir='ltr'><strong>distinctis</strong></span> 
     </span>
     <span class='ocr_line' id='line_1_3' title="bbox 136 335 1209 434; baseline -0.006 -23"><span class='ocrx_word' id='word_1_11' title='bbox 136 338 418 434; x_wconf 85' lang='lat' dir='ltr'><strong>propositionibus</strong></span> <span class='ocrx_word' id='word_1_12' title='bbox 440 357 504 401; x_wconf 90' lang='lat' dir='ltr'><strong>non</strong></span> <span class='ocrx_word' id='word_1_13' title='bbox 527 335 721 412; x_wconf 89' lang='lat' dir='ltr'><strong>relellimus;</strong></span> <span class='ocrx_word' id='word_1_14' title='bbox 745 358 819 400; x_wconf 87' lang='lat' dir='ltr'><strong>nam</strong></span> <span class='ocrx_word' id='word_1_15' title='bbox 842 336 882 400; x_wconf 91' lang='lat' dir='ltr'><strong>ad</strong></span> <span class='ocrx_word' id='word_1_16' title='bbox 904 358 1018 402; x_wconf 90' lang='lat' dir='ltr'><strong>earum</strong></span> <span class='ocrx_word' id='word_1_17' title='bbox 1034 339 1209 405; x_wconf 85' lang='lat' dir='ltr'><strong>salsitatem</strong></span> 
     </span>
     <span class='ocr_line' id='line_1_4' title="bbox 135 417 1210 503; baseline -0.006 -11"><span class='ocrx_word' id='word_1_18' title='bbox 135 427 346 494; x_wconf 76' lang='lat' dir='ltr'><strong>evincendam</strong></span> <span class='ocrx_word' id='word_1_19' title='bbox 370 422 448 485; x_wconf 82' lang='lat' dir='ltr'><strong>satis</strong></span> <span class='ocrx_word' id='word_1_20' title='bbox 469 427 518 486; x_wconf 87' lang='lat' dir='ltr'><strong>est</strong></span> <span class='ocrx_word' id='word_1_21' title='bbox 540 417 695 483; x_wconf 83' lang='lat' dir='ltr'><strong>adnotare</strong></span> <span class='ocrx_word' id='word_1_22' title='bbox 718 421 806 503; x_wconf 88' lang='lat' dir='ltr'><strong>ipses</strong></span> <span class='ocrx_word' id='word_1_23' title='bbox 833 417 900 484; x_wconf 84' lang='lat' dir='ltr'><strong>iere</strong></span> <span class='ocrx_word' id='word_1_24' title='bbox 925 419 1057 496; x_wconf 87' lang='lat' dir='ltr'><strong>iisdem,</strong></span> <span class='ocrx_word' id='word_1_25' title='bbox 1078 441 1116 484; x_wconf 90' lang='lat' dir='ltr'><strong>ac</strong></span> <span class='ocrx_word' id='word_1_26' title='bbox 1141 422 1210 486; x_wconf 78' lang='lat' dir='ltr'><strong>illo</strong></span> 
     </span>
     <span class='ocr_line' id='line_1_5' title="bbox 135 501 1210 588; baseline -0.005 -15"><span class='ocrx_word' id='word_1_27' title='bbox 135 531 208 574; x_wconf 91' lang='lat' dir='ltr'><strong>rum</strong></span> <span class='ocrx_word' id='word_1_28' title='bbox 229 503 502 588; x_wconf 82' lang='lat' dir='ltr'><strong>Philosophorum</strong></span> <span class='ocrx_word' id='word_1_29' title='bbox 525 501 564 564; x_wconf 92' lang='lat' dir='ltr'><strong>de</strong></span> <span class='ocrx_word' id='word_1_30' title='bbox 586 509 701 565; x_wconf 86' lang='lat' dir='ltr'><strong>natum</strong></span> <span class='ocrx_word' id='word_1_31' title='bbox 724 503 821 585; x_wconf 83' lang='lat' dir='ltr'><strong>spatii</strong></span> <span class='ocrx_word' id='word_1_32' title='bbox 843 503 1030 576; x_wconf 85' lang='lat' dir='ltr'><strong>sententias,</strong></span> <span class='ocrx_word' id='word_1_33' title='bbox 1052 502 1145 566; x_wconf 78' lang='lat' dir='ltr'><strong>vitiis</strong></span> <span class='ocrx_word' id='word_1_34' title='bbox 1168 505 1210 568; x_wconf 87' lang='lat' dir='ltr'><strong>la-</strong></span> 
     </span>
     <span class='ocr_line' id='line_1_6' title="bbox 134 582 1211 669; baseline -0.006 -14"><span class='ocrx_word' id='word_1_35' title='bbox 134 589 261 656; x_wconf 89' lang='lat' dir='ltr'><strong>borare.</strong></span> <span class='ocrx_word' id='word_1_36' title='bbox 286 591 329 654; x_wconf 84' lang='lat' dir='ltr'><strong>Et</strong></span> <span class='ocrx_word' id='word_1_37' title='bbox 350 605 438 662; x_wconf 85' lang='lat' dir='ltr'><strong>sane,</strong></span> <span class='ocrx_word' id='word_1_38' title='bbox 462 582 574 650; x_wconf 83' lang='lat' dir='ltr'><strong>eedem</strong></span> <span class='ocrx_word' id='word_1_39' title='bbox 597 593 761 647; x_wconf 84' lang='lat' dir='ltr'><strong>momenta</strong></span> <span class='ocrx_word' id='word_1_40' title='bbox 784 584 935 659; x_wconf 86' lang='lat' dir='ltr'><strong>rationis,</strong></span> <span class='ocrx_word' id='word_1_41' title='bbox 957 605 999 648; x_wconf 86' lang='lat' dir='ltr'><strong>ex</strong></span> <span class='ocrx_word' id='word_1_42' title='bbox 1020 583 1144 669; x_wconf 89' lang='lat' dir='ltr'><strong>quibus</strong></span> <span class='ocrx_word' id='word_1_43' title='bbox 1166 590 1211 650; x_wconf 79' lang='lat' dir='ltr'><strong>si-</strong></span> 
     </span>
     <span class='ocr_line' id='line_1_7' title="bbox 135 662 1211 750; baseline -0.004 -14"><span class='ocrx_word' id='word_1_44' title='bbox 135 671 244 737; x_wconf 87' lang='lat' dir='ltr'><strong>dimus</strong></span> <span class='ocrx_word' id='word_1_45' title='bbox 266 679 483 736; x_wconf 90' lang='lat' dir='ltr'><strong>monstrosum</strong></span> <span class='ocrx_word' id='word_1_46' title='bbox 511 686 580 731; x_wconf 89' lang='lat' dir='ltr'><strong>esse</strong></span> <span class='ocrx_word' id='word_1_47' title='bbox 602 662 684 728; x_wconf 90' lang='lat' dir='ltr'><strong>illud</strong></span> <span class='ocrx_word' id='word_1_48' title='bbox 708 667 951 749; x_wconf 89' lang='lat' dir='ltr'><strong>incorporeum,</strong></span> <span class='ocrx_word' id='word_1_49' title='bbox 967 665 1051 750; x_wconf 87' lang='lat' dir='ltr'><strong>quod</strong></span> <span class='ocrx_word' id='word_1_50' title='bbox 1075 666 1211 732; x_wconf 81' lang='lat' dir='ltr'><strong>Gesser-</strong></span> 
     </span>
     <span class='ocr_line' id='line_1_8' title="bbox 136 745 1211 840; baseline -0.003 -22"><span class='ocrx_word' id='word_1_51' title='bbox 136 753 198 819; x_wconf 92' lang='lat' dir='ltr'><strong>dus</strong></span> <span class='ocrx_word' id='word_1_52' title='bbox 220 754 362 840; x_wconf 89' lang='lat' dir='ltr'><strong>spatium</strong></span> <span class='ocrx_word' id='word_1_53' title='bbox 384 749 483 828; x_wconf 89' lang='lat' dir='ltr'><strong>dixit,</strong></span> <span class='ocrx_word' id='word_1_54' title='bbox 504 745 678 813; x_wconf 88' lang='lat' dir='ltr'><strong>ostendunt</strong></span> <span class='ocrx_word' id='word_1_55' title='bbox 692 767 822 833; x_wconf 89' lang='lat' dir='ltr'><strong>quoque</strong></span> <span class='ocrx_word' id='word_1_56' title='bbox 839 760 1057 813; x_wconf 86' lang='lat' dir='ltr'><strong>monstrosum</strong></span> <span class='ocrx_word' id='word_1_57' title='bbox 1080 768 1152 814; x_wconf 86' lang='lat' dir='ltr'><strong>esse</strong></span> <span class='ocrx_word' id='word_1_58' title='bbox 1174 751 1211 815; x_wconf 93' lang='lat' dir='ltr'><strong>il-</strong></span> 
     </span>
     <span class='ocr_line' id='line_1_9' title="bbox 136 828 1209 920; baseline -0.006 -18"><span class='ocrx_word' id='word_1_59' title='bbox 136 837 192 902; x_wconf 91' lang='lat' dir='ltr'><strong>lud</strong></span> <span class='ocrx_word' id='word_1_60' title='bbox 217 837 472 920; x_wconf 89' lang='lat' dir='ltr'><strong>incorporeum,</strong></span> <span class='ocrx_word' id='word_1_61' title='bbox 495 828 582 918; x_wconf 88' lang='lat' dir='ltr'><strong>quod</strong></span> <span class='ocrx_word' id='word_1_62' title='bbox 605 837 735 914; x_wconf 86' lang='lat' dir='ltr'><strong>tempus</strong></span> <span class='ocrx_word' id='word_1_63' title='bbox 754 839 931 916; x_wconf 86' lang='lat' dir='ltr'><strong>nuncupat.</strong></span> <span class='ocrx_word' id='word_1_64' title='bbox 956 830 1154 908; x_wconf 88' lang='lat' dir='ltr'><strong>Praeterea,</strong></span> <span class='ocrx_word' id='word_1_65' title='bbox 1177 855 1209 896; x_wconf 95' lang='lat' dir='ltr'><strong>o-</strong></span> 
     </span>
     <span class='ocr_line' id='line_1_10' title="bbox 137 909 1209 996; baseline -0.004 -13"><span class='ocrx_word' id='word_1_66' title='bbox 137 921 248 983; x_wconf 91' lang='lat' dir='ltr'><strong>mnino</strong></span> <span class='ocrx_word' id='word_1_67' title='bbox 272 914 451 982; x_wconf 91' lang='lat' dir='ltr'><strong>absurdum</strong></span> <span class='ocrx_word' id='word_1_68' title='bbox 473 925 522 979; x_wconf 88' lang='lat' dir='ltr'><strong>est</strong></span> <span class='ocrx_word' id='word_1_69' title='bbox 544 909 649 986; x_wconf 90' lang='lat' dir='ltr'><strong>illud,</strong></span> <span class='ocrx_word' id='word_1_70' title='bbox 672 909 759 994; x_wconf 91' lang='lat' dir='ltr'><strong>quod</strong></span> <span class='ocrx_word' id='word_1_71' title='bbox 788 931 848 996; x_wconf 92' lang='lat' dir='ltr'><strong>pro</strong></span> <span class='ocrx_word' id='word_1_72' title='bbox 871 923 982 988; x_wconf 88' lang='lat' dir='ltr'><strong>certo,</strong></span> <span class='ocrx_word' id='word_1_73' title='bbox 1004 925 1037 976; x_wconf 90' lang='lat' dir='ltr'><strong>et</strong></span> <span class='ocrx_word' id='word_1_74' title='bbox 1058 932 1209 978; x_wconf 89' lang='lat' dir='ltr'><strong>concesso</strong></span> 
     </span>
     <span class='ocr_line' id='line_1_11' title="bbox 137 991 1210 1146; baseline -0.005 -81"><span class='ocrx_word' id='word_1_75' title='bbox 137 1001 265 1077; x_wconf 83' lang='lat' dir='ltr'><strong>sumsit,</strong></span> <span class='ocrx_word' id='word_1_76' title='bbox 289 1017 404 1146; x_wconf 82' lang='lat' dir='ltr'><strong>nempe</strong></span> <span class='ocrx_word' id='word_1_77' title='bbox 427 1005 555 1082; x_wconf 87' lang='lat' dir='ltr'><strong>tempus</strong></span> <span class='ocrx_word' id='word_1_78' title='bbox 579 993 665 1057; x_wconf 86' lang='lat' dir='ltr'><strong>reale</strong></span> <span class='ocrx_word' id='word_1_79' title='bbox 690 991 803 1066; x_wconf 83' lang='lat' dir='ltr'><strong>luisse,</strong></span> <span class='ocrx_word' id='word_1_80' title='bbox 820 1005 993 1079; x_wconf 87' lang='lat' dir='ltr'><strong>autequam</strong></span> <span class='ocrx_word' id='word_1_81' title='bbox 1016 992 1160 1058; x_wconf 90' lang='lat' dir='ltr'><strong>mundus</strong></span> <span class='ocrx_word' id='word_1_82' title='bbox 1180 1017 1210 1060; x_wconf 82' lang='lat' dir='ltr'><strong>e·</strong></span> 
     </span>
     <span class='ocr_line' id='line_1_12' title="bbox 137 1072 1210 1159; baseline -0.007 -12"><span class='ocrx_word' id='word_1_83' title='bbox 137 1081 283 1159; x_wconf 87' lang='lat' dir='ltr'><strong>xisteret,</strong></span> <span class='ocrx_word' id='word_1_84' title='bbox 305 1091 337 1147; x_wconf 89' lang='lat' dir='ltr'><strong>et</strong></span> <span class='ocrx_word' id='word_1_85' title='bbox 374 1100 454 1154; x_wconf 93' lang='lat' dir='ltr'><strong>ore,</strong></span> <span class='ocrx_word' id='word_1_86' title='bbox 478 1075 604 1142; x_wconf 85' lang='lat' dir='ltr'><strong>etiamsi</strong></span> <span class='ocrx_word' id='word_1_87' title='bbox 630 1072 771 1138; x_wconf 89' lang='lat' dir='ltr'><strong>mundus</strong></span> <span class='ocrx_word' id='word_1_88' title='bbox 792 1096 862 1140; x_wconf 89' lang='lat' dir='ltr'><strong>esse</strong></span> <span class='ocrx_word' id='word_1_89' title='bbox 885 1076 1057 1141; x_wconf 78' lang='lat' dir='ltr'><strong>desineret.</strong></span> <span class='ocrx_word' id='word_1_90' title='bbox 1082 1075 1210 1142; x_wconf 77' lang='lat' dir='ltr'><strong>Etenim</strong></span> 
     </span>
     <span class='ocr_line' id='line_1_13' title="bbox 138 1155 1211 1259; baseline -0.006 -29"><span class='ocrx_word' id='word_1_91' title='bbox 138 1177 279 1259; x_wconf 89' lang='lat' dir='ltr'><strong>tempus,</strong></span> <span class='ocrx_word' id='word_1_92' title='bbox 303 1181 513 1248; x_wconf 89' lang='lat' dir='ltr'><strong>quocumque</strong></span> <span class='ocrx_word' id='word_1_93' title='bbox 535 1155 633 1223; x_wconf 90' lang='lat' dir='ltr'><strong>mode</strong></span> <span class='ocrx_word' id='word_1_94' title='bbox 655 1156 854 1241; x_wconf 81' lang='lat' dir='ltr'><strong>explicetur,</strong></span> <span class='ocrx_word' id='word_1_95' title='bbox 877 1158 946 1222; x_wconf 93' lang='lat' dir='ltr'><strong>sine</strong></span> <span class='ocrx_word' id='word_1_96' title='bbox 968 1169 1070 1232; x_wconf 90' lang='lat' dir='ltr'><strong>motu,</strong></span> <span class='ocrx_word' id='word_1_97' title='bbox 1093 1169 1127 1223; x_wconf 89' lang='lat' dir='ltr'><strong>et</strong></span> <span class='ocrx_word' id='word_1_98' title='bbox 1143 1181 1211 1224; x_wconf 85' lang='lat' dir='ltr'><strong>suc·</strong></span> 
     </span>
     <span class='ocr_line' id='line_1_14' title="bbox 139 1242 1212 1329; baseline -0.004 -19"><span class='ocrx_word' id='word_1_99' title='bbox 139 1266 284 1311; x_wconf 82' lang='lat' dir='ltr'><strong>cessione</strong></span> <span class='ocrx_word' id='word_1_100' title='bbox 307 1243 436 1329; x_wconf 89' lang='lat' dir='ltr'><strong>concipi</strong></span> <span class='ocrx_word' id='word_1_101' title='bbox 459 1263 523 1306; x_wconf 89' lang='lat' dir='ltr'><strong>non</strong></span> <span class='ocrx_word' id='word_1_102' title='bbox 545 1248 664 1324; x_wconf 88' lang='lat' dir='ltr'><strong>potest,</strong></span> <span class='ocrx_word' id='word_1_103' title='bbox 679 1249 711 1303; x_wconf 89' lang='lat' dir='ltr'><strong>ct</strong></span> <span class='ocrx_word' id='word_1_104' title='bbox 726 1242 882 1322; x_wconf 87' lang='lat' dir='ltr'><strong>quoniam</strong></span> <span class='ocrx_word' id='word_1_105' title='bbox 905 1249 1024 1316; x_wconf 91' lang='lat' dir='ltr'><strong>motus,</strong></span> <span class='ocrx_word' id='word_1_106' title='bbox 1041 1251 1073 1304; x_wconf 91' lang='lat' dir='ltr'><strong>et</strong></span> <span class='ocrx_word' id='word_1_107' title='bbox 1088 1261 1212 1306; x_wconf 78' lang='lat' dir='ltr'><strong>succes</strong></span> 
     </span>
     <span class='ocr_line' id='line_1_15' title="bbox 140 1319 1212 1415; baseline -0.006 -21"><span class='ocrx_word' id='word_1_108' title='bbox 140 1331 190 1394; x_wconf 90' lang='lat' dir='ltr'><strong>sio</strong></span> <span class='ocrx_word' id='word_1_109' title='bbox 213 1329 342 1415; x_wconf 90' lang='lat' dir='ltr'><strong>concipi</strong></span> <span class='ocrx_word' id='word_1_110' title='bbox 367 1335 533 1409; x_wconf 89' lang='lat' dir='ltr'><strong>nequeunt</strong></span> <span class='ocrx_word' id='word_1_111' title='bbox 555 1321 626 1385; x_wconf 90' lang='lat' dir='ltr'><strong>sine</strong></span> <span class='ocrx_word' id='word_1_112' title='bbox 651 1319 763 1400; x_wconf 86' lang='lat' dir='ltr'><strong>rebus,</strong></span> <span class='ocrx_word' id='word_1_113' title='bbox 778 1341 863 1407; x_wconf 86' lang='lat' dir='ltr'><strong>quae</strong></span> <span class='ocrx_word' id='word_1_114' title='bbox 877 1332 1060 1398; x_wconf 88' lang='lat' dir='ltr'><strong>moventur,</strong></span> <span class='ocrx_word' id='word_1_115' title='bbox 1085 1333 1212 1409; x_wconf 90' lang='lat' dir='ltr'><strong>tempus</strong></span> 
     </span>
     <span class='ocr_line' id='line_1_16' title="bbox 140 1404 1212 1492; baseline -0.007 -16"><span class='ocrx_word' id='word_1_116' title='bbox 140 1409 229 1476; x_wconf 90' lang='lat' dir='ltr'><strong>reale</strong></span> <span class='ocrx_word' id='word_1_117' title='bbox 252 1411 393 1475; x_wconf 80' lang='lat' dir='ltr'><strong>existere</strong></span> <span class='ocrx_word' id='word_1_118' title='bbox 414 1428 477 1471; x_wconf 92' lang='lat' dir='ltr'><strong>non</strong></span> <span class='ocrx_word' id='word_1_119' title='bbox 501 1412 621 1492; x_wconf 88' lang='lat' dir='ltr'><strong>potest,</strong></span> <span class='ocrx_word' id='word_1_120' title='bbox 644 1404 708 1467; x_wconf 90' lang='lat' dir='ltr'><strong>nisi</strong></span> <span class='ocrx_word' id='word_1_121' title='bbox 730 1404 871 1470; x_wconf 82' lang='lat' dir='ltr'><strong>existent</strong></span> <span class='ocrx_word' id='word_1_122' title='bbox 892 1423 956 1480; x_wconf 88' lang='lat' dir='ltr'><strong>res,</strong></span> <span class='ocrx_word' id='word_1_123' title='bbox 978 1425 1061 1489; x_wconf 89' lang='lat' dir='ltr'><strong>quae</strong></span> <span class='ocrx_word' id='word_1_124' title='bbox 1084 1426 1212 1469; x_wconf 82' lang='lat' dir='ltr'><strong>moven-</strong></span> 
     </span>
     <span class='ocr_line' id='line_1_17' title="bbox 139 1483 1214 1570; baseline -0.005 -13"><span class='ocrx_word' id='word_1_125' title='bbox 139 1505 206 1570; x_wconf 91' lang='lat' dir='ltr'><strong>tur,</strong></span> <span class='ocrx_word' id='word_1_126' title='bbox 230 1503 261 1556; x_wconf 89' lang='lat' dir='ltr'><strong>et</strong></span> <span class='ocrx_word' id='word_1_127' title='bbox 283 1491 346 1556; x_wconf 93' lang='lat' dir='ltr'><strong>sibi</strong></span> <span class='ocrx_word' id='word_1_128' title='bbox 371 1487 560 1554; x_wconf 89' lang='lat' dir='ltr'><strong>succedunt.</strong></span> <span class='ocrx_word' id='word_1_129' title='bbox 578 1486 678 1570; x_wconf 75' lang='lat' dir='ltr'><strong>Atqui</strong></span> <span class='ocrx_word' id='word_1_130' title='bbox 701 1483 762 1549; x_wconf 90' lang='lat' dir='ltr'><strong>bae</strong></span> <span class='ocrx_word' id='word_1_131' title='bbox 785 1507 836 1550; x_wconf 87' lang='lat' dir='ltr'><strong>res</strong></span> <span class='ocrx_word' id='word_1_132' title='bbox 856 1496 929 1551; x_wconf 86' lang='lat' dir='ltr'><strong>ante</strong></span> <span class='ocrx_word' id='word_1_133' title='bbox 944 1486 1059 1550; x_wconf 89' lang='lat' dir='ltr'><strong>mundi</strong></span> <span class='ocrx_word' id='word_1_134' title='bbox 1081 1490 1214 1552; x_wconf 78' lang='lat' dir='ltr'><strong>creatio</strong></span> 
     </span>
     <span class='ocr_line' id='line_1_18' title="bbox 141 1566 1212 1655; baseline -0.004 -17"><span class='ocrx_word' id='word_1_135' title='bbox 141 1595 217 1638; x_wconf 91' lang='lat' dir='ltr'><strong>nem</strong></span> <span class='ocrx_word' id='word_1_136' title='bbox 240 1595 303 1638; x_wconf 89' lang='lat' dir='ltr'><strong>uon</strong></span> <span class='ocrx_word' id='word_1_137' title='bbox 324 1570 532 1647; x_wconf 84' lang='lat' dir='ltr'><strong>existebant,</strong></span> <span class='ocrx_word' id='word_1_138' title='bbox 555 1577 611 1648; x_wconf 84' lang='lat' dir='ltr'><strong>et,</strong></span> <span class='ocrx_word' id='word_1_139' title='bbox 638 1569 666 1630; x_wconf 88' lang='lat' dir='ltr'><strong>si</strong></span> <span class='ocrx_word' id='word_1_140' title='bbox 689 1566 831 1633; x_wconf 91' lang='lat' dir='ltr'><strong>mundus</strong></span> <span class='ocrx_word' id='word_1_141' title='bbox 854 1568 890 1631; x_wconf 91' lang='lat' dir='ltr'><strong>in</strong></span> <span class='ocrx_word' id='word_1_142' title='bbox 912 1567 1053 1631; x_wconf 91' lang='lat' dir='ltr'><strong>nibilum</strong></span> <span class='ocrx_word' id='word_1_143' title='bbox 1086 1569 1212 1655; x_wconf 78' lang='lat' dir='ltr'><strong>redige-</strong></span> 
     </span>
     <span class='ocr_line' id='line_1_19' title="bbox 141 1646 1213 1735; baseline -0.004 -15"><span class='ocrx_word' id='word_1_144' title='bbox 141 1667 257 1731; x_wconf 89' lang='lat' dir='ltr'><strong>retur,</strong></span> <span class='ocrx_word' id='word_1_145' title='bbox 279 1655 419 1720; x_wconf 82' lang='lat' dir='ltr'><strong>existere</strong></span> <span class='ocrx_word' id='word_1_146' title='bbox 440 1651 639 1718; x_wconf 84' lang='lat' dir='ltr'><strong>desinerent.</strong></span> <span class='ocrx_word' id='word_1_147' title='bbox 664 1649 752 1734; x_wconf 84' lang='lat' dir='ltr'><strong>Ergo</strong></span> <span class='ocrx_word' id='word_1_148' title='bbox 773 1646 857 1714; x_wconf 90' lang='lat' dir='ltr'><strong>haud</strong></span> <span class='ocrx_word' id='word_1_149' title='bbox 885 1648 1042 1735; x_wconf 90' lang='lat' dir='ltr'><strong>possibile</strong></span> <span class='ocrx_word' id='word_1_150' title='bbox 1065 1662 1115 1716; x_wconf 86' lang='lat' dir='ltr'><strong>est</strong></span> <span class='ocrx_word' id='word_1_151' title='bbox 1138 1662 1213 1716; x_wconf 88' lang='lat' dir='ltr'><strong>tem-</strong></span> 
     </span>
     <span class='ocr_line' id='line_1_20' title="bbox 143 1729 1210 1824; baseline -0.006 -21"><span class='ocrx_word' id='word_1_152' title='bbox 143 1759 204 1824; x_wconf 90' lang='lat' dir='ltr'><strong>pus</strong></span> <span class='ocrx_word' id='word_1_153' title='bbox 227 1736 342 1816; x_wconf 82' lang='lat' dir='ltr'><strong>luisse,</strong></span> <span class='ocrx_word' id='word_1_154' title='bbox 365 1745 538 1818; x_wconf 86' lang='lat' dir='ltr'><strong>antequam</strong></span> <span class='ocrx_word' id='word_1_155' title='bbox 562 1729 702 1796; x_wconf 85' lang='lat' dir='ltr'><strong>mundus</strong></span> <span class='ocrx_word' id='word_1_156' title='bbox 724 1743 905 1809; x_wconf 84' lang='lat' dir='ltr'><strong>crearetur,</strong></span> <span class='ocrx_word' id='word_1_157' title='bbox 927 1731 1062 1807; x_wconf 78' lang='lat' dir='ltr'><strong>elfere,</strong></span> <span class='ocrx_word' id='word_1_158' title='bbox 1086 1735 1210 1798; x_wconf 84' lang='lat' dir='ltr'><strong>etiamsi</strong></span> 
     </span>
     <span class='ocr_line' id='line_1_21' title="bbox 143 1813 766 1899; baseline -0.013 -15"><span class='ocrx_word' id='word_1_159' title='bbox 143 1818 283 1884; x_wconf 91' lang='lat' dir='ltr'><strong>mundus</strong></span> <span class='ocrx_word' id='word_1_160' title='bbox 305 1819 338 1883; x_wconf 92' lang='lat' dir='ltr'><strong>iu</strong></span> <span class='ocrx_word' id='word_1_161' title='bbox 362 1817 499 1883; x_wconf 91' lang='lat' dir='ltr'><strong>nibilum</strong></span> <span class='ocrx_word' id='word_1_162' title='bbox 520 1813 728 1899; x_wconf 77' lang='lat' dir='ltr'><strong>redigeretur</strong></span> <span class='ocrx_word' id='word_1_163' title='bbox 742 1813 766 1877; x_wconf 82' lang='lat'><strong>¹.</strong></span> 
     </span>
    </p>

    <p class='ocr_par' dir='ltr' id='par_1_3' title="bbox 142 1891 1215 2151">
     <span class='ocr_line' id='line_1_22' title="bbox 181 1891 1214 1982; baseline -0.008 -14"><span class='ocrx_word' id='word_1_164' title='bbox 181 1901 253 1968; x_wconf 76' lang='lat'><strong>223.</strong></span> <span class='ocrx_word' id='word_1_165' title='bbox 278 1902 455 1970; x_wconf 84' lang='lat' dir='ltr'><strong>Newtonus</strong></span> <span class='ocrx_word' id='word_1_166' title='bbox 473 1907 583 1962; x_wconf 89' lang='lat' dir='ltr'><strong>autem</strong></span> <span class='ocrx_word' id='word_1_167' title='bbox 597 1896 836 1961; x_wconf 90' lang='lat' dir='ltr'><strong>successionem</strong></span> <span class='ocrx_word' id='word_1_168' title='bbox 850 1891 884 1958; x_wconf 90' lang='lat' dir='ltr'><strong>in</strong></span> <span class='ocrx_word' id='word_1_169' title='bbox 900 1891 970 1960; x_wconf 86' lang='lat' dir='ltr'><strong>Deo</strong></span> <span class='ocrx_word' id='word_1_170' title='bbox 986 1895 1108 1981; x_wconf 90' lang='lat' dir='ltr'><strong>posuit;</strong></span> <span class='ocrx_word' id='word_1_171' title='bbox 1124 1897 1214 1982; x_wconf 84' lang='lat' dir='ltr'><strong>quia,</strong></span> 
     </span>
     <span class='ocr_line' id='line_1_23' title="bbox 142 1977 1214 2069; baseline -0.006 -22"><span class='ocrx_word' id='word_1_172' title='bbox 142 2004 217 2048; x_wconf 90' lang='lat' dir='ltr'><strong>cum</strong></span> <span class='ocrx_word' id='word_1_173' title='bbox 241 1992 368 2069; x_wconf 88' lang='lat' dir='ltr'><strong>tempus</strong></span> <span class='ocrx_word' id='word_1_174' title='bbox 391 1981 461 2046; x_wconf 90' lang='lat' dir='ltr'><strong>sine</strong></span> <span class='ocrx_word' id='word_1_175' title='bbox 483 1979 686 2045; x_wconf 89' lang='lat' dir='ltr'><strong>successione</strong></span> <span class='ocrx_word' id='word_1_176' title='bbox 709 1977 847 2062; x_wconf 80' lang='lat' dir='ltr'><strong>intelligi</strong></span> <span class='ocrx_word' id='word_1_177' title='bbox 870 1997 935 2041; x_wconf 92' lang='lat' dir='ltr'><strong>non</strong></span> <span class='ocrx_word' id='word_1_178' title='bbox 954 1981 1070 2065; x_wconf 89' lang='lat' dir='ltr'><strong>possit,</strong></span> <span class='ocrx_word' id='word_1_179' title='bbox 1094 1979 1136 2052; x_wconf 91' lang='lat' dir='ltr'><strong>is,</strong></span> <span class='ocrx_word' id='word_1_180' title='bbox 1159 1979 1214 2065; x_wconf 90' lang='lat' dir='ltr'><strong>qui</strong></span> 
     </span>
     <span class='ocr_line' id='line_1_24' title="bbox 142 2059 1215 2151; baseline -0.006 -22"><span class='ocrx_word' id='word_1_181' title='bbox 142 2077 272 2151; x_wconf 90' lang='lat' dir='ltr'><strong>tempus</strong></span> <span class='ocrx_word' id='word_1_182' title='bbox 297 2085 367 2129; x_wconf 84' lang='lat' dir='ltr'><strong>esse</strong></span> <span class='ocrx_word' id='word_1_183' title='bbox 395 2064 621 2128; x_wconf 80' lang='lat' dir='ltr'><strong>aeternitatem</strong></span> <span class='ocrx_word' id='word_1_184' title='bbox 654 2059 716 2124; x_wconf 85' lang='lat' dir='ltr'><strong>Ilei</strong></span> <span class='ocrx_word' id='word_1_185' title='bbox 748 2060 889 2136; x_wconf 88' lang='lat' dir='ltr'><strong>asserit,</strong></span> <span class='ocrx_word' id='word_1_186' title='bbox 917 2062 1157 2126; x_wconf 86' lang='lat' dir='ltr'><strong>successionem</strong></span> <span class='ocrx_word' id='word_1_187' title='bbox 1185 2063 1215 2124; x_wconf 93' lang='lat' dir='ltr'><strong>in</strong></span> 
     </span>
    </p>
   </div>
   <div class='ocr_carea' id='block_1_3' title="bbox 143 2144 340 2294">
    <p class='ocr_par' dir='ltr' id='par_1_4' title="bbox 143 2144 340 2294">
     <span class='ocr_line' id='line_1_25' title="bbox 143 2144 340 2294; baseline 0 -85"><span class='ocrx_word' id='word_1_188' title='bbox 143 2144 214 2212; x_wconf 89' lang='lat' dir='ltr'><strong>Deo</strong></span> <span class='ocrx_word' id='word_1_189' title='bbox 227 2147 340 2294; x_wconf 80' lang='lat' dir='ltr'><strong>pouit.</strong></span> 
     </span>
    </p>
   </div>
   <div class='ocr_carea' id='block_1_4' title="bbox 144 2223 1220 3377">
    <p class='ocr_par' dir='ltr' id='par_1_5' title="bbox 144 2223 1216 2727">
     <span class='ocr_line' id='line_1_26' title="bbox 184 2223 1212 2310; baseline -0.006 -17"><span class='ocrx_word' id='word_1_190' title='bbox 184 2229 226 2293; x_wconf 72' lang='lat'><strong>22</strong></span> <span class='ocrx_word' id='word_1_191' title='bbox 252 2278 258 2292; x_wconf 93' lang='lat'><strong>.</strong></span> <span class='ocrx_word' id='word_1_192' title='bbox 281 2224 375 2306; x_wconf 86' lang='lat' dir='ltr'><strong>Quod</strong></span> <span class='ocrx_word' id='word_1_193' title='bbox 397 2235 519 2309; x_wconf 89' lang='lat' dir='ltr'><strong>spectat</strong></span> <span class='ocrx_word' id='word_1_194' title='bbox 540 2224 579 2289; x_wconf 89' lang='lat' dir='ltr'><strong>ad</strong></span> <span class='ocrx_word' id='word_1_195' title='bbox 602 2223 816 2298; x_wconf 89' lang='lat' dir='ltr'><strong>Leibnilium,</strong></span> <span class='ocrx_word' id='word_1_196' title='bbox 839 2231 967 2310; x_wconf 88' lang='lat' dir='ltr'><strong>tempus</strong></span> <span class='ocrx_word' id='word_1_197' title='bbox 1011 2223 1124 2288; x_wconf 89' lang='lat' dir='ltr'><strong>uidem</strong></span> <span class='ocrx_word' id='word_1_198' title='bbox 1147 2225 1212 2288; x_wconf 88' lang='lat' dir='ltr'><strong>sine</strong></span> 
     </span>
     <span class='ocr_line' id='line_1_27' title="bbox 144 2245 1214 2452; baseline -0.007 -76"><span class='ocrx_word' id='word_1_199' title='bbox 144 2313 346 2376; x_wconf 88' lang='lat' dir='ltr'><strong>successione</strong></span> <span class='ocrx_word' id='word_1_200' title='bbox 369 2330 492 2383; x_wconf 90' lang='lat' dir='ltr'><strong>rerum,</strong></span> <span class='ocrx_word' id='word_1_201' title='bbox 515 2328 599 2392; x_wconf 87' lang='lat' dir='ltr'><strong>quae</strong></span> <span class='ocrx_word' id='word_1_202' title='bbox 614 2305 724 2390; x_wconf 83' lang='lat' dir='ltr'><strong>aliquo</strong></span> <span class='ocrx_word' id='word_1_203' title='bbox 738 2303 853 2369; x_wconf 89' lang='lat' dir='ltr'><strong>ordine</strong></span> <span class='ocrx_word' id='word_1_204' title='bbox 868 2301 916 2379; x_wconf 82' lang='lat' dir='ltr'><strong>sn,</strong></span> <span class='ocrx_word' id='word_1_205' title='bbox 933 2245 1074 2403; x_wconf 67' lang='lat' dir='ltr'><strong>tntilugt</strong></span> <span class='ocrx_word' id='word_1_206' title='bbox 1093 2307 1214 2452; x_wconf 75' lang='lat' dir='ltr'><strong>netpuiu</strong></span> 
     </span>
     <span class='ocr_line' id='line_1_28' title="bbox 145 2388 1215 2465; baseline -0.007 -7"><span class='ocrx_word' id='word_1_207' title='bbox 145 2393 201 2458; x_wconf 92' lang='lat' dir='ltr'><strong>sed</strong></span> <span class='ocrx_word' id='word_1_208' title='bbox 225 2397 296 2460; x_wconf 91' lang='lat' dir='ltr'><strong>eius</strong></span> <span class='ocrx_word' id='word_1_209' title='bbox 318 2392 479 2465; x_wconf 87' lang='lat' dir='ltr'><strong>essentia,</strong></span> <span class='ocrx_word' id='word_1_210' title='bbox 501 2391 591 2464; x_wconf 85' lang='lat' dir='ltr'><strong>sive,</strong></span> <span class='ocrx_word' id='word_1_211' title='bbox 615 2400 652 2453; x_wconf 90' lang='lat' dir='ltr'><strong>ut</strong></span> <span class='ocrx_word' id='word_1_212' title='bbox 673 2391 788 2459; x_wconf 85' lang='lat' dir='ltr'><strong>aiunt,</strong></span> <span class='ocrx_word' id='word_1_213' title='bbox 814 2388 904 2451; x_wconf 91' lang='lat' dir='ltr'><strong>nolio</strong></span> <span class='ocrx_word' id='word_1_214' title='bbox 927 2388 961 2452; x_wconf 91' lang='lat' dir='ltr'><strong>in</strong></span> <span class='ocrx_word' id='word_1_215' title='bbox 982 2388 1098 2454; x_wconf 79' lang='lat' dir='ltr'><strong>ordine</strong></span> <span class='ocrx_word' id='word_1_216' title='bbox 1130 2392 1139 2454; x_wconf 94' lang='lat' dir='ltr'><strong>i</strong></span> <span class='ocrx_word' id='word_1_217' title='bbox 1158 2391 1215 2452; x_wconf 90' lang='lat' dir='ltr'><strong>lius</strong></span> 
     </span>
     <span class='ocr_line' id='line_1_29' title="bbox 145 2467 1216 2559; baseline -0.007 -19"><span class='ocrx_word' id='word_1_218' title='bbox 145 2476 359 2542; x_wconf 87' lang='lat' dir='ltr'><strong>successionis</strong></span> <span class='ocrx_word' id='word_1_219' title='bbox 382 2481 487 2559; x_wconf 86' lang='lat' dir='ltr'><strong>posita</strong></span> <span class='ocrx_word' id='word_1_220' title='bbox 511 2492 574 2535; x_wconf 93' lang='lat' dir='ltr'><strong>non</strong></span> <span class='ocrx_word' id='word_1_221' title='bbox 596 2482 656 2547; x_wconf 89' lang='lat' dir='ltr'><strong>esl;</strong></span> <span class='ocrx_word' id='word_1_222' title='bbox 679 2467 842 2552; x_wconf 87' lang='lat' dir='ltr'><strong>siquidem</strong></span> <span class='ocrx_word' id='word_1_223' title='bbox 870 2471 1037 2535; x_wconf 88' lang='lat' dir='ltr'><strong>notionem</strong></span> <span class='ocrx_word' id='word_1_224' title='bbox 1061 2471 1216 2556; x_wconf 87' lang='lat' dir='ltr'><strong>temporis</strong></span> 
     </span>
     <span class='ocr_line' id='line_1_30' title="bbox 146 2549 1216 2645; baseline -0.007 -24"><span class='ocrx_word' id='word_1_225' title='bbox 146 2559 350 2645; x_wconf 82' lang='lat' dir='ltr'><strong>adquirimus</strong></span> <span class='ocrx_word' id='word_1_226' title='bbox 380 2578 441 2621; x_wconf 94' lang='lat' dir='ltr'><strong>non</strong></span> <span class='ocrx_word' id='word_1_227' title='bbox 463 2576 505 2618; x_wconf 89' lang='lat' dir='ltr'><strong>ex</strong></span> <span class='ocrx_word' id='word_1_228' title='bbox 527 2574 589 2628; x_wconf 91' lang='lat' dir='ltr'><strong>eo,</strong></span> <span class='ocrx_word' id='word_1_229' title='bbox 612 2549 700 2637; x_wconf 89' lang='lat' dir='ltr'><strong>quod</strong></span> <span class='ocrx_word' id='word_1_230' title='bbox 722 2552 960 2617; x_wconf 88' lang='lat' dir='ltr'><strong>successionem</strong></span> <span class='ocrx_word' id='word_1_231' title='bbox 989 2555 1023 2618; x_wconf 88' lang='lat' dir='ltr'><strong>in</strong></span> <span class='ocrx_word' id='word_1_232' title='bbox 1045 2555 1147 2620; x_wconf 87' lang='lat' dir='ltr'><strong>rebus</strong></span> <span class='ocrx_word' id='word_1_233' title='bbox 1168 2574 1216 2617; x_wconf 85' lang='lat' dir='ltr'><strong>or-</strong></span> 
     </span>
     <span class='ocr_line' id='line_1_31' title="bbox 147 2632 1214 2727; baseline -0.007 -21"><span class='ocrx_word' id='word_1_234' title='bbox 147 2641 222 2706; x_wconf 85' lang='lat' dir='ltr'><strong>dine</strong></span> <span class='ocrx_word' id='word_1_235' title='bbox 244 2638 471 2727; x_wconf 87' lang='lat' dir='ltr'><strong>procedentem</strong></span> <span class='ocrx_word' id='word_1_236' title='bbox 495 2634 765 2719; x_wconf 85' lang='lat' dir='ltr'><strong>contemplamur,</strong></span> <span class='ocrx_word' id='word_1_237' title='bbox 788 2632 843 2697; x_wconf 89' lang='lat' dir='ltr'><strong>sed</strong></span> <span class='ocrx_word' id='word_1_238' title='bbox 859 2655 899 2697; x_wconf 87' lang='lat' dir='ltr'><strong>ex</strong></span> <span class='ocrx_word' id='word_1_239' title='bbox 915 2655 967 2711; x_wconf 87' lang='lat' dir='ltr'><strong>eo,</strong></span> <span class='ocrx_word' id='word_1_240' title='bbox 990 2635 1080 2720; x_wconf 87' lang='lat' dir='ltr'><strong>quod</strong></span> <span class='ocrx_word' id='word_1_241' title='bbox 1103 2639 1140 2701; x_wconf 89' lang='lat' dir='ltr'><strong>iu</strong></span> <span class='ocrx_word' id='word_1_242' title='bbox 1164 2638 1214 2704; x_wconf 88' lang='lat' dir='ltr'><strong>iis,</strong></span> 
     </span>
    </p>

    <p class='ocr_par' dir='ltr' id='par_1_6' title="bbox 148 2717 1220 3036">
     <span class='ocr_line' id='line_1_32' title="bbox 171 2717 1219 2863; baseline -0.009 -75"><span class='ocrx_word' id='word_1_243' title='bbox 171 2745 231 2788; x_wconf 89' lang='lat' dir='ltr'><strong>uae</strong></span> <span class='ocrx_word' id='word_1_244' title='bbox 253 2722 316 2788; x_wconf 91' lang='lat' dir='ltr'><strong>sibi</strong></span> <span class='ocrx_word' id='word_1_245' title='bbox 341 2719 530 2793; x_wconf 87' lang='lat' dir='ltr'><strong>succedunt,</strong></span> <span class='ocrx_word' id='word_1_246' title='bbox 553 2717 656 2863; x_wconf 73' lang='lat' dir='ltr'><strong>prius,</strong></span> <span class='ocrx_word' id='word_1_247' title='bbox 672 2729 705 2782; x_wconf 89' lang='lat' dir='ltr'><strong>et</strong></span> <span class='ocrx_word' id='word_1_248' title='bbox 720 2717 882 2801; x_wconf 87' lang='lat' dir='ltr'><strong>posterius</strong></span> <span class='ocrx_word' id='word_1_249' title='bbox 898 2718 1062 2782; x_wconf 88' lang='lat' dir='ltr'><strong>metimur.</strong></span> <span class='ocrx_word' id='word_1_250' title='bbox 1079 2744 1097 2788; x_wconf 83' lang='lat' dir='ltr'><strong>n</strong></span> <span class='ocrx_word' id='word_1_251' title='bbox 1115 2719 1219 2786; x_wconf 78' lang='lat' dir='ltr'><strong>blani-</strong></span> 
     </span>
     <span class='ocr_line' id='line_1_33' title="bbox 148 2745 1220 2944; baseline -0.008 -74"><span class='ocrx_word' id='word_1_252' title='bbox 148 2745 267 2871; x_wconf 65' lang='lat' dir='ltr'><strong>iestum</strong></span> <span class='ocrx_word' id='word_1_253' title='bbox 290 2817 349 2881; x_wconf 87' lang='lat' dir='ltr'><strong>est,</strong></span> <span class='ocrx_word' id='word_1_254' title='bbox 375 2803 482 2887; x_wconf 89' lang='lat' dir='ltr'><strong>inquit</strong></span> <span class='ocrx_word' id='word_1_255' title='bbox 503 2822 528 2864; x_wconf 93' lang='lat' dir='ltr'><strong>s.</strong></span> <span class='ocrx_word' id='word_1_256' title='bbox 580 2799 710 2874; x_wconf 90' lang='lat' dir='ltr'><strong>homas,</strong></span> <span class='ocrx_word' id='word_1_257' title='bbox 732 2797 818 2944; x_wconf 69' lang='lat' dir='ltr'><strong>«puori</strong></span> <span class='ocrx_word' id='word_1_258' title='bbox 846 2808 972 2882; x_wconf 88' lang='lat' dir='ltr'><strong>tempus</strong></span> <span class='ocrx_word' id='word_1_259' title='bbox 995 2821 1056 2864; x_wconf 91' lang='lat' dir='ltr'><strong>non</strong></span> <span class='ocrx_word' id='word_1_260' title='bbox 1079 2812 1130 2867; x_wconf 78' lang='lat' dir='ltr'><strong>est</strong></span> <span class='ocrx_word' id='word_1_261' title='bbox 1152 2820 1220 2864; x_wconf 90' lang='lat' dir='ltr'><strong>mo·</strong></span> 
     </span>
     <span class='ocr_line' id='line_1_34' title="bbox 150 2879 1220 2971; baseline -0.009 -16"><span class='ocrx_word' id='word_1_262' title='bbox 150 2901 212 2966; x_wconf 90' lang='lat' dir='ltr'><strong>tus,</strong></span> <span class='ocrx_word' id='word_1_263' title='bbox 237 2886 292 2954; x_wconf 85' lang='lat' dir='ltr'><strong>sed</strong></span> <span class='ocrx_word' id='word_1_264' title='bbox 315 2885 463 2971; x_wconf 86' lang='lat' dir='ltr'><strong>sequitur</strong></span> <span class='ocrx_word' id='word_1_265' title='bbox 482 2892 618 2957; x_wconf 88' lang='lat' dir='ltr'><strong>motum,</strong></span> <span class='ocrx_word' id='word_1_266' title='bbox 635 2901 732 2946; x_wconf 91' lang='lat' dir='ltr'><strong>secun</strong></span> <span class='ocrx_word' id='word_1_267' title='bbox 760 2903 815 2945; x_wconf 93' lang='lat' dir='ltr'><strong>um</strong></span> <span class='ocrx_word' id='word_1_268' title='bbox 828 2879 915 2966; x_wconf 87' lang='lat' dir='ltr'><strong>quod</strong></span> <span class='ocrx_word' id='word_1_269' title='bbox 931 2894 1135 2948; x_wconf 88' lang='lat' dir='ltr'><strong>numeratur.</strong></span> <span class='ocrx_word' id='word_1_270' title='bbox 1160 2883 1220 2947; x_wconf 70' lang='lat' dir='ltr'><strong>[tn.</strong></span> 
     </span>
     <span class='ocr_line' id='line_1_35' title="bbox 150 2963 646 3036; baseline -0.02 0"><span class='ocrx_word' id='word_1_271' title='bbox 150 2971 189 3036; x_wconf 90' lang='lat' dir='ltr'><strong>de</strong></span> <span class='ocrx_word' id='word_1_272' title='bbox 212 2979 259 3035; x_wconf 86' lang='lat' dir='ltr'><strong>cst</strong></span> <span class='ocrx_word' id='word_1_273' title='bbox 280 2987 436 3034; x_wconf 88' lang='lat' dir='ltr'><strong>numerus</strong></span> <span class='ocrx_word' id='word_1_274' title='bbox 460 2963 591 3030; x_wconf 76' lang='lat' dir='ltr'><strong>molus¹</strong></span> <span class='ocrx_word' id='word_1_275' title='bbox 616 2986 646 3026; x_wconf 84' lang='lat' dir='ltr'><strong>u.</strong></span> 
     </span>
    </p>

    <p class='ocr_par' dir='ltr' id='par_1_7' title="bbox 147 3042 1219 3377">
     <span class='ocr_line' id='line_1_36' title="bbox 190 3042 1219 3134; baseline -0.01 -16"><span class='ocrx_word' id='word_1_276' title='bbox 190 3053 262 3118; x_wconf 73' lang='lat'><strong>225.</strong></span> <span class='ocrx_word' id='word_1_277' title='bbox 286 3051 436 3134; x_wconf 88' lang='lat' dir='ltr'><strong>Denique</strong></span> <span class='ocrx_word' id='word_1_278' title='bbox 458 3068 478 3109; x_wconf 92' lang='lat'>0</span> <span class='ocrx_word' id='word_1_279' title='bbox 504 3047 570 3109; x_wconf 92' lang='lat' dir='ltr'><strong>inio</strong></span> <span class='ocrx_word' id='word_1_280' title='bbox 591 3043 706 3110; x_wconf 87' lang='lat' dir='ltr'><strong>Kantii</strong></span> <span class='ocrx_word' id='word_1_281' title='bbox 729 3042 866 3120; x_wconf 87' lang='lat' dir='ltr'><strong>eisdem,</strong></span> <span class='ocrx_word' id='word_1_282' title='bbox 888 3064 925 3108; x_wconf 86' lang='lat' dir='ltr'><strong>ac</strong></span> <span class='ocrx_word' id='word_1_283' title='bbox 947 3045 1021 3109; x_wconf 86' lang='lat' dir='ltr'><strong>eius</strong></span> <span class='ocrx_word' id='word_1_284' title='bbox 1046 3046 1163 3132; x_wconf 91' lang='lat' dir='ltr'><strong>opinio</strong></span> <span class='ocrx_word' id='word_1_285' title='bbox 1184 3044 1219 3108; x_wconf 89' lang='lat' dir='ltr'><strong>de</strong></span> 
     </span>
     <span class='ocr_line' id='line_1_37' title="bbox 150 3067 1219 3224; baseline -0.015 -21"><span class='ocrx_word' id='word_1_286' title='bbox 150 3135 270 3224; x_wconf 86' lang='lat' dir='ltr'><strong>spatio,</strong></span> <span class='ocrx_word' id='word_1_287' title='bbox 295 3067 539 3198; x_wconf 81' lang='lat' dir='ltr'><strong>difficultatibus</strong></span> <span class='ocrx_word' id='word_1_288' title='bbox 563 3126 733 3212; x_wconf 87' lang='lat' dir='ltr'><strong>premitur.</strong></span> <span class='ocrx_word' id='word_1_289' title='bbox 758 3124 905 3200; x_wconf 84' lang='lat' dir='ltr'><strong>Etenim,</strong></span> <span class='ocrx_word' id='word_1_290' title='bbox 928 3125 962 3191; x_wconf 85' lang='lat'><strong>1⁰</strong></span> <span class='ocrx_word' id='word_1_291' title='bbox 983 3129 1062 3192; x_wconf 83' lang='lat' dir='ltr'><strong>baec</strong></span> <span class='ocrx_word' id='word_1_292' title='bbox 1082 3128 1219 3211; x_wconf 76' lang='lat' dir='ltr'><strong>[mmor</strong></span> 
     </span>
     <span class='ocr_line' id='line_1_38' title="bbox 147 3207 1219 3304; baseline -0.012 -20"><span class='ocrx_word' id='word_1_293' title='bbox 147 3218 268 3304; x_wconf 84' lang='lat' dir='ltr'><strong>priori,</strong></span> <span class='ocrx_word' id='word_1_294' title='bbox 291 3238 366 3282; x_wconf 87' lang='lat' dir='ltr'><strong>eum</strong></span> <span class='ocrx_word' id='word_1_295' title='bbox 389 3214 451 3287; x_wconf 88' lang='lat' dir='ltr'><strong>sit,</strong></span> <span class='ocrx_word' id='word_1_296' title='bbox 479 3207 655 3274; x_wconf 88' lang='lat' dir='ltr'><strong>secundum</strong></span> <span class='ocrx_word' id='word_1_297' title='bbox 678 3208 856 3286; x_wconf 85' lang='lat' dir='ltr'><strong>Kantium,</strong></span> <span class='ocrx_word' id='word_1_298' title='bbox 880 3212 1074 3288; x_wconf 89' lang='lat' dir='ltr'><strong>necessaria,</strong></span> <span class='ocrx_word' id='word_1_299' title='bbox 1097 3221 1132 3277; x_wconf 85' lang='lat' dir='ltr'><strong>et</strong></span> <span class='ocrx_word' id='word_1_300' title='bbox 1153 3212 1219 3275; x_wconf 84' lang='lat' dir='ltr'><strong>uni·</strong></span> 
     </span>
     <span class='ocr_line' id='line_1_39' title="bbox 150 3291 1217 3377; baseline -0.01 -13"><span class='ocrx_word' id='word_1_301' title='bbox 150 3301 298 3377; x_wconf 85' lang='lat' dir='ltr'><strong>versalis,</strong></span> <span class='ocrx_word' id='word_1_302' title='bbox 321 3294 544 3363; x_wconf 85' lang='lat' dir='ltr'><strong>sensibilitatis</strong></span> <span class='ocrx_word' id='word_1_303' title='bbox 567 3293 714 3354; x_wconf 85' lang='lat' dir='ltr'><strong>intemae.</strong></span> <span class='ocrx_word' id='word_1_304' title='bbox 731 3291 863 3376; x_wconf 88' lang='lat' dir='ltr'><strong>propria</strong></span> <span class='ocrx_word' id='word_1_305' title='bbox 877 3312 947 3358; x_wconf 87' lang='lat' dir='ltr'><strong>esse</strong></span> <span class='ocrx_word' id='word_1_306' title='bbox 962 3293 1088 3377; x_wconf 80' lang='lat' dir='ltr'><strong>nequit3</strong></span> <span class='ocrx_word' id='word_1_307' title='bbox 1112 3292 1149 3358; x_wconf 74' lang='lat'><strong>2⁰</strong></span> <span class='ocrx_word' id='word_1_308' title='bbox 1163 3295 1217 3359; x_wconf 89' lang='lat' dir='ltr'><strong>etsi</strong></span> 
     </span>
    </p>
   </div>
   <div class='ocr_carea' id='block_1_5' title="bbox 152 3375 1218 3462">
    <p class='ocr_par' dir='ltr' id='par_1_8' title="bbox 152 3375 1218 3462">
     <span class='ocr_line' id='line_1_40' title="bbox 152 3375 1218 3462; baseline -0.009 -15"><span class='ocrx_word' id='word_1_309' title='bbox 152 3406 204 3448; x_wconf 91' lang='lat' dir='ltr'><strong>res</strong></span> <span class='ocrx_word' id='word_1_310' title='bbox 225 3394 399 3457; x_wconf 82' lang='lat' dir='ltr'><strong>externae,</strong></span> <span class='ocrx_word' id='word_1_311' title='bbox 422 3389 518 3460; x_wconf 84' lang='lat' dir='ltr'><strong>atque</strong></span> <span class='ocrx_word' id='word_1_312' title='bbox 547 3375 715 3449; x_wconf 88' lang='lat' dir='ltr'><strong>internae,</strong></span> <span class='ocrx_word' id='word_1_313' title='bbox 738 3394 821 3458; x_wconf 89' lang='lat' dir='ltr'><strong>quas</strong></span> <span class='ocrx_word' id='word_1_314' title='bbox 848 3375 1072 3462; x_wconf 90' lang='lat' dir='ltr'><strong>percipimus,</strong></span> <span class='ocrx_word' id='word_1_315' title='bbox 1102 3378 1171 3443; x_wconf 89' lang='lat' dir='ltr'><strong>sint</strong></span> <span class='ocrx_word' id='word_1_316' title='bbox 1191 3377 1218 3440; x_wconf 75' lang='lat' dir='ltr'><strong>io·</strong></span> 
     </span>
    </p>
   </div>
   <div class='ocr_carea' id='block_1_6' title="bbox 190 3567 845 3709">
    <p class='ocr_par' dir='ltr' id='par_1_9' title="bbox 190 3567 845 3709">
     <span class='ocr_line' id='line_1_41' title="bbox 191 3567 845 3639; baseline -0.014 -9"><span class='ocrx_word' id='word_1_317' title='bbox 191 3583 199 3616; x_wconf 77' lang='lat'><strong>¹</strong></span> <span class='ocrx_word' id='word_1_318' title='bbox 222 3575 258 3630; x_wconf 67' lang='grc' dir='ltr'><strong>(Ἀ</strong></span> <span class='ocrx_word' id='word_1_319' title='bbox 272 3593 294 3628; x_wconf 86' lang='lat' dir='ltr'><strong>s.</strong></span> <span class='ocrx_word' id='word_1_320' title='bbox 315 3575 397 3639; x_wconf 66' lang='lat' dir='ltr'><strong>Aug„</strong></span> <span class='ocrx_word' id='word_1_321' title='bbox 418 3571 457 3623; x_wconf 82' lang='lat' dir='ltr'><strong>De</strong></span> <span class='ocrx_word' id='word_1_322' title='bbox 477 3575 531 3624; x_wconf 81' lang='lat' dir='ltr'><strong>Ciu.</strong></span> <span class='ocrx_word' id='word_1_323' title='bbox 554 3573 612 3627; x_wconf 72' lang='lat' dir='ltr'><strong>uer,</strong></span> <span class='ocrx_word' id='word_1_324' title='bbox 635 3569 682 3620; x_wconf 84' lang='lat' dir='ltr'><strong>lib.</strong></span> <span class='ocrx_word' id='word_1_325' title='bbox 703 3567 749 3629; x_wconf 80' lang='lat' dir='ltr'><strong>xt,</strong></span> <span class='ocrx_word' id='word_1_326' title='bbox 769 3585 796 3620; x_wconf 87' lang='lat' dir='ltr'><strong>e.</strong></span> <span class='ocrx_word' id='word_1_327' title='bbox 816 3571 845 3621; x_wconf 86' lang='grc'><strong>6.</strong></span> 
     </span>
     <span class='ocr_line' id='line_1_42' title="bbox 190 3643 634 3709; baseline -0.029 -6"><span class='ocrx_word' id='word_1_328' title='bbox 190 3649 203 3687; x_wconf 85' lang='lat'>²</span> <span class='ocrx_word' id='word_1_329' title='bbox 224 3654 254 3702; x_wconf 87' lang='lat' dir='ltr'><strong>ln</strong></span> <span class='ocrx_word' id='word_1_330' title='bbox 272 3650 319 3700; x_wconf 66' lang='lat' dir='ltr'><strong>lib,</strong></span> <span class='ocrx_word' id='word_1_331' title='bbox 342 3651 378 3700; x_wconf 84' lang='lat' dir='ltr'><strong>ll&#39;</strong></span> <span class='ocrx_word' id='word_1_332' title='bbox 401 3649 491 3709; x_wconf 77' lang='lat' dir='ltr'><strong>Phys..</strong></span> <span class='ocrx_word' id='word_1_333' title='bbox 513 3645 565 3692; x_wconf 91' lang='lat' dir='ltr'><strong>loc.</strong></span> <span class='ocrx_word' id='word_1_334' title='bbox 586 3643 634 3690; x_wconf 86' lang='lat' dir='ltr'><strong>cil.</strong></span> 
     </span>
    </p>
   </div>
   <div class='ocr_carea' id='block_1_7' title="bbox 0 0 1261 3909">
    <p class='ocr_par' dir='ltr' id='par_1_10' title="bbox 0 0 1261 3909">
     <span class='ocr_line' id='line_1_43' title="bbox 0 0 1261 3909; baseline 0 0"><span class='ocrx_word' id='word_1_335' title='bbox 0 0 1261 3909; x_wconf 95' lang='lat' dir='ltr'><strong> </strong></span> 
     </span>
    </p>
   </div>
  </div>
 </body>
</html>
