2475 3909
134 171 198 236 208
495 188 767 236 saruaoroaocm

95 270 132 336 3⁰
146 272 179 336 Si
202 269 283 336 iilud
305 279 442 358 systema
465 269 705 347 admitteretur,
727 274 853 337 nonnisi
871 270 939 337 Deo
961 281 1079 338 cuncta
1101 291 1174 356 pec·

96 362 169 417 cata
192 362 258 418 tam
280 354 429 426 interna,
452 372 551 434 quam
571 363 706 418 externa
736 353 905 419 tribuenda
929 355 1046 420 forent.
1071 355 1174 418 Cuius

97 438 144 499 rei
169 434 248 499 haec
268 432 442 497 manifesta
467 435 550 496 ratio
572 448 647 510 cst,
676 437 763 518 quod
787 458 897 500 omncs
922 436 1173 522 perceptioneS,

97 517 379 610 appetitionesque
402 517 528 578 animae
551 528 625 582 stant
647 520 828 592 naturalis,
857 521 1103 602 necessariaque
1129 541 1175 582 sa-

96 599 191 683 qucia
215 597 412 662 evisiuttonis
434 595 613 675 schematis,
635 601 731 683 quod,
756 600 934 665 secundum
958 601 1172 679 Loibnitium,

96 681 266 745 essentiam
290 679 418 741 animae
440 679 622 756 constituit,
645 702 818 768 omnesque
843 685 1002 748 motiones
1024 687 1174 766 corporis

97 761 276 827 secundum
298 761 385 843 leges
407 760 610 826 mechanicas
631 763 735 839 fiunt,
756 767 835 849 quin
858 768 966 829 anima
993 765 1173 852 quidquam

97 844 138 908 ad
162 845 233 908 ilias
254 841 411 908 conserat.
435 844 536 925 Atqui
566 844 653 908 Deus
674 857 706 910 et
734 867 998 942 unamquamque
1027 851 1172 911 animam

94 947 171 989 cum
192 925 354 990 schemate
377 927 512 998 creavit,
529 928 615 1008 quod
639 929 820 992 siccessario
843 951 874 993 sn
901 931 970 1014 ipsa
994 930 1174 1001 evolvitur,

96 1020 129 1073 et
152 1006 237 1092 leges
260 1007 461 1070 mechanicas
483 1010 606 1084 statuit,
630 1010 806 1074 secundum
827 1032 909 1095 quas
931 1033 1044 1075 omnes
1069 1025 1174 1077 motus

96 1089 246 1172 corporis
276 1086 367 1153 fiunt.
398 1090 486 1171 Ergo
515 1100 547 1153 et
572 1111 794 1176 quaecumque
823 1095 929 1156 anima
958 1095 1108 1178 cogitat,
1139 1115 1174 1158 ac

96 1170 178 1246 vuit,
201 1180 233 1235 et
260 1191 484 1315 quaecumqpe
513 1190 630 1255 corpus
658 1175 858 1258 exequitur,
886 1175 968 1251 Deo,
991 1175 1173 1241 seeundum

97 1253 287 1316 harmoniae
310 1263 432 1336 praesta
459 1252 547 1317 iiitae
571 1253 701 1338 piacita,
727 1255 898 1321 tribuenda
920 1269 1004 1324 sunt.
1029 1259 1130 1333 Hinc,
1146 1260 1172 1321 si

94 1333 177 1417 quid
199 1335 309 1398 anima
331 1336 463 1420 cogitat,
485 1355 523 1398 ac
544 1337 625 1411 vuit,
647 1347 704 1400 aut
725 1339 750 1400 si
774 1337 852 1421 quid
876 1360 1076 1424 percorpus
1098 1362 1173 1404 ese-

121 1418 209 1482 uitur
229 1427 340 1481 contra
362 1417 467 1500 legem
490 1417 692 1494 naturalem,
717 1430 772 1484 aut
799 1422 995 1502 positivam,
1019 1443 1118 1487 omne
1141 1421 1172 1484 id

96 1437 167 1564 ¹Ilien
189 1497 359 1569 dumtaxat
382 1499 607 1582 imputandum
637 1498 733 1566 soret.
757 1503 862 1586 Igitur
883 1515 1021 1588 systema
1044 1505 1173 1568 harmo-

96 1582 170 1646 niae
193 1579 431 1664 praestabiiitae
453 1581 576 1664 impiis,
592 1580 807 1667 absurdisque
823 1583 957 1654 theoriis
980 1585 1172 1652 latissimam

96 1664 183 1728 uiam
204 1663 330 1727 sternit.

132 1802 202 1854 dar.
217 1802 263 1861 tv.
280 1831 313 1841 -
327 1801 446 1868 Systansa
468 1804 569 1868 physici
590 1807 712 1928 tntiqxns,
732 1822 779 1860 seu
798 1821 941 1862 causarum
960 1813 1139 1868 efficientium

553 1891 636 1940 arpen
659 1884 712 1930 itur

135 1989 187 2084 tid.
209 1991 355 2085 systema
374 1990 519 2075 inflamus
538 1991 677 2076 physici,
692 2017 747 2060 seu
763 2017 935 2063 causarum
958 2005 1172 2073 efficientium

96 2090 252 2136 unionem
275 2091 419 2149 ammae,
436 2083 469 2137 et
483 2076 630 2160 corporis
652 2095 693 2139 ex
715 2091 827 2144 mutua
848 2083 1019 2171 utriusque
1043 2092 1172 2156 actione

95 2151 233 2218 derivat.
257 2155 308 2227 Ea
333 2153 497 2238 quomodo
520 2156 554 2219 P.
579 2157 697 2223 Makus
721 2158 800 2226 iilud
822 2177 978 2248 exponat:
1004 2195 1021 2234 a
1047 2169 1173 2238 Doceat

95 2235 254 2299 nimirum
280 2237 352 2300 eius
377 2237 431 2320 (pt
453 2238 510 2301 sici
535 2239 690 2321 influxus)
716 2239 930 2325 defensores,
954 2263 1086 2318 naturas
1116 2257 1171 2321 has

95 2316 246 2400 (animam
268 2327 301 2383 et
321 2258 452 2409 corpasi
468 2320 649 2403 plurimum
676 2323 851 2391 dissimiles
879 2329 925 2394 ita
953 2332 1015 2398 sibi
1040 2339 1172 2404 strictas

94 2418 177 2494 esse,
193 2418 231 2462 ae
245 2397 423 2476 devinctas,
439 2411 476 2466 ut
489 2403 590 2467 attera
603 2405 637 2467 iu
652 2406 786 2471 aiteram
802 2428 895 2486 vere,
919 2423 1015 2500 atque
1029 2421 1171 2485 cfficien.

94 2492 145 2546 ter
166 2479 302 2558 lailuat,
331 2503 435 2567 neque
468 2493 576 2548 tamen
602 2507 641 2551 ea
668 2491 796 2555 actione
824 2513 865 2556 ex
887 2513 952 2558 una
973 2499 1008 2562 in
1030 2501 1172 2566 aiteram

94 2560 276 2648 quidquam
299 2562 478 2629 transferri:
495 2564 564 2641 sed,
588 2568 757 2654 impressis
780 2575 813 2636 in
835 2593 930 2641 sensu
952 2581 1169 2658 motionibus,

93 2656 127 2709 ct
140 2664 311 2738 nervorum
334 2667 396 2732 ope
419 2645 458 2710 ad
480 2647 654 2714 cerebrum
677 2673 779 2737 usque
802 2662 1001 2742 propagatis,
1026 2678 1172 2731 mentem

94 2725 135 2792 ad
159 2723 382 2792 informandas
403 2749 512 2793 rerum
536 2732 683 2798 notiones
704 2735 929 2816 deseminare
953 2754 986 2808 et
1007 2746 1169 2823 vicissim,

95 2805 228 2873 suborta
257 2809 290 2872 iu
317 2811 427 2874 animo
455 2809 618 2879 voluntate
644 2817 782 2896 membri
805 2821 992 2918 cuiuspiam
1022 2847 1170 2894 commo-

93 2888 205 2967 randi,
228 2910 343 2955 nervos
363 2894 519 2958 continuo
541 2895 679 2980 impelii,
698 2893 875 2987 'motusque
898 2925 933 2968 sa
954 2925 993 2971 eo
1016 2909 1168 2975 membro

94 2971 296 3039 voluntarios
321 2973 501 3059 consequi·
520 2998 548 3038 n.

118 3056 189 3151 aa..
211 3055 309 3141 Prop.
337 3055 479 3149 systema
502 3056 647 3140 intissam
667 3059 816 3148 physici,
839 3087 892 3129 sea
914 3089 1082 3134 causarum
1105 3072 1168 3157 cffi-

93 3151 243 3215 cscatsam
265 3137 546 3201 astronomiam.

136 3218 306 3304 Probatur.
330 3217 515 3284 Secundum
539 3233 716 3289 assertores
737 3226 860 3316 physici
885 3227 1028 3297 influxus
1051 3243 1166 3301 mutua

133 3438 141 3472 ¹
164 3440 363 3501 compendiaria
381 3443 570 3505 metaphysicac
582 3447 722 3504 Institutio,
736 3451 870 3514 asperat,
891 3467 917 3502 c.
934 3451 967 3513 ii,
986 3460 1001 3515 s
1022 3455 1088 3507 430.
1111 3455 1168 3507 Hoc

96 3513 223 3569 systema,
243 3512 312 3570 qnod
333 3513 385 3560 iam
407 3512 562 3571 Newtonus,
583 3512 724 3575 Clarkeus,
745 3535 891 3586 omnesque
912 3523 989 3590 Angli
1009 3529 1169 3580 harsuoniac

97 3582 291 3639 praestabilitas
309 3583 452 3633 adseram-ii
474 3589 498 3633 in
519 3591 610 3646 primis
630 3593 813 3652 adornarunt,
836 3603 893 3658 post
912 3597 1021 3650 diuisum
1037 3601 1170 3652 Statuitu-

96 3651 199 3706 uasius,
220 3652 317 3714 nisique
335 3668 350 3701 e
371 3653 397 3703 S.
419 3654 440 3704 i.
462 3659 521 3706 tuiti
542 3667 613 3710 sunt.
