2475 3909
492 149 698 199 cosmonoom
1020 123 1080 194 183

52 226 172 296 biiinm
195 228 327 293 minime
341 231 513 314 optimum,
529 233 729 318 Sapientiae,
745 227 885 295 Bonitati
911 247 950 292 ue
972 247 1049 292 suae
1066 226 1120 292 de-

53 321 195 398 rogaret,
217 313 294 395 quia
317 315 424 377 minus
450 313 573 380 bonum
595 325 644 380 est
664 311 826 398 quoddam
849 247 992 386 midam,
1016 329 1119 394 aeque

51 416 92 460 ac
113 395 221 460 minus
241 393 361 458 malum
383 408 432 463 est
454 395 621 481 quoddam¹
639 395 772 462 honum.
795 392 895 478 Atqui
917 410 1119 477 consequens

51 488 102 543 est
122 473 309 540 absurdum.
333 479 420 562 Ergo
441 489 473 543 et
494 477 698 545 antecedens.

94 560 166 625 200.
189 557 287 645 Resp.
310 560 389 644 Nep.
413 562 513 636 mui.;
535 583 620 625 corre.
644 561 722 624 min.
746 558 825 639 Nep.
848 576 931 620 eoas.
955 555 1035 621 Sane
1063 556 1118 622 Sa-

51 642 190 727 pientia,
211 639 405 728 Bonitasque
428 642 488 707 Dei
511 663 576 707 non
598 641 817 728 expostulant,
833 649 871 705 ut
890 635 979 701 Deus
1000 637 1118 706 efficiat

51 723 211 788 mundum
232 723 377 788 omnium
399 723 603 811 possibilium
625 725 796 811 optimum,
812 721 879 787 sivo
900 717 1035 783 absolute
1063 739 1119 804 op-

52 806 169 870 timum
183 805 206 881 ¹,
227 804 281 868 sed
305 815 427 870 tantum
450 816 486 871 nt
507 826 748 892 quemcumque
770 801 928 870 mundum
947 822 990 866 ex
1011 801 1120 866 omni-

52 884 113 951 bns
128 884 341 973 possibilibus
362 888 488 955 efficere
511 889 603 968 velit,
618 890 726 975 ipsum
745 887 864 953 efficiat
875 881 1013 962 relative,
1030 904 1120 949 nem·

52 971 148 1115 ppin
167 988 274 1052 ponere
296 989 351 1033 sao
372 973 545 1056 optimum,
560 983 720 1058 quatenus
740 971 772 1035 ei
794 969 903 1034 omnia
925 965 1041 1053 largiri
1064 963 1119 1030 de-

93 1061 117 1129 t,
133 1072 191 1137 per
211 1070 295 1135 quae
315 1063 347 1118 et
360 1072 488 1118 omnem
510 1053 600 1119 iilam
623 1051 869 1139 perfectionem,
887 1049 981 1114 nnius
1002 1055 1120 1114 natura

51 1133 125 1199 eins
147 1154 251 1219 eapax
265 1143 325 1209 ost,
341 1144 542 1220 assequatur,
557 1146 591 1204 et
610 1135 652 1202 ud
667 1133 820 1201 ultimum
841 1133 912 1196 eius
935 1128 1045 1206 finem,
1061 1128 1120 1214 qui

50 1227 100 1280 est
121 1214 338 1281 manifestatio
359 1216 518 1283 Bonitatis
534 1218 609 1297 Dei,
632 1217 813 1304 perfectum
827 1211 975 1278 ordinem
991 1212 1117 1280 habeat.

52 1295 137 1362 illud
162 1307 272 1362 autam
293 1297 508 1365 omittendum
530 1309 688 1378 nonest,
713 1293 947 1384 perabsurdum
976 1314 1046 1359 esse
1068 1315 1119 1359 ra-

51 1380 189 1457 tionem,
214 1401 280 1464 qna
300 1380 482 1447 Loibnitius
504 1382 761 1469 propositionem
782 1377 931 1442 maiorem
951 1377 1002 1441 sui
1023 1397 1119 1461 argu-

50 1461 154 1526 menti
177 1459 335 1546 probavit,
358 1464 436 1549 qaia
457 1463 634 1543 bonum‚et
656 1462 778 1528 malum
797 1459 952 1546 privative
973 1458 1036 1523 sibi
1059 1478 1118 1544 op-

50 1553 242 1626 ponantur,
263 1563 301 1607 ao
323 1544 459 1629 proinde
488 1566 622 1633 prorsus
649 1556 809 1630 repugnat
836 1542 950 1620 ullum,
966 1539 1116 1614 bonum,

51 1624 381 1709 promontorium,
403 1647 471 1693 esse
494 1629 628 1708 malum,
651 1639 708 1694 aut
727 1625 830 1692 ullum
852 1623 998 1702 malum,
1022 1628 1118 1709 prout

50 1720 102 1775 est
125 1708 260 1786 malum,
282 1729 352 1774 esse
373 1707 510 1775 bonnm.

87 1997 97 2037 ¹
118 1992 156 2050 Ci
171 2011 193 2048 t.
214 1994 313 2048 Bonan.
335 1996 387 2047 too.
407 1995 467 2056 eit„
487 2010 515 2061 q.
536 1991 558 2044 ΙΙ
577 1995 613 2045 ad
631 2007 689 2058 erp.
