2475 3909
169 146 231 214 m
524 161 797 214 smannenooia

127 250 225 324 tium,
241 267 278 312 ac
293 245 429 334 proinde
441 248 579 334 singolis
593 247 740 334 panibus
754 247 901 334 corporis
914 247 1026 314 adesse
1040 247 1141 318 debet
1154 251 1197 314 'n

169 328 204 394 2⁰
219 331 291 395 Hoc
311 340 537 416 argumentum
554 352 597 396 ex
610 352 650 396 eo
663 330 803 422 amplius
823 329 1016 408 declaratur,
1029 332 1118 417 quod
1134 336 1199 398 siu-

127 413 223 497 gulue
238 421 346 498 partes
367 414 515 499 corporis
529 412 571 478 ab
584 415 693 480 anima
714 415 855 499 speciem
876 415 1068 488 sortiuntur,
1085 415 1200 480 huma·

126 515 250 580 naequc
264 495 479 581 appellantur,
494 497 538 561 ita
553 506 589 562 ut
602 497 709 562 anima
731 497 774 562 sit
794 505 885 562 actus
906 495 1111 580 singularum
1127 519 1200 582 par·

127 579 211 642 tium
233 579 390 662 corporis.
406 579 504 662 Atqui
527 591 629 654 actus,
645 599 702 642 seu
724 577 829 643 forma
851 590 899 643 est
922 577 956 642 in
974 599 1026 651 co,
1040 580 1140 644 cuius
1155 591 1198 644 est

129 669 232 723 actus.
255 661 343 745 Ergo
364 661 471 725 anima
493 662 528 725 in
550 659 696 747 quolibet
716 659 862 746 corporis
883 670 973 745 parte
994 671 1041 725 cst
1054 663 1079 724 ².
1097 663 1198 726 Exin-

127 741 167 805 de
183 741 282 806 etiam
298 742 493 827 intelligitur
515 742 555 808 ab
578 745 619 808 iis
635 742 845 829 philosophis,
860 742 916 826 qui
939 742 1082 806 animam
1098 745 1134 807 in
1149 765 1198 808 ca·

127 824 209 909 pite,
224 823 274 887 vel
295 823 391 890 corde
412 825 580 899 collocant,
595 825 751 910 explicari
773 846 838 889 non
859 843 963 909 posse,
986 824 1155 908 quomodo
1168 847 1200 889 a·

128 907 232 983 nima,
256 904 303 970 ibi
327 927 417 972 suam
438 905 548 973 sedem
570 908 705 984 habens,
728 906 866 1003 singulis
889 904 1034 992 partibus
1054 907 1108 971 sui
1131 927 1198 972 cor·

126 990 217 1134 poris
239 989 381 1073 speciem
402 990 632 1066 communicct;
647 1011 721 1054 nam
742 1009 849 1054 anima
872 988 1073 1085 principium
1094 993 1198 1074 speci·

151 1091 225 1135 cum
240 1072 381 1154 partium
395 1072 540 1159 corporis
554 1093 623 1138 esse
639 1093 702 1136 nou
718 1082 835 1159 posset,
848 1071 911 1134 uisi
928 1070 1007 1154 ipsis
1022 1071 1067 1135 ita
1083 1073 1199 1137 intrin-

127 1173 202 1248 sece
226 1173 378 1238 praesens
398 1153 451 1230 sit,
474 1166 510 1222 ut
531 1175 630 1219 unam
651 1174 726 1219 cum
749 1152 814 1220 illis
836 1151 1030 1238 completam
1050 1153 1198 1220 substan

126 1247 207 1300 tiam
229 1237 413 1302 constituat.

167 1313 202 1383 3ο
223 1317 326 1384 Nobis
346 1341 410 1384 non
431 1319 506 1383 licct
527 1315 699 1440 spiritibus
721 1318 827 1382 locum
850 1313 1046 1402 praefinire,
1070 1317 1135 1382 nisi
1159 1318 1197 1382 ab

126 1397 261 1466 illorum
282 1398 528 1487 operationibus
557 1448 565 1464 .
588 1399 690 1486 Atqui
711 1399 819 1464 noima
841 1397 1042 1483 operatorio
1057 1401 1200 1485 siugulis

128 1484 277 1567 corporis
304 1484 464 1569 partibus,
480 1494 512 1550 et
533 1481 665 1569 quidem
694 1478 893 1546 immediate.
917 1481 1004 1574 Ergo
1031 1482 1144 1546 anima
1166 1484 1197 1547 in

127 1563 266 1651 singulis
280 1568 425 1652 corporis
439 1565 585 1651 partibus
605 1585 676 1630 esse
697 1560 834 1626 dicenda
853 1573 912 1628 est.
929 1562 1042 1627 Minor
1062 1565 1199 1648 petiliani

126 1658 233 1733 potest
254 1668 356 1713 exeo
377 1647 463 1746 quod
486 1649 519 1712 in
540 1643 776 1712 consationibus
797 1645 915 1711 evenit.
932 1645 974 1709 Et
994 1663 1084 1721 sane,
1101 1669 1199 1712 unus·

126 1732 266 1816 quisque
287 1743 456 1817 experitur
479 1730 676 1794 scnsationes
698 1727 731 1789 iu
753 1726 811 1790 illo
833 1737 952 1812 puncto
972 1747 1030 1790 cor
1075 1730 1124 1794 ris
1147 1729 1199 1795 lie

124 1813 179 1889 ri,
208 1813 263 1878 cui
290 1833 402 1878 revera
428 1809 579 1878 accidunt
603 1807 644 1874 ab
666 1807 800 1874 obiectis
828 1809 1011 1874 sensilibus.
1066 1859 1076 1874 .
1102 1815 1196 1897 g.‚si

125 1895 353 1992 puismanum
372 1897 442 1980 igni
465 1893 650 1966 admoveat,
673 1888 819 1975 proiecto
841 1891 958 1957 caloris
983 1896 1198 1958 sensationem

124 1998 162 2042 1n
185 1999 282 2043 mauu
304 1979 414 2054 sentit,
435 1979 517 2062 quio
538 1983 640 2040 totum
661 1972 841 2049 brachium,
864 1972 915 2040 vel
936 1971 1124 2051 cerebrum,
1147 1975 1194 2041 vel

98 2078 101 2083 ’
127 2058 191 2125 alia
212 2061 357 2145 corporis
377 2080 452 2144 pars
472 2060 516 2124 sit
535 2055 649 2122 adusta
663 2059 687 2118 ⁶.
709 2056 809 2139 Atqui
831 2057 892 2122 hoc
912 2065 996 2121 esset
1018 2053 1155 2134 salsam,
1169 2059 1195 2122 si

125 2143 330 2228 concipiatur
351 2144 460 2207 anima
480 2141 538 2205 uni
559 2138 646 2224 parti
661 2157 821 2224 praeesse,
834 2137 875 2204 ab
895 2139 1016 2226 illaque
1040 2148 1150 2204 motus
1163 2141 1192 2204 in

124 2245 260 2312 corpore
281 2225 378 2290 ciere.
401 2225 489 2308 Ergo
509 2222 619 2286 anima
646 2214 832 2286 immediate
859 2221 893 2286 in
920 2220 1059 2306 singulis
1081 2241 1194 2308 corpo·

124 2310 172 2374 ris
196 2308 342 2394 partibus
364 2315 530 2392 operatur,
554 2323 592 2367 ac
615 2299 753 2388 proinde
774 2302 808 2366 iu
831 2301 874 2367 iis
895 2302 1033 2388 singulis
1054 2314 1105 2370 cst
1118 2306 1142 2365 ⁸.

164 2556 172 2588 ¹
195 2557 283 2606 contr.
304 2552 392 2609 Gsut„
413 2552 466 2602 loc.
486 2551 535 2600 cit.
550 2547 611 2588 -²
630 2546 651 2608 1,
671 2564 698 2614 q.
719 2545 836 2612 lxxvi,
856 2566 883 2603 a.
904 2553 921 2604 8
940 2567 967 2604 c.

163 2627 175 2662 '·'
198 2645 208 2669 ι
232 2623 433 2687 incorporalia,
460 2623 546 2686 lnquit
565 2615 710 2684 lngellcus
735 2621 852 2682 licetur,
873 2639 925 2675 oon
944 2629 1005 2676 sont
1024 2626 1052 2677 ln
1071 2626 1135 2679 ioco
1154 2641 1196 2691 per

127 2703 282 2750 contactum
301 2697 459 2761 quantitatis
476 2696 650 2754 dimensione,
673 2697 743 2747 sicut
762 2709 891 2760 corpora,
911 2698 956 2748 ced
976 2711 1023 2761 per
1042 2706 1198 2752 contactum

126 2771 232 2822 virtutis
254 2789 278 2830 η
301 2766 323 2828 l,
342 2783 370 2833 q.
391 2764 508 2825 vlits.
529 2767 544 2817 2
565 2766 598 2817 ad
619 2766 645 2818 1.

162 2842 174 2880 ⁴
193 2839 228 2894 Cl
243 2857 265 2893 s.
286 2839 367 2906 Aug..
387 2843 470 2904 Epist.
491 2835 610 2898 clxvi,
631 2853 658 2890 o.
677 2838 712 2898 fl.
733 2854 760 2890 n.
780 2839 809 2890 1.
832 2859 843 2886 ι
866 2835 934 2892 Com
953 2843 1070 2906 tangitur
1089 2844 1199 2909 digitus.

126 2919 164 2968 ait
183 2916 265 2966 etiam
287 2911 387 2982 (Gonu,
401 2917 484 2979 Epist.
499 2914 642 2972 tondum„
661 2926 687 2963 c.
704 2911 748 2972 tu,
768 2925 796 2962 u.
816 2909 875 2982 20),
894 2928 948 2965 nou
966 2928 1012 2979 per
1031 2921 1121 2968 totum
1140 2931 1199 2968 cor-

146 3004 177 3042 os
197 2989 276 3038 sentit
298 3005 323 3036 ι.

125 3006 144 3057 p
162 3065 175 3101 ³
195 3082 206 3109 ι
223 3056 288 3110 'lota
306 3059 397 3122 igitur,
416 3057 454 3107 ita
472 3055 524 3108 lioc
542 3062 728 3121 argumentum
747 3070 762 3107 a
782 3071 804 3108 s.
813 3053 961 3122 Augustino
973 3059 1125 3122 coniicitur,
1147 3065 1200 3114 sin·

125 3137 196 3202 gulis
215 3131 336 3198 partibus
355 3132 435 3182 simui
453 3129 547 3190 adest,
572 3142 643 3194 quae
662 3132 718 3180 tota
735 3130 817 3180 simul
834 3132 915 3182 scutit
934 3132 960 3182 iu
980 3133 1092 3198 cingulis
1114 3153 1139 3196 ις
1162 3138 1201 3188 m

125 3214 244 3262 immori.
264 3208 361 3264 onim„
381 3218 408 3253 c.
429 3202 463 3252 iti
475 3237 483 3263 ‚
503 3215 532 3252 n.
551 3201 598 3253 25.
627 3198 731 3253 Scimus
754 3202 938 3263 annonarios,
964 3207 1009 3268 qui
1033 3209 1153 3258 animam
1174 3211 1200 3259 in

125 3281 237 3331 cerebro
259 3290 329 3337 esso,
349 3278 377 3326 lo
394 3288 479 3339 eoque
498 3276 661 3325 cenationes
674 3274 730 3325 fleri
743 3275 902 3334 docuerunt,
922 3276 948 3326 id
966 3290 1000 3328 cx
1017 3292 1050 3330 ec
1068 3280 1201 3343 explicas-

127 3364 169 3410 se,
189 3350 262 3415 quod
280 3362 424 3401 nervorum
442 3346 534 3406 fibrae,
553 3345 716 3397 chordarum
736 3347 830 3406 instar,
848 3353 948 3410 tenone,
963 3364 1025 3401 cum
1038 3353 1066 3402 tn
1079 3358 1200 3403 extrema

125 3428 204 3485 parte
223 3423 424 3480 concutiuntur,
444 3424 548 3469 motum
561 3418 640 3469 alteri
653 3420 722 3482 parti
735 3420 845 3472 corebus
858 3433 991 3485 appensae
1004 3431 1114 3488 repente
1126 3439 1200 3476 eom·

127 3494 278 3542 manicant.
298 3490 333 3542 lt
351 3505 432 3555 quam
451 3489 518 3540 tsiss
537 3490 605 3540 haec
625 3491 688 3550 siut,
704 3493 757 3542 ism
770 3506 792 3542 s.
806 3490 970 3557 Augustinus
981 3498 1097 3547 monuit.
1115 3517 1127 3544 ι
1142 3494 1199 3548 Nou

128 3563 323 3626 enims—inquit,
340 3563 431 3612 nonoo
450 3562 541 3625 aliquo
554 3562 681 3612 credibile
699 3569 739 3614 est
757 3562 814 3615 flori
834 3579 887 3616 nou
906 3568 1036 3620 sentiente
1048 3571 1120 3634 qood
1133 3583 1200 3621 nnn·

129 3633 190 3699 τίει)
210 3634 274 3693 quta
293 3634 390 3698 passio,
410 3645 479 3712 qous
498 3633 540 3700 ut,
559 3647 612 3712 nop
630 3647 678 3700 per
696 3637 925 3720 coniunctionem
938 3639 1017 3720 motin
1028 3643 1128 3710 currit,
1139 3679 1146 3694 .
1159 3681 1165 3693 .
1176 3679 1197 3693 ..
