2475 3909
386 181 572 230 rusonoarr
596 181 787 230 narvnnnrs
1033 161 1095 228 365

50 289 124 332 eos.
144 315 150 328 .
170 314 177 329 .
197 315 205 342 ,
222 266 311 334 Eius.
326 269 411 330 actio
434 289 497 332 nou
520 268 582 330 nisi
605 264 645 328 ad
669 285 725 329 cns
741 264 909 330 terminari
926 273 1030 349 potest
1046 266 1138 349 prin-

51 348 218 432 cipaliter,
239 358 271 412 et
293 346 333 412 ad
356 369 420 412 non
443 369 500 413 ens
521 358 765 431 consequenter.
784 349 824 412 Et
848 347 921 410 ideo
946 367 1007 409 non
1031 356 1136 432 potest

51 430 165 494 facere
193 427 279 514 quod
302 429 498 502 affirmatio,
529 441 561 494 ct
587 432 719 513 negatio
745 432 806 493 sint
832 428 926 492 simul
952 449 1052 504 vera,
1077 449 1135 491 nec

53 509 189 595 atiquod
213 532 338 585 eorum,
364 512 396 575 in
419 512 540 596 quibus
562 511 622 575 hoc
647 510 844 595 impossibile
862 510 1051 575 includitur.
1067 511 1134 576 Nec

53 595 119 658 hoc
144 591 266 658 dicitur
293 613 356 655 non
384 615 476 679 posse
504 592 612 657 facere
640 605 773 678 propter
795 591 957 657 desectum
980 613 1055 656 suae
1079 611 1136 678 po-

54 674 200 748 tentiae,
223 671 278 738 sed
302 688 434 758 propter
456 674 619 740 deiectum
638 675 830 819 qiossibiiis,
854 672 941 771 quod
966 693 983 736 a
1008 674 1134 738 ratione

83 754 227 819 ossibiiis
242 754 369 831 deficit3
388 757 619 843 propterquod
661 759 759 822 icitur
781 778 797 819 a
820 754 1030 842 qmbusdam,
1048 757 1135 839 quod

90 858 147 901 eus
173 848 273 922 potest
296 836 414 912 iacere,
439 839 493 902 sed
517 861 578 902 nou
603 849 706 924 potest
727 838 797 902 fieri
813 839 861 900 ¹».

102 920 171 984 156.
189 919 257 982 Hac
279 920 312 981 iu
336 941 371 982 re
386 923 533 1004 quaestio
548 920 603 984 iila
628 921 661 984 in
684 920 827 984 medium
844 917 990 992 affertur,
1007 927 1130 996 utrurn,

55 1022 161 1066 necne
184 1000 224 1063 ab
247 1003 316 1145 iqsa
338 1001 487 1067 Potentia
507 1001 567 1066 Dei
590 1004 718 1066 interna
740 1023 851 1066 rerum
872 999 1072 1084 possibilitas
1093 1004 1137 1066 sit

54 1081 248 1169 repetenda.
280 1103 332 1144 am
353 1085 482 1148 veritati
498 1094 748 1148 consentaneum
769 1093 818 1148 est
841 1084 1001 1148 internam
1024 1102 1134 1147 rerum

54 1164 311 1252 possibilitatem
333 1182 397 1228 non
418 1186 460 1229 ex
481 1165 601 1229 Divina
623 1165 782 1238 Potentia,
804 1161 859 1230 sed
882 1185 921 1228 ex
946 1184 1008 1228 non
1038 1184 1135 1250 repu-

84 1247 192 1311 nantia
215 1246 428 1311 terminorum
444 1245 625 1311 ducendam
638 1268 718 1311 esse.
735 1246 796 1311 Ubi
818 1245 1017 1342 quaestionis
1033 1256 1135 1311 status

56 1268 143 1394 geue
164 1337 213 1392 est
233 1325 444 1392 definiendus.
469 1328 551 1394 Curn
574 1328 728 1407 dicimus,
750 1327 997 1413 possibilitatem
1024 1349 1136 1392 rerum

57 1433 80 1474 a
95 1409 212 1476 Divina
227 1407 470 1493 Omnipotentia
493 1431 558 1474 non
579 1411 699 1494 repeti,
715 1409 963 1497 dependentiam
978 1410 1134 1475 essentiae

56 1513 173 1556 rerum
196 1511 213 1552 a
235 1490 315 1564 Deo,
331 1491 388 1572 qui
411 1501 459 1557 est
481 1494 626 1576 primurn
649 1511 717 1569 ens,
732 1490 817 1557 haud
841 1489 1064 1567 excindimus3
1081 1489 1136 1554 sed

58 1595 105 1638 ex
133 1571 227 1636 modo
256 1579 363 1635 nostro
390 1574 596 1659 concipiendi
619 1575 897 1660 Omnipotcntiam
923 1571 964 1637 ab
987 1571 1135 1639 Esseniia

57 1655 181 1720 Divina
203 1653 452 1799 distinguimux
476 1669 572 1741 atque
599 1666 768 1721 creaturas
795 1675 863 1720 osse
892 1653 1064 1740 possibiles
1086 1654 1136 1718 di-

58 1738 177 1812 cimus,
201 1756 265 1799 non
287 1737 296 1799 i
323 1757 362 1800 eo
385 1739 540 1821 praecise,
562 1739 640 1822 quia
662 1737 749 1804 Deus
772 1747 821 1804 est
842 1737 1060 1823 omnipotens,
1077 1735 1134 1801 sed
1194 1784 1201 1793 .

58 1821 153 1906 quia,
169 1839 242 1882 cum
257 1817 379 1899 nullam
392 1822 645 1904 repugnantiam
663 1822 695 1884 in
718 1821 785 1886 suis
808 1819 892 1883 notis
912 1817 1135 1884 essentialibus

59 1899 241 1974 inciudant,
264 1901 348 1965 entis
368 1901 528 1964 rationem
551 1900 785 1987 praeseferunt,
808 1911 904 1985 atque
929 1901 1002 1966 ideo
1024 1901 1122 1966 hirius

59 1982 153 2048 modi
169 1993 253 2057 sunt,
270 1991 307 2045 ut
328 2001 345 2044 a
370 1980 450 2060 Deo,
467 1984 572 2066 primo
593 1995 625 2048 et
646 1983 772 2050 infinito
790 1986 885 2058 Ente,
900 1983 982 2047 effici
1004 1993 1134 2067 queant.

60 2065 113 2130 lie
136 2085 212 2129 sane
238 2082 324 2138 vera,
349 2075 384 2127 ut
410 2073 656 2149 argumentatur
678 2087 703 2130 s.
727 2065 901 2138 Thomas¹‚
926 2065 952 2128 si
981 2085 1032 2128 res
1059 2063 1134 2129 ideo

60 2145 235 2234 possibiles
253 2145 516 2228 conciperentur,
533 2149 611 2230 quia
633 2147 721 2212 Deus
742 2170 797 2213 eas
819 2147 944 2211 efficere
968 2155 1083 2231 potest,
1101 2147 1134 2211 in

60 2229 223 2295 circulum
244 2227 400 2293 vitiosum
423 2228 664 2306 incideremus;
688 2229 774 2294 idem
802 2229 889 2293 enim
916 2238 1021 2304 esset,
1045 2248 1082 2292 ac
1108 2231 1136 2293 si

61 2311 210 2386 diceres,
234 2330 285 2372 res
307 2320 384 2374 sunt
405 2310 598 2395 possibiles,
622 2311 700 2396 quia
723 2313 810 2376 Deus
839 2307 909 2374 itias
931 2309 1055 2374 efficere
1073 2331 1136 2454 qo-

64 2404 139 2471 tesi,
161 2403 192 2460 et
215 2391 301 2455 Deus
315 2391 387 2456 ilias
409 2393 535 2457 efficere
552 2403 667 2476 potest,
685 2395 764 2479 quia
786 2402 862 2458 sunt
877 2389 1055 2473 possibiles.
1104 2390 1138 2455 d-

61 2477 156 2552 naec,
171 2476 198 2540 si
218 2474 305 2538 entia
326 2476 462 2558 quaevis
485 2474 608 2538 idcirco
631 2487 736 2542 essent
759 2473 941 2560 possibilia,
956 2473 1033 2557 quia
1047 2471 1136 2536 Deus

63 2558 125 2623 iiia
145 2555 323 2643 producere
346 2565 464 2640 potest,
479 2554 653 2620 dicendum
677 2556 762 2622 soret
787 2557 861 2621 ideo
883 2557 987 2621 solum
1010 2552 1136 2638 aliquid

61 2661 136 2704 esse
157 2635 375 2722 impossibiie,
392 2638 470 2722 qnia
488 2638 577 2702 Deus
596 2637 677 2702 iilud
699 2642 825 2705 efficere
848 2659 911 2701 non
935 2645 1057 2721 posset3
1074 2635 1135 2698 inr-

62 2720 226 2787 beciiiitas
247 2739 325 2803 ergo
345 2737 460 2783 causae
474 2729 556 2784 esset
576 2721 672 2784 unica
695 2722 776 2787 ratio
793 2716 1066 2804 impossibilitatis
1086 2737 1136 2781 ro-

63 2821 158 2881 rnm3
174 2799 259 2888 qood
283 2798 431 2886 profecto
453 2800 597 2865 infinitae
612 2800 673 2868 Dei
696 2804 862 2869 Potentiae
885 2800 1050 2864 notionem
1066 2819 1136 2884 pes-

105 3006 117 3046 ¹
137 3011 186 3074 ος.
207 3011 305 3071 dispo,
327 3007 390 3056 ibid.
411 3021 437 3056 a.
459 3005 475 3055 3
495 3018 520 3054 c.
543 3001 642 3054 Eadem
663 3003 765 3052 rationo
786 3003 902 3066 ioquitur
921 3017 944 3053 s.
963 2999 1135 3066 Augustinus:

68 3104 80 3127 ι
105 3078 227 3145 Quisquis
246 3081 321 3137 dicii,
342 3077 368 3129 Si
388 3080 556 3139 omnipoens
574 3081 614 3125 est
634 3073 714 3133 Deus,
736 3074 818 3124 iaciat
837 3080 866 3124 ut
885 3088 954 3138 quse
973 3074 1044 3126 tacta
1063 3080 1135 3131 suni,

65 3156 140 3206 tacis
161 3152 340 3209 sortiamini,
360 3166 410 3201 non
430 3151 499 3201 ridet
520 3149 570 3198 hoc
590 3163 618 3198 se
638 3148 734 3196 dicore:
756 3145 781 3197 Si
801 3148 967 3210 omnipotens
985 3151 1036 3207 est,
1056 3146 1138 3197 iaciat

67 3233 98 3277 ut
118 3239 161 3283 ea,
181 3238 250 3287 quae
264 3239 324 3275 rora
339 3230 410 3282 sunt,
424 3237 457 3272 eo
471 3225 527 3286 ipso
541 3235 593 3284 quo
606 3233 669 3271 rara
683 3225 754 3277 sunt,
769 3219 834 3269 taisa
848 3221 900 3268 sint
917 3238 941 3277 η
958 3221 1035 3270 contr
1047 3221 1135 3270 Faust.

66 3301 157 3354 Man„
178 3297 225 3346 tiu.
246 3297 300 3355 26,
321 3311 347 3346 e.
369 3298 395 3346 5.
417 3293 451 3346 Ει
470 3295 552 3344 aiibi:
576 3313 586 3338 ι
609 3290 662 3342 it'eo
684 3298 800 3354 potestas
819 3288 884 3341 iiius
903 3293 1049 3349 minuitur,
1073 3305 1137 3340 oum

66 3371 168 3420 dieitur
185 3371 265 3426 mori,
281 3369 390 3432 tatiiqoe
409 3382 460 3417 non
481 3379 567 3429 nosse.
588 3363 631 3416 Sic
650 3367 721 3414 enirn
741 3365 791 3413 irae
811 3377 863 3414 non
882 3367 979 3426 potest,
995 3369 1023 3413 ut
1037 3365 1136 3425 potius,

67 3446 90 3493 si
113 3446 211 3504 posset,
233 3442 341 3490 minoris
360 3447 429 3490 essm
449 3444 541 3502 utique
561 3439 743 3501 potestatis...
760 3435 862 3486 Dicitur
880 3438 951 3485 enirn
971 3438 1137 3499 omnipotens

67 3515 193 3566 faciendo
211 3513 281 3576 quoii
300 3513 368 3571 vuit,
390 3527 441 3562 non
461 3512 583 3575 patiendo
601 3511 672 3573 quod
694 3524 744 3559 non
763 3512 831 3559 ruit:
851 3510 921 3572 quod
940 3504 972 3558 Ei
991 3508 1012 3557 si
1032 3509 1136 3558 accide-

68 3594 123 3644 rit,
144 3600 310 3648 nequaquam
330 3590 399 3635 esset
416 3587 583 3647 omnipotens
605 3602 629 3640 »ς
654 3585 690 3632 ite
713 3585 764 3633 Ciu.
786 3583 841 3638 Dei,
863 3582 909 3630 uo.
932 3578 964 3638 V,
986 3595 1011 3630 o.
1035 3581 1078 3630 tu.

108 3657 121 3694 ²
141 3656 162 3718 i,
182 3673 210 3722 q.
230 3662 288 3718 cii„
310 3672 336 3708 a.
358 3659 374 3708 3
393 3673 419 3708 e.
1025 3671 1028 3680 ·
