2475 3909
174 187 236 249 372
465 201 651 250 rarecocva
677 201 866 250 servastis

176 289 244 354 166.
267 290 363 374 Prop.
380 287 545 352 Creaturne
559 309 664 352 omnes
680 288 797 353 Dician
811 288 1042 353 conservatione
1057 289 1199 370 indigna.

135 383 170 434 ut
191 393 250 435 esse
268 382 412 457 perqoat.

184 454 350 518 Probatur.
375 450 408 516 1⁰
430 453 463 519 Si
493 472 591 538 ponas
612 473 669 517 ens
701 452 879 538 quodpiam
902 473 920 516 a
944 450 1013 516 Deo
1043 473 1110 516 non
1133 473 1201 516 con·

135 539 271 613 servari,
284 537 343 600 hoc
360 535 430 622 ipso
446 536 540 620 ponis
561 556 624 599 non
646 537 755 600 omnia
777 537 910 598 omnino
928 533 1072 619 pendere
1088 555 1107 598 a
1125 535 1199 598 [len

136 620 235 703 Atqui
260 617 293 682 id
314 639 388 681 cum
408 617 470 681 Dei
535 617 693 683 clectione
715 629 827 700 aperte
851 627 983 702 pugnat.
1001 618 1107 702 Ergo.
1123 616 1159 680 2⁰
1173 617 1200 682 Si

136 703 202 764 iam
226 699 266 764 ad
290 700 361 787 ipsa
383 701 471 764 entia
492 637 580 765 dita
603 709 743 763 mentem
765 711 949 774 convertas,
967 700 1056 764 ultro
1079 700 1141 764 hoc
1163 701 1203 760 vi·
1231 751 1232 784 3

136 780 240 847 dehis.
264 784 337 868 lpsa
359 783 447 846 enim
469 793 545 847 sunt
565 782 810 868 contingentia:
834 779 919 866 quod
943 793 1054 846 antem
1084 783 1204 845 contin·
1231 789 1232 834 l

138 885 216 948 gens
237 875 310 940 est,
333 864 517 931 huiusmodi
538 874 588 930 est
615 885 673 949 pro
696 883 902 950 quocumque
932 875 1102 928 momento
1132 877 1205 928 tem·
1231 863 1232 920 l

138 947 240 1029 poris.
263 948 363 1043 Ergo,
385 943 656 1030 quemadmodum
678 959 864 1022 creaturae,
885 956 996 1030 utpote
1017 947 1205 1031 contingen·

137 1039 197 1102 teS,
213 1051 276 1093 non
298 1051 330 1092 vt
353 1038 488 1094 naturae
509 1051 587 1095 suae
606 1031 744 1095 existere
765 1039 957 1115 coeperunt,
980 1039 1038 1092 aut
1063 1029 1206 1114 incipere
1231 1051 1232 1092 1

138 1121 340 1195 potuerunt,
363 1108 419 1174 sed
446 1113 478 1176 vi
508 1113 646 1177 actionis
672 1111 827 1188 Divinae3
852 1113 898 1176 ita
926 1130 984 1173 nec
1011 1111 1046 1173 vi
1075 1121 1205 1174 naturae

139 1213 216 1256 suae
239 1203 438 1277 permanent,
453 1205 509 1259 aut
530 1215 720 1278 permanere
743 1202 877 1278 possunt
898 1193 930 1256 in
951 1191 1204 1268 existentiaet

140 1278 170 1339 vi
197 1276 205 1338 i
231 1278 299 1341 sius
321 1275 460 1340 Divinae
485 1277 633 1342 actionis.

181 1357 199 1420 1
243 1363 310 1424 ‚ht
330 1378 526 1443 quamquam
548 1357 729 1444 philosophi
754 1359 785 1422 in
807 1358 866 1422 hoo
888 1356 1102 1432 conveniant,
1126 1355 1205 1442 quad
1231 1387 1232 1390 ¹

141 1460 259 1526 nempe
282 1449 448 1504 creaturae
465 1439 581 1505 Divina
603 1461 665 1527 ope
687 1452 870 1514 servantur,
886 1437 1083 1502 dissentiunt
1106 1449 1205 1502 tamen

140 1524 173 1583 in
197 1520 388 1606 explicanda
410 1523 547 1598 ratione,
568 1544 629 1619 qua
653 1521 814 1587 eiusmodi
838 1523 1040 1586 conservatio
1065 1520 1232 1605 perfinia

140 1614 204 1666 tur.
222 1603 287 1669 Alii
303 1605 392 1669 enim
406 1617 679 1669 conservatvonem
702 1605 862 1678 directam,
882 1614 912 1667 et
929 1603 1126 1686 positicom3
1143 1603 1207 1669 alii.

142 1687 228 1749 inter
248 1707 329 1771 quos
350 1685 538 1752 Creusatius
553 1686 583 1762 ¹,
607 1687 744 1776 Bapleus
758 1689 784 1762 ²,
807 1700 839 1752 et
860 1683 1057 1770 Galluppius
1073 1687 1106 1756 ⁸,
1130 1687 1209 1750 indi·
1231 1711 1232 1732 ³

138 1777 254 1831 rectam
270 1777 407 1842 tantum,
429 1779 463 1832 et
482 1772 657 1852 cepaticum
680 1791 784 1855 propa
810 1778 897 1832 crant.
920 1767 1142 1832 Conservalio
1170 1769 1209 1832 di-

140 1861 233 1925 rectn‚
248 1860 281 1915 et
299 1851 438 1935 position
460 1851 505 1916 ita
526 1853 724 1937 explicatur,
739 1861 773 1917 ut
825 1870 882 1915 eus
904 1852 972 1935 iugi
994 1849 1144 1934 quodam
1169 1853 1208 1913 in·
1231 1893 1232 1900 .

141 1930 234 1996 duan
257 1955 307 1998 res
328 1930 472 1997 conditas
492 1932 526 1997 in
548 1935 720 1999 existentia
747 1935 896 1999 retineat.
919 1932 1138 1998 Conservatio
1159 1953 1209 1996 an
1231 1977 1232 2012 3

142 2027 206 2080 tem
228 2016 392 2092 indirecto,
408 2026 440 2080 et
461 2017 601 2099 sagetica
616 2018 648 2078 in
665 2038 703 2081 eo
719 2027 842 2082 tantum
864 2015 1021 2086 consistit,
1042 2015 1135 2098 quod
1152 2037 1209 2082 res.

144 2108 312 2182 postquam
335 2118 351 2160 e
373 2097 475 2160 nihilo
504 2097 653 2163 conditae
681 2109 780 2174 suat,
804 2097 937 2182 propria
968 2099 1092 2161 virtute
1123 2118 1209 2160 suam

141 2181 331 2244 continuant
345 2181 563 2256 existentiam,
584 2190 679 2265 atque
694 2201 710 2242 a
728 2180 795 2243 Deo
818 2189 949 2242 catienus
965 2177 1124 2266 pendent,
1140 2201 1209 2264 qua

144 2271 236 2324 tenus
258 2261 329 2347 lpse
350 2282 405 2324 eas
431 2281 493 2324 non
520 2261 670 2329 destruit.
694 2262 925 2408 Quapropter,
951 2262 1057 2346 posita
1081 2281 1207 2326 conser-

145 2345 270 2408 vatione
293 2343 428 2418 directa,
451 2365 502 2407 res
525 2344 558 2408 in
582 2345 721 2409 nihilum
743 2367 760 2408 a
788 2346 885 2422 irent,
909 2346 1015 2408 statim
1039 2365 1079 2407 ac
1101 2343 1146 2407 ah
1168 2345 1209 2406 cis

142 2424 286 2489 inllnxus
309 2423 445 2489 Divinae
469 2426 607 2491 actionis
629 2440 778 2492 cessaret.
795 2427 822 2492 Ε
837 2426 1015 2502 contrario,
1031 2427 1059 2490 si
1086 2437 1208 2490 tantum

144 2507 300 2573 indirecta
322 2509 522 2573 conservatio
545 2509 675 2594 agnosci
699 2511 787 2586 velit,
810 2507 848 2572 nd
872 2529 982 2573 rerum
1005 2507 1211 2572 annihilatio

144 2610 217 2652 nem
240 2589 397 2673 positivus
419 2602 510 2655 actus
531 2588 667 2656 Divinae
689 2591 872 2656 Voluntatis
894 2589 1091 2674 requiritur.

186 2671 256 2738 168.
273 2673 370 2757 Prop.
388 2672 582 2737 admittendo
597 2682 641 2736 est
662 2674 851 2739 conservatio
871 2673 1005 2748 directo,
1020 2681 1047 2734 et
1059 2673 1209 2756 positiro.

186 2753 355 2817 Probatur.
372 2750 405 2817 1⁰
420 2759 632 2839 Argumenta,
648 2776 730 2852 quae
746 2767 919 2831 creaturas,
935 2764 971 2818 ut
983 2757 1130 2820 existere
1147 2773 1212 2839 per

145 2848 232 2919 gant,
250 2836 634 2902 Divina'conservatione
658 2837 802 2924 indigere
824 2836 1063 2913 demonstrant,
1087 2849 1232 2916 conset-J

143 2919 285 2983 vatiouis
306 2916 472 2995 directae,
499 2929 532 2983 et
559 2921 715 3003 positivae
741 2918 953 3018 indigentiam
981 2919 1080 2984 simul
1110 2927 1232 2983 ostsa³

145 2997 238 3065 dunt.
255 3001 341 3085 Ergo
355 3000 553 3088 Philosophi,
567 3002 626 3085 qui
645 3015 922 3068 conservationem
946 2998 1144 3066 indirectam
1166 2997 1212 3062 ad
1231 3001 1232 3066 ἶ

146 3085 291 3159 mittunt,
313 3081 374 3146 sihi
397 3105 460 3148 non
482 3085 700 3159 consentiunt,
721 3085 787 3150 sive
809 3087 913 3171 ipsam
935 3084 1211 3148 conservationem
1231 3085 1232 3164 f

146 3164 254 3229 verhis
277 3166 438 3241 retinent,
461 3188 497 3233 re
519 3187 559 3230 ne
583 3176 648 3230 ant.
672 3167 714 3230 Et
740 3187 815 3231 sane
837 3177 1027 3238 creaturae,
1050 3185 1131 3230 cum
1154 3167 1232 3228 uoal

147 3247 287 3340 existant
306 3269 325 3310 a
345 3249 471 3333 seipsis,
494 3185 633 3333 pendeat
655 3270 673 3312 a
695 3247 765 3314 Deo
791 3270 853 3313 non
877 3249 971 3310 modo
993 3257 1031 3312 ut
1052 3246 1147 3326 liant,
1163 3243 1209 3310 sed

148 3338 247 3390 etiam
268 3337 305 3394 ut
326 3340 534 3412 permancant
555 3330 803 3408 inexistentia,
831 3351 887 3395 seu
908 3349 972 3394 non
994 3330 1105 3396 solum
1128 3351 1210 3396 acce-

185 3518 196 3555 ¹
215 3525 334 3572 &omen
351 3525 387 3572 da
405 3523 549 3587 Pyrrhae..
569 3529 636 3572 sect.
658 3521 707 3574 hl.

183 3587 196 3622 ²
216 3592 326 3640 fflcttom
347 3593 406 3643 tat.
426 3600 451 3643 st
468 3597 540 3650 erit„
560 3596 581 3642 t.
604 3593 652 3654 ΙΙΙ,
672 3601 723 3648 art.
743 3601 877 3663 malton.

186 3659 291 3708 ‘tera
312 3670 378 3720 eta,
399 3665 451 3712 lez.
471 3661 566 3716 xciv.
