2475 3909
492 206 691 255 cosuoxocm
1028 187 1087 254 119

63 299 163 376 prout
184 293 332 360 ordinem
355 294 396 359 ad
419 294 524 380 ipsum
546 313 663 380 corpus
684 289 790 368 habet,
820 290 969 377 impedit,
991 293 1072 377 quin
1094 313 1130 356 u-

62 395 143 438 uum
166 395 285 462 corpus
305 377 525 442 extensionem
557 397 649 442 suam
678 396 753 440 cum
774 374 962 438 extensione
995 374 1129 442 citerius

61 459 212 542 corporis
233 461 452 524 commisceat.
476 460 578 524 Immo
602 480 645 523 ex
667 455 974 542 impenetrabilitate
1002 457 1062 520 hoo
1084 459 1130 524 ai·

63 548 135 603 tero
158 539 254 604 modo
276 549 419 626 spectata
444 539 737 624 impenetrabilites
760 539 794 603 in
820 536 934 603 ordine
957 536 994 601 ad
1020 539 1129 604 iocum

61 623 206 707 exurgit.
223 623 351 688 Etenim
375 644 413 688 eo
429 623 511 708 ipso,
526 623 611 708 quod
634 643 728 686 omne
751 641 867 704 corpus
882 618 1032 718 impedit,
1046 623 1127 705 quin

60 706 208 768 extensio
231 704 364 770 alterius
386 727 459 770 cum
482 727 538 771 sua
559 705 828 779 commisceatur,
850 700 1022 787 prohibet,
1044 705 1127 788 quin

60 785 153 851 aliud
174 807 230 851 cor
254 808 292 853 us
313 787 432 864 locum,
457 789 489 852 in
511 808 576 884 quo
597 796 661 857 est,
682 795 828 870 occupet.

103 869 154 934 62.
172 809 339 935 Dedarata
362 871 493 936 notione
517 868 847 954 impenetrabilitatis,
861 887 943 951 opus
964 865 1058 931 nobis
1079 878 1129 934 cst

61 953 253 1036 inquirere,
278 955 353 1015 nuni
379 954 498 1016 virtute
521 950 640 1016 Divina
661 953 743 1016 effici
766 951 890 1038 possit,
914 960 951 1015 ut
970 947 1034 1014 duo
1056 971 1127 1015 cor·

61 1053 140 1118 pora
160 1033 308 1098 eumdem
326 1033 433 1098 iocum
448 1043 616 1117 occupent,
631 1033 691 1098 hoc
706 1045 765 1110 est,
781 1054 850 1098 sese
873 1042 1126 1117 compenetrent.

102 1117 199 1201 Prop.
223 1115 316 1180 Fieri
333 1125 430 1200 potest
452 1137 492 1179 ecc
513 1117 630 1180 virtute
651 1116 777 1200 infinita
797 1116 867 1191 net,
889 1127 924 1179 ut
941 1115 1039 1200 pluro
1059 1137 1126 1180 cor-

55 1218 137 1282 poro
159 1219 218 1262 rese
239 1207 476 1280 compenetrant,
497 1197 812 1282 condempnatorum
833 1210 988 1281 occupent.

100 1279 273 1346 Probatur.
290 1279 583 1366 impenetrabiliter
606 1281 638 1344 iu
654 1278 845 1366 corporibus
868 1280 1061 1365 producitur
1081 1301 1123 1343 cx

59 1362 208 1448 eoquod
231 1383 346 1428 eorum
370 1361 590 1427 dimensiones
611 1360 856 1445 distinguuntur
882 1362 1059 1427 secuudum
1081 1363 1124 1425 si-

60 1455 142 1522 tum,
155 1465 192 1509 ac
205 1442 339 1530 proinde
354 1443 481 1509 diversa
496 1443 566 1508 ioca
579 1445 877 1529 occupant¹.Atqui
889 1443 988 1521 Deus,
1000 1443 1124 1528 quippe

58 1529 116 1610 qui
139 1538 188 1592 est
209 1548 304 1592 causa
326 1528 430 1610 prima
451 1527 598 1591 omnium
619 1547 746 1603 rerum,
769 1534 874 1613 potest
895 1527 1027 1591 eticctus
1049 1545 1125 1588 cau·

59 1628 167 1673 sarum
189 1609 399 1673 secundarum
423 1609 456 1672 in
478 1628 618 1673 success
640 1611 710 1674 sine
731 1611 812 1695 ipsis
832 1611 939 1674 causis
954 1627 1124 1674 conserva-

59 1711 105 1754 re.
129 1691 216 1774 Ergo
238 1690 323 1755 Deus
368 1700 453 1757 otest
476 1711 666 1756 conservare
687 1694 789 1757 trinas
811 1691 1042 1767 dimensiones,
1064 1710 1124 1754 seu

59 1774 269 1855 quantitatem
286 1773 318 1837 iu
356 1773 461 1838 uobus
473 1772 679 1857 corporibus,
694 1774 820 1840 etiamsi
843 1794 906 1837 nou
921 1773 1123 1856 distinguan-

59 1865 113 1920 tur
133 1853 308 1919 secundum
331 1856 448 1930 situm,
470 1856 531 1919 hoc
552 1864 611 1932 est,
635 1855 761 1922 etiamsi
778 1875 846 1920 sese
867 1867 1121 1942 compenetrent,

56 1935 272 2020 eumdemque
302 1936 408 2001 iocum
434 1957 514 2000 occu
539 1939 632 2002 ent².

96 2018 149 2084 63.
174 2017 300 2082 Exinde
323 2019 492 2103 coiiigitur
514 1955 632 2083 danum
654 2039 723 2083 esse
746 2016 852 2095 iilud,
874 2018 961 2104 quod
984 2017 1124 2083 Lockiu's

57 2098 183 2175 obiicit,
207 2121 337 2185 nempe,
360 2100 425 2164 duo
446 2121 599 2187 corpora,
621 2101 647 2164 si
669 2121 737 2166 sese
759 2120 830 2164 com
874 2110 1063 2176 netrarent,
1087 2118 1123 2161 n-

58 2203 135 2246 uum
157 2181 306 2247 evadere.
323 2185 473 2260 Eisone,
488 2180 764 2269 quemadmodum
778 2204 805 2246 s.
848 2182 959 2248 homas
981 2180 1120 2257 monuit,

55 2264 83 2328 si
107 2263 172 2328 duo
194 2285 330 2350 corpora
354 2285 421 2330 sese
444 2276 613 2351 penetrare
637 2265 830 2331 naturaiiter
851 2275 992 2350 possent,
1008 2263 1122 2350 procui

55 2346 159 2412 dubio
181 2367 283 2411 unum
305 2367 425 2434 corpus
447 2347 625 2424 efficerent3
650 2349 725 2433 quia
748 2347 907 2434 «qnando
927 2349 1124 2412 conveniunt

56 2427 123 2496 duo
145 2449 280 2515 corpora
304 2431 336 2495 in
359 2450 479 2504 unum,
502 2429 680 2496 destruitur
702 2450 771 2495 esse
792 2429 980 2496 distinctum
1002 2430 1122 2495 utrius-

54 2533 131 2598 que,
145 2523 176 2579 et
187 2513 370 2597 acquiritur
388 2513 516 2596 utrique
532 2511 630 2577 simul
645 2533 748 2578 uuum
762 2533 831 2577 esse
847 2511 1118 2578 indistinctum⁸».

55 2599 123 2673 At,
145 2617 219 2660 cum
241 2593 306 2659 duo
327 2615 463 2680 corpora
491 2595 611 2661 uirtute
635 2594 752 2660 Divina
774 2615 844 2660 sese
865 2605 1119 2680 compenetrant,

54 2696 120 2740 non
141 2675 281 2742 evadunt
300 2698 399 2742 uuum
423 2697 567 2761 corpus,
590 2676 645 2743 sed
667 2688 834 2743 remanent
854 2675 935 2752 du03
958 2677 1036 2762 quia
1057 2677 1120 2742 etsi

53 2760 181 2825 ratione
203 2758 278 2832 ioci,
301 2779 399 2845 quern
420 2770 596 2845 occupant,
621 2762 707 2826 inter
727 2781 760 2825 se
782 2780 845 2825 nnn
866 2756 1119 2844 distinguantur,

53 2849 162 2905 tamen
184 2851 363 2926 utrumque
385 2842 502 2908 retinet
521 2862 583 2906 cese
605 2862 701 2908 suum
723 2841 913 2908 distinctum
933 2839 974 2905 ab
993 2862 1052 2907 rere
1074 2842 1120 2906 al-

87 3093 97 3128 t
120 3111 132 3136 ι
154 3087 240 3145 Nthtt.
260 3087 297 3138 ait
317 3103 339 3138 s.
360 3085 487 3150 Thomas,
508 3096 595 3155 potest
612 3091 752 3156 prohibere
771 3107 868 3157 corpus
885 3093 1011 3157 attqund,
1031 3108 1064 3143 ue
1084 3096 1119 3144 sit

52 3163 131 3215 simut
151 3164 275 3213 situatum
296 3175 358 3212 cum
377 3163 430 3213 utto
449 3177 560 3229 corporo
579 3165 605 3215 tn
624 3165 718 3214 eodem
737 3163 815 3227 ioco,
836 3165 886 3217 nisi
905 3165 976 3224 hoc,
1000 3166 1071 3230 quod
1090 3168 1118 3217 tu

51 3251 85 3360 :⁰
99 3235 369 3358 deqdddnnffidwum
394 3236 474 3286 situm
498 3256 524 3298 η
544 3240 574 3289 tn
594 3236 640 3288 tp.
660 3239 699 3288 tr
716 3239 799 3299 sent,
824 3234 890 3288 Dtrt.
911 3234 1013 3298 xttv,
1033 3251 1062 3302 q.
1083 3237 1117 3299 tt,

88 3377 159 3431 ²ita
177 3381 375 3443 argumentatus
397 3385 438 3432 est
463 3395 485 3432 r.
505 3375 639 3441 Thomas,
662 3382 778 3445 Quodttb.
799 3379 831 3443 i,
851 3395 877 3432 a.
898 3380 933 3433 22
952 3396 978 3433 c.
1000 3377 1117 3446 Corpora
1228 3376 1231 3385 “

50 3451 195 3516 aliquando
219 3455 416 3514 compenetratu
443 3453 522 3504 tutrse
542 3465 576 3505 ex
594 3466 630 3505 rr.
651 3448 757 3508 Litteris
781 3453 919 3506 discimus.
940 3449 976 3508 Gt
989 3467 1012 3507 r.
1033 3453 1116 3521 Aug„

50 3525 139 3580 fruct.
158 3519 241 3574 CXX!
260 3527 287 3574 ta
309 3526 396 3585 loon„
417 3541 445 3576 n.
466 3525 494 3576 4.

87 3596 152 3652 ’In
170 3596 214 3649 lid.
234 3599 272 3649 11⁷
291 3597 374 3655 sent,
396 3597 472 3658 ibid,
493 3599 542 3650 roi.
563 3595 579 3648 3
599 3611 625 3651 o.
