2475 3909
445 191 716 239 nnrunorouoorr
1010 176 1072 242 909

41 273 131 338 ectio
153 274 300 348 animae,
322 281 356 336 et
376 274 523 357 corporis
544 270 716 359 repetenda
738 281 870 338 estnon
892 295 934 338 ex
955 293 1006 351 eo,
1028 272 1116 358 quod

41 355 154 418 anima
175 354 305 437 corpori
329 374 399 427 esse,
422 365 455 420 ct
477 376 494 416 o
517 355 601 418 erari
624 353 784 438 largitur,
807 353 862 418 sed
885 374 1005 432 exeo,
1027 355 1117 440 quod

40 437 167 512 noima,
183 447 216 502 et
234 456 365 521 corpus,
388 434 465 498 dum
487 375 677 500 distinctum
699 433 910 514 raschehem,
934 438 1001 502 vim
1023 457 1117 502 suam

39 518 199 600 operandi
222 521 255 582 in
276 538 346 582 sese
369 517 506 580 invicem
529 526 692 592 exerceut3
709 527 909 604 quopropter
930 519 1008 582 haec
1030 520 1115 584 actio

40 619 108 661 uon
130 599 340 683 consequitur
361 599 516 662 unionem
538 598 679 674 atrimae,
695 609 727 663 et
747 599 906 684 corporis,
929 599 984 664 scd
1007 601 1116 683 potius

46 679 137 742 itiam
160 681 340 745 constituit.
357 681 456 763 Atqui
479 681 617 744 duarum
641 679 891 745 substantiarum
915 683 1006 757 unio,
1030 703 1114 766 quae

38 782 83 824 cx
105 783 145 827 eo
166 761 336 829 dumtaxat
361 763 516 846 exurgit,
542 760 627 846 quod
663 761 736 826 illue
764 764 830 827 virn
852 761 967 846 agendi
993 763 1024 827 in
1047 783 1116 828 sese

39 842 183 907 invicem
205 853 370 916 exercent,
392 855 440 908 est
461 841 679 920 occidentalis,
703 846 781 928 quin
802 844 887 910 actio
910 865 970 908 osso
984 844 1031 908 rei
1048 845 1114 908 iam

37 927 253 990 coustitutum
267 925 427 1008 sequitur,
443 923 601 1010 quidquid
615 935 724 989 autern
748 927 794 989 rei
811 925 1012 1008 adiungitur,
1030 937 1114 1009 post·
1147 987 1150 994 .

39 1024 143 1088 quum
164 1027 223 1070 esse
244 1008 316 1070 eius
340 1008 549 1070 constitutum
576 1015 650 1081 est,
674 1005 823 1073 occidens
844 1019 893 1074 est
910 1009 932 1070 ¹.
957 1009 1045 1104 Ergo
1067 1030 1115 1074 se-

36 1086 183 1152 cuudum
206 1099 380 1153 assertores
405 1086 528 1174 physici
552 1086 697 1153 influxus
719 1089 798 1153 onio
819 1088 1045 1156 substantialis
1066 1090 1114 1155 in-

40 1179 92 1232 ter
114 1170 269 1244 unimam,
290 1178 321 1234 et
342 1187 461 1252 corpus
482 1168 605 1235 adstrui
628 1191 692 1236 nou
714 1179 829 1256 potest,
845 1191 881 1236 uc
896 1171 1032 1257 proinde
1052 1172 1113 1237 huc

38 1259 180 1334 systema
226 1248 313 1315 rocul
336 1270 413 1316 vero
435 1261 494 1314 est.

80 1331 132 1396 65.
145 1271 276 1398 nodoso
289 1343 464 1397 assertores
480 1330 601 1416 physici
618 1331 764 1396 influxus
779 1333 950 1410 rationem,
963 1355 1028 1418 qun
1042 1355 1113 1399 cor·

38 1413 152 1496 pusio
167 1415 309 1477 animum
324 1415 405 1499 agit,
421 1413 556 1478 reddere
578 1412 663 1478 haud
686 1425 830 1499 possunt.
847 1415 888 1479 Et
902 1434 992 1491 sune,
1014 1415 1041 1480 si
1057 1416 1113 1480 ad-

37 1494 189 1560 mittatur
209 1516 328 1580 corpus
351 1496 480 1559 unicum
502 1493 716 1560 substantium
739 1496 930 1583 completum
953 1517 1027 1560 curn
1043 1499 1111 1562 uui-

38 1594 93 1638 ma
115 1578 335 1654 constituere,
363 1573 536 1640 dicendum
564 1585 613 1640 est
640 1595 758 1659 corpus
780 1578 813 1641 in
836 1576 978 1641 unimam
1000 1597 1110 1674 opero,

36 1677 107 1720 uon
123 1679 187 1740 qun
202 1660 326 1724 ratione
349 1669 397 1722 cst
417 1677 547 1743 corpus,
563 1655 618 1720 sed
634 1667 791 1742 quatenus
813 1657 853 1722 ab
875 1658 981 1722 anima
998 1671 1110 1738 ritum,

34 1748 71 1802 et
88 1740 245 1806 virtutem
266 1739 384 1825 agendi
407 1740 537 1824 occipit,
561 1739 607 1803 itu
628 1748 665 1803 ut
686 1760 750 1804 uon
773 1750 839 1805 tarn
860 1758 991 1886 corpus,
1013 1760 1111 1825 quam

35 1821 149 1884 anima
170 1842 230 1907 per
250 1822 423 1906 potentias,
438 1841 577 1904 quorum
593 1840 716 1905 organa
738 1831 814 1886 suut
835 1841 919 1886 mern
945 1841 980 1885 ru
994 1841 1124 1918 corpo,

36 1902 103 1977 ris,
126 1904 237 1988 agust
261 1906 288 1970 E
310 1905 496 1978 contrario,
519 1902 698 1966 secuudum
720 1914 896 1969 assertores
917 1902 1039 1990 physici
1061 1924 1111 1968 rn-

35 1981 159 2060 fluxus,
174 1988 330 2081 quoniam
349 2005 469 2071 corpus
482 2005 545 2048 uon
561 1984 729 2050 coustituit
750 2005 824 2048 cum
847 1985 956 2049 anima
979 1985 1109 2049 unicum

34 2062 249 2131 substantiam
263 2066 469 2152 completum,
487 2066 595 2150 ipsum
612 2065 645 2129 iu
661 2066 803 2129 unimam
818 2085 916 2150 agere
931 2064 1109 2131 dicendum

33 2157 99 2224 est,
115 2159 212 2233 prout
234 2169 353 2234 corpus
374 2156 432 2214 cst.
449 2146 549 2231 Atqui
564 2166 695 2230 corpus,
711 2158 810 2231 prout
831 2167 950 2233 corpus
964 2156 1025 2225 ost,
1042 2169 1106 2216 nou

36 2239 145 2314 potest
157 2250 267 2314 ogere,
282 2230 346 2295 nisi
367 2251 425 2314 per
446 2238 630 2294 contactum
655 2226 835 2314 physicum,
841 2230 908 2375 lqui
924 2228 965 2294 ub
987 2227 1107 2307 enimn,

32 2331 122 2393 quae
143 2311 370 2378 immaterialis
396 2323 462 2390 est,
485 2310 593 2395 excipi
617 2331 680 2373 nou
703 2317 817 2392 potest.
872 2331 930 2396 rgo
952 2311 986 2376 iu
1010 2322 1108 2408 syste-

31 2401 123 2537 lrpuutpl
144 2392 269 2480 physici
290 2392 435 2459 influxus
456 2393 541 2458 actio
563 2390 709 2476 corporis
732 2391 767 2456 iu
781 2391 922 2457 animaru
944 2391 1107 2477 explicari

57 2493 76 2536 a
147 2485 262 2559 potest.

167 2613 234 2666 dur.
255 2612 290 2669 V.
303 2613 440 2667 -ttutua
458 2614 575 2674 animae,
595 2615 767 2679 corporisque
786 2617 812 2666 iu
832 2629 890 2669 sess
908 2619 979 2670 sotio

316 2688 462 2740 secuudum
482 2683 662 2738 &botusttcor
679 2688 830 2752 expttcatur

74 2805 125 2871 66.
150 2804 182 2870 Si
206 2805 330 2869 theoria
353 2801 755 2870 aristotelico-scholastica
769 2804 809 2869 de
824 2807 946 2871 unione
962 2807 1103 2890 animae,

31 2897 66 2954 et
81 2887 228 2971 corporis
247 2885 448 2961 admittatur,
465 2884 554 2950 nullo
575 2887 706 2970 negotio
730 2886 912 2972 intelligere
934 2887 1012 2953 licet
1032 2911 1104 2955 ruu-

32 2981 123 3035 tuum
143 2969 284 3045 animae,
299 2969 510 3053 corporisque
525 2968 558 3032 iu
573 2988 642 3032 sese
664 2969 827 3034 actionem
849 2991 890 3034 ex
911 2990 951 3035 eo
972 2990 1040 3036 esse
1054 2994 1104 3037 rc-

31 3048 217 3136 peteudum‚
240 3048 328 3134 quod
349 3051 457 3114 auimo
478 3070 511 3114 se
533 3046 572 3112 nd
595 3069 726 3134 corpus,
743 3049 831 3116 reiut
853 3050 958 3117 iorura
981 3050 1022 3116 ad
1037 3075 1104 3118 mu·

30 3132 168 3208 teriam,
191 3129 298 3196 habet.
321 3131 416 3208 Quod
438 3131 586 3216 sequenti
608 3130 836 3218 Propositioue
859 3133 1068 3218 explanatur:

72 3214 113 3280 St
133 3213 242 3277 animo
261 3222 304 3275 est
313 3214 514 3298 principium
534 3212 660 3296 [wmode
683 3216 839 3300 corporis,
861 3235 975 3279 necesse
995 3225 1050 3292 est,
1066 3225 1102 3278 ut

67 3435 79 3476 ¹
100 3441 132 3489 dn
150 3439 196 3488 tib.
219 3440 245 3488 tt
261 3438 344 3494 Sem..
365 3434 431 3486 Dist.
451 3433 549 3495 xxvt
569 3452 607 3502 q,
621 3436 640 3496 i,
663 3452 689 3486 a.
711 3439 726 3488 Ξ
747 3442 797 3490 rot.

65 3511 79 3548 ²
101 3531 111 3555 ι
135 3509 240 3568 Animo,
260 3515 288 3558 et
307 3521 404 3571 corpus
422 3509 584 3559 conveniunt
603 3511 628 3559 in
649 3524 728 3560 unum
749 3526 907 3576 personam,
927 3520 953 3565 ct
972 3516 999 3564 iu
1019 3531 1101 3569 unam

28 3591 177 3640 ustorum,
197 3588 224 3632 st
244 3583 302 3630 idco
321 3581 418 3631 dicitur
437 3595 488 3631 uon
508 3582 578 3632 notio
596 3582 712 3634 humana
736 3603 761 3645 't
782 3588 821 3636 De
844 3591 939 3638 unione
963 3589 1038 3640 Verdt
1057 3593 1102 3642 inv

27 3660 143 3714 cornuti,
163 3669 190 3704 a.
211 3656 228 3704 5
247 3655 278 3703 ad
301 3654 344 3702 tt.

104 3737 212 3788 Prinos.
223 3732 333 3786 Cursor.
345 3737 484 3799 compend.
500 3732 534 3785 ii.
941 3742 991 3795 pqr
