2475 3909
172 160 233 229 182
575 193 774 246 cosuonoma

133 279 228 342 quom
250 265 282 328 lri
307 253 486 353 philosophi
509 274 652 352 mundo,
676 288 773 374 prout
793 285 879 342 totns
902 285 966 352 est,
989 277 1195 347 considerato

131 343 303 423 tribuunt,
327 368 461 433 prorsus
487 361 730 424 commentitus
751 371 809 424 est.
833 360 984 436 Etenim,
1005 380 1079 426 cum
1102 385 1195 430 mun-

129 422 190 489 dus
212 427 245 491 in
269 438 333 495 tota
356 451 478 509 rerum,
502 456 543 500 ex
586 438 685 505 uibus
707 441 876 518 condatur,
899 445 1105 512 universitate
1120 467 1193 511 con

130 506 291 575 sideratus
311 533 373 577 non
398 515 439 579 sit
460 459 583 603 aliquid
605 521 819 601 abstractum,
841 523 895 588 sed
918 547 957 590 ex
979 525 1116 594 dirersis
1140 551 1197 594 na-

130 591 213 655 turis
225 613 337 688 rerum
359 601 589 682 compositum,
605 626 669 670 uon
691 615 796 691 potest
816 607 912 672 aliter
934 608 1070 695 intelligi
1087 612 1195 696 ipsum

130 693 199 737 esse
223 696 255 738 ru
278 677 433 745 contiuuo
457 700 644 770 progressu,
660 710 757 784 quam
777 689 803 752 si
827 690 913 775 ipsas
934 703 1063 758 naturas
1085 714 1195 758 rerum

131 754 164 817 iu
181 764 312 821 naturas
326 766 578 844 praestantiores
592 780 746 835 continuo
769 774 977 837 transmutari
993 773 1196 849 admittatur,

131 834 276 922 alioquin
300 859 489 926 progressus
513 871 576 913 nou
598 864 681 918 esset
708 850 948 929 substantialis,
971 857 1024 920 sed
1047 857 1197 923 acciden-

130 918 216 982 talis.
232 923 333 1006 Atqui
350 940 509 1015 repugnat
524 941 657 999 naturas
680 955 789 999 rerum
812 936 857 1000 ita
879 940 1043 1020 progredi,
1059 951 1097 1005 ut
1110 939 1197 1004 aliae

130 1000 163 1062 in
179 1000 257 1064 alias
279 1005 434 1075 continuo
457 1023 713 1082 transmutentur
729 1016 751 1079 ¹.
769 1017 857 1102 Ergo
879 1031 1039 1118 repugnat
1054 1022 1090 1087 in
1105 1043 1199 1086 muu-

131 1081 173 1148 do
195 1084 337 1180 inveniri
366 1087 460 1157 illum
487 1115 717 1183 progressum,
741 1119 839 1184 quem
860 1120 977 1185 unperr
1000 1103 1197 1190 Optimistae

132 1176 305 1230 commenti
329 1183 414 1238 sunt.

173 1245 241 1312 197.
265 1246 373 1316 Obiic.
404 1253 438 1320 1⁰
458 1255 652 1338 Leibuitius,
673 1261 744 1326 eius
769 1281 809 1326 ue
835 1272 1029 1330 sectatores:
1052 1265 1087 1333 Si
1110 1267 1201 1332 Deus

135 1328 218 1393 inter
240 1331 376 1400 mundos
398 1339 570 1423 possibiles
592 1344 716 1430 optimo
739 1282 838 1410 ilium
860 1346 1081 1431 praetulisset,
1104 1371 1200 1414 muu-

132 1408 210 1474 dum
226 1414 295 1478 sine
311 1414 375 1482 ulla
391 1423 515 1488 ratione
537 1425 714 1490 sufficiente
737 1437 887 1492 creasset.
903 1431 1002 1514 Atqui
1018 1430 1200 1516 quidquam

131 1512 172 1555 ne
194 1495 225 1558 iu
248 1496 309 1562 Dei
333 1500 464 1583 quidem
496 1506 652 1592 operibus
677 1510 747 1574 sine
774 1511 901 1574 ratione
927 1511 1103 1580 sufficiente
1130 1534 1201 1578 esse

133 1584 247 1659 potest.
260 1579 347 1665 Ergo
363 1582 450 1649 Deus
472 1587 630 1654 mundum
652 1591 800 1656 omnium
815 1590 1021 1678 possibilium
1037 1597 1202 1683 optimum

133 1676 257 1725 creasse
281 1660 437 1731 dicendus
457 1677 516 1734 est.

175 1739 244 1807 198.
268 1743 366 1833 Resp.
392 1749 471 1814 otu.
487 1753 580 1829 moi,
595 1753 665 1818 siue
688 1753 810 1821 ratione
832 1763 924 1819 extra
953 1755 1058 1822 Deum
1081 1760 1201 1840 posita,

134 1841 216 1887 coru.
238 1829 327 1904 mci„
349 1830 418 1895 sine
439 1835 575 1911 ratione,
597 1855 681 1920 quae
703 1846 751 1900 est
773 1836 806 1901 iu
830 1837 901 1922 ipso
924 1836 1004 1916 Deo,
1026 1861 1093 1924 neq.
1109 1843 1201 1917 mois

134 1905 248 1970 eadem
269 1905 344 1975 dist.
359 1933 427 1996 nep.
444 1925 476 1982 et
496 1937 580 1982 conc.
597 1918 678 1982 mio.
701 1918 780 2001 Nep.
797 1938 880 1983 cons.
898 1920 979 1986 Saue
1002 1921 1201 1990 admittenda

134 1996 183 2052 est
202 1988 311 2074 aliqua
331 1996 437 2073 ratio,
460 1997 502 2062 ob
523 2021 622 2084 quum
651 1998 741 2064 Deus
769 1999 925 2066 mundum
953 2005 1099 2080 creavit,
1121 2005 1202 2090 quia

133 2066 234 2146 Deus,
248 2082 360 2159 utpote
382 2081 652 2164 sapientissimus,
668 2080 752 2146 nihil
773 2082 843 2146 sine
857 2082 983 2150 ratione
1006 2085 1115 2151 moliri
1132 2097 1204 2173 pot-

134 2162 192 2216 est.
209 2155 262 2231 At,
277 2175 351 2221 cum
367 2157 465 2239 Deus,
481 2184 538 2228 ens
559 2163 620 2230 sibi
644 2164 708 2248 ipsi
732 2163 1054 2244 sufficientissimum,
1069 2189 1089 2232 a
1103 2187 1199 2234 causa

134 2244 287 2303 extranea
308 2237 515 2310 determinari
538 2267 602 2312 nou
624 2245 743 2332 possit,
767 2245 823 2311 illa
843 2248 927 2312 ratio
949 2268 1012 2312 nou
1035 2249 1069 2314 in
1094 2249 1202 2336 perie-

135 2317 242 2383 ctioue
269 2319 408 2400 mundi,
430 2326 483 2391 sed
506 2329 635 2415 inipso
662 2325 731 2392 Deo
754 2328 948 2394 invenienda
976 2339 1046 2405 est;
1070 2353 1201 2417 nempe,

135 2408 172 2465 ut
192 2419 218 2463 s.
234 2400 370 2468 Thomas
392 2409 509 2494 inquit,
525 2420 573 2476 est
594 2411 664 2496 ipsc
683 2430 741 2474 uro
763 2409 894 2475 Bonitus
906 2412 931 2474 ².
948 2411 1043 2488 Quod
1057 2413 1086 2477 si
1097 2416 1200 2510 ratio,

136 2481 179 2545 ob
200 2503 296 2568 quam
318 2485 403 2552 Deus
426 2491 582 2558 mundum
604 2491 742 2570 crearit,
759 2512 822 2556 non
844 2502 892 2558 est
914 2493 1073 2578 perfectio
1096 2515 1200 2582 rpsrus

138 2564 261 2643 muudi,
284 2566 340 2633 sed
364 2565 491 2640 bouitas
511 2573 697 2650 creatoris,
719 2574 930 2660 consequitur
950 2577 1139 2654 rationem,
1161 2577 1202 2642 ob

136 2666 234 2730 quam
257 2649 343 2717 Deus
370 2652 454 2720 hunc
481 2656 663 2734 muudum,
686 2677 749 2721 uon
772 2677 851 2722 vero
873 2654 975 2722 alium
997 2659 1069 2744 ipso
1094 2657 1204 2744 perle-

138 2731 284 2809 ctiorem,
301 2744 358 2799 aut
380 2735 655 2824 imperfectiorem
677 2736 837 2816 condidit,
860 2760 922 2803 uon
946 2739 978 2802 in
1000 2741 1204 2826 perfectione

140 2811 242 2875 isius
269 2817 404 2892 mundi,
432 2821 486 2884 sed
513 2821 640 2906 inipso
669 2818 729 2884 Dei
757 2821 1097 2919 etiamquaereudam
1118 2843 1201 2888 esse.

170 2913 226 2958 aec
247 2905 353 2964 autern
382 2901 552 2985 inquisitio
580 2923 836 2989 supervacanea,
859 2923 925 2966 rmo
947 2914 1119 2969 temeraria
1142 2917 1205 2980 est,

138 2995 213 3040 cum
234 2975 274 3042 de
301 3001 335 3044 re
357 2994 494 3069 agatur,
522 3005 606 3069 quae
640 2983 680 3050 ad
708 3005 826 3050 aroana
853 2981 991 3051 Divinae
1018 2987 1205 3073 Sapientiae

138 3059 289 3156 pertinet.
307 3088 325 3128 u
347 3064 434 3130 Talis
454 3069 613 3152 quaestio,
637 3066 677 3132 ad
699 3087 768 3132 rem
791 3068 836 3135 ait
856 3086 882 3130 s.
899 3067 1137 3145 maurontum,
1154 3080 1205 3165 est

139 3141 360 3224 rrratioualis,
383 3159 416 3215 et
436 3149 554 3217 solutio
582 3171 645 3214 uon
671 3157 775 3247 potest
795 3147 889 3228 dari,
912 3150 974 3215 uisi
998 3150 1099 3228 haec,
1121 3171 1204 3236 qura

139 3224 256 3302 voluit,
278 3237 310 3293 et
333 3232 493 3296 rationem
516 3234 588 3318 lpse
611 3233 779 3296 n0v1t⁸n
1013 3313 1020 3329 ι
1183 3317 1190 3330 Ι

182 3305 249 3374 199.
266 3308 374 3377 Obiic.
397 3312 432 3378 2⁰
448 3315 482 3382 si
503 3314 591 3403 Deus
612 3325 736 3381 crearet
757 3310 914 3378 mundum
935 3332 1080 3378 omurum
1102 3333 1206 3399 possr-

182 3531 190 3564 ¹
212 3529 248 3582 Cf
264 3538 363 3596 Outol„
384 3553 409 3589 o.
430 3537 466 3598 ll,
486 3554 514 3592 a.
534 3544 570 3601 3.
591 3560 618 3608 p.
641 3545 753 3596 ll.-²
774 3549 861 3596 contr.
882 3545 972 3603 θαι,
993 3543 1040 3594 llb.
1061 3540 1091 3601 l.
1111 3557 1139 3592 c.
1160 3543 1206 3593 86.

179 3602 191 3636 ⁸
217 3605 248 3652 lu
260 3605 305 3654 lid.
321 3611 427 3667 istut..
443 3609 508 3664 Dlst.
523 3612 614 3676 dell,
628 3631 654 3669 a.
672 3620 697 3679 l,
711 3633 738 3685 q.
755 3617 812 3670 lad
823 3631 881 3685 erp.
896 3612 931 3670 Cl
940 3631 962 3666 s.
977 3615 1058 3682 Aug..
1072 3617 1158 3682 raptu.
1173 3612 1208 3672 ill

149 3675 184 3727 dd
202 3675 360 3743 llrtrtdtum,
380 3695 408 3733 n.
428 3681 456 3733 2.
