2475 3909
154 156 193 221 tt
546 172 749 223 cocrcna

112 258 160 323 lta
183 277 282 341 genus
306 256 489 339 proximum
511 256 665 335 hominis,
681 269 714 324 et
728 258 855 323 belluae
878 268 927 322 est
947 256 1076 335 animal,
1098 256 1177 343 quia

111 340 219 416 homo,
235 348 266 403 ot
281 336 387 402 bellua
401 338 534 401 animoli
550 339 740 405 immediato
760 338 992 414 subiiciuntur3
1016 352 1178 406 remotum

113 442 190 484 vero
213 422 329 497 cicens,
352 420 430 503 quia
451 419 569 497 homo,
592 430 625 485 ct
644 419 753 485 bellua
774 422 891 484 nicenti
913 419 1053 485 mediate
1075 420 1179 485 subii-

112 504 254 567 ciuntur.

152 585 203 647 20.
227 580 322 659 Quod
345 581 460 647 attinet
481 580 519 644 ad
543 585 689 728 species,
714 602 868 665 suprema
889 591 953 658 est,
977 602 1058 665 quac
1081 602 1179 667 supra

114 687 147 730 sc
170 666 265 729 aliam
294 664 435 748 speciem
464 683 529 727 non
579 664 675 739 abet,
697 676 734 728 ut
755 682 889 745 corpos;
918 663 1024 733 media
1047 674 1177 737 autem,

112 766 196 831 quae
218 752 282 809 tam
305 762 402 827 supra
424 764 480 821 se,
503 765 600 839 quam
622 744 708 809 insra
728 766 762 809 se
784 742 881 808 babet
902 744 998 807 aliam
1023 746 1177 828 speciem,

113 840 149 893 ut
170 825 297 893 onirnolt
323 825 433 888 infima
454 824 525 889 dem
552 848 610 903 ue,
633 847 717 910 quae
738 825 799 889 sub
822 846 855 889 se
878 824 1058 889 nonhabet
1082 825 1180 889 ullam

113 910 266 993 speciem,
283 905 337 971 sed
353 847 575 971 tantummobo
589 928 642 971 res
656 908 849 992 singulares.
872 907 1034 983 Quocirca
1055 908 1180 991 species

114 989 224 1055 infima
246 987 408 1053 eiusmodi
431 998 489 1064 cst,
511 997 548 1052 ut
570 1010 747 1073 numquam
769 989 811 1052 sit
834 1008 944 1072 genus.

226 1161 229 1165 .
259 1121 329 1171 rtur.
351 1119 396 1171 lV.
410 1118 491 1170 -De
512 1123 652 1171 notionum
672 1123 871 1185 complexione,
891 1126 919 1171 et
937 1121 1039 1171 ambitu

153 1231 204 1294 21.
229 1233 264 1294 ln
286 1228 434 1313 qualibet
455 1229 586 1294 notione
607 1228 774 1292 invenitur
793 1228 928 1314 quidam
942 1232 1135 1315 complexos,
1150 1241 1181 1295 et

114 1311 249 1397 quidam
271 1310 419 1373 arabites.
446 1308 635 1393 Complexus
655 1312 803 1375 consistit
824 1312 857 1373 in
881 1312 920 1372 iis
934 1313 1118 1389 elementis,
1141 1334 1179 1377 ex

114 1394 232 1479 quibus
254 1394 342 1457 notio
363 1391 513 1455 ellicitur.
539 1394 576 1455 E.
602 1411 648 1535 ἵ,
671 1392 706 1455 iu
728 1393 860 1456 notione
882 1391 1019 1458 bominis
1040 1396 1181 1481 comple·
1220 1433 1222 1440 ›

114 1496 175 1539 xus
197 1474 341 1539 consistit
361 1474 395 1537 in
417 1492 480 1548 eo,
502 1471 588 1556 quod
635 1492 708 1536 omo
730 1482 779 1537 est
799 1472 976 1539 substantia
1002 1473 1089 1555 vita,
1113 1498 1181 1541 sen-

114 1578 164 1634 su,
182 1566 213 1621 ct
227 1557 352 1623 ratione
376 1553 533 1638 praedita.
549 1552 697 1618 Ambitus
712 1564 760 1619 est
774 1576 928 1619 numerus
943 1555 1178 1630 subiectorum,

114 1637 260 1723 adquae
289 1636 379 1700 notio
406 1634 588 1720 porrigitur
603 1634 626 1697 ¹.
650 1636 718 1698 lam
741 1636 953 1720 complexus,
982 1648 1015 1702 et
1041 1638 1181 1703 ambitus

114 1729 188 1785 sunt
209 1722 243 1783 in
264 1720 381 1783 ratione
409 1718 556 1793 inverso,
581 1736 719 1801 nempe,
741 1737 807 1801 quo
834 1722 939 1782 maior
967 1728 1016 1785 est
1042 1721 1180 1786 alicuius

114 1801 254 1868 notionis
275 1799 476 1884 complexus,
500 1817 539 1860 eo
561 1798 667 1860 minor
688 1808 737 1862 est
758 1798 921 1875 ambitus;
943 1808 976 1865 et
995 1822 1061 1886 quo
1078 1804 1181 1868 maior

114 1893 162 1947 est
184 1882 347 1957 ambitus,
370 1902 409 1945 eo
431 1882 539 1943 minor
566 1888 614 1943 est
636 1879 838 1963 complexus.
862 1882 901 1944 Ε.
925 1902 970 1966 g.,
993 1903 1064 1947 com
1092 1887 1180 1949 lesus

114 1964 249 2027 bominis
277 1964 382 2027 maior
403 1970 475 2037 est,
497 1980 594 2043 quam
617 1962 786 2032 unicaulis,
809 1964 887 2046 quia
909 1963 943 2026 in
964 1965 1048 2027 onim
1086 1966 1099 2029 i
1121 1986 1180 2029 non

115 2046 296 2110 continetur
317 2050 414 2119 ratio,
438 2039 493 2105 sed
515 2042 623 2105 minor
643 2052 691 2107 est
705 2042 859 2120 ambitus,
881 2047 959 2188 <puio
981 2046 1070 2109 bomo
1092 2046 1180 2111 ‹lum-
1220 2045 1221 2048 ’

114 2136 203 2191 taxat
225 2126 264 2190 ad
288 2125 442 2189 animalia
463 2123 588 2187 ratione
611 2122 771 2207 praedita,
788 2127 896 2189 anima
924 2148 1000 2191 vcro
1016 2128 1057 2193 acl
1081 2130 1181 2194 homi-

115 2228 180 2281 ues,
204 2217 234 2271 et
256 2205 295 2270 ad
318 2204 441 2269 belluas
463 2204 654 2287 porrigitur.

153 2288 206 2351 22.
230 2290 281 2352 Ex
302 2286 422 2371 quibus
445 2284 540 2347 lacile
562 2294 610 2348 cst
631 2286 712 2350 baec
733 2285 898 2371 colligere:
923 2286 956 2353 1⁰
979 2291 1016 2353 ln
1038 2292 1125 2356 serie
1147 2311 1181 2352 u·

115 2369 326 2434 niversalium
353 2388 454 2452 genus
476 2384 666 2449 supremum
688 2366 785 2432 habet
806 2369 988 2433 maximum
1009 2371 1178 2445 ambitum,

115 2451 170 2514 sed
193 2451 366 2513 minimum
390 2446 608 2530 complexuum
625 2448 833 2524 econtrario,
855 2452 980 2534 species
995 2451 1108 2518 inlima
1123 2453 1180 2516 mi-

115 2530 241 2595 nimum
263 2529 447 2605 ambitum,
471 2538 505 2593 ct
524 2530 706 2595 maximum
734 2530 942 2614 complexum
968 2534 1124 2599 continet.
1147 2531 1180 2595 2⁰

114 2610 282 2709 Quidquid
304 2611 338 2675 in
361 2610 493 2675 notione
520 2612 682 2695 superiori
703 2612 899 2689 continetur,
924 2615 958 2677 in
981 2614 1112 2680 notione
1136 2614 1181 2675 in-

115 2686 230 2757 feriori
254 2694 353 2757 etiam
375 2691 553 2767 invenitur,
575 2691 630 2756 sed
652 2714 716 2756 non
738 2693 898 2771 vicissim,
923 2694 1002 2778 quia
1023 2696 1058 2758 in
1079 2693 1182 2761 notio·

115 2794 154 2837 ne
177 2774 341 2859 superiori
356 2774 475 2847 minor,
491 2784 523 2837 et
538 2774 572 2836 iu
590 2774 722 2839 notione
738 2773 888 2840 inferiori
902 2776 1007 2839 maior
1028 2787 1078 2841 est
1098 2794 1181 2841 com-

115 2854 241 2939 plexus.
266 2855 305 2919 E.
323 2876 367 2940 g,
391 2853 551 2938 quidquid
567 2856 601 2919 in
617 2876 735 2940 genere
755 2854 903 2920 animalis
922 2858 1118 2935 continetur,
1134 2860 1182 2922 in-

39 2971 44 2979 ·
115 2936 243 3001 venitur
262 2936 361 3000 etiam
375 2934 409 2998 in
423 2935 558 3015 bomine,
579 2944 612 3001 et
633 2935 794 3021 quidquid
808 2937 974 3002 invenitur
999 2935 1034 3002 iu
1048 2940 1178 3012 bomine,

116 3017 253 3083 cuilibet
265 3014 434 3082 individuo
447 3017 573 3081 homini
588 3018 688 3083 etiam
703 3019 799 3095 inest;
813 3017 868 3082 scd
883 3039 946 3081 non
962 3021 1084 3098 omnia,
1099 3038 1179 3105 quac

115 3108 189 3164 sunt
203 3101 237 3164 in
251 3098 385 3174 bomine,
398 3109 473 3164 sunt
486 3100 585 3163 ctiam
600 3100 633 3162 in
648 3099 900 3183 animabusque
913 3099 1073 3244 quidpuid
1088 3110 1137 3165 est
1149 3100 1178 3162 in

115 3182 303 3258 Socrate,est
317 3180 416 3244 etiam
431 3182 464 3244 iu
481 3180 787 3257 homineQuocirca
801 3202 820 3244 a
837 3201 954 3276 genere
970 3202 987 3243 a
1026 3185 1179 3267 speciem,

116 3275 213 3347 atque
236 3284 254 3326 a
277 3261 384 3349 specie
406 3260 446 3325 ad
468 3259 655 3341 individuo,
679 3261 734 3327 sed
756 3284 820 3327 uon
842 3273 920 3327 rtem
945 3261 986 3325 ab
1010 3262 1179 3328 individuo

115 3343 155 3407 ad
178 3346 329 3430 speciem,
352 3354 449 3429 atque
472 3364 491 3407 a
512 3343 619 3429 specie
643 3344 684 3409 ad
707 3365 808 3429 genus
827 3341 977 3407 concludi
1000 3355 1114 3428 potest.

493 3459 840 3474 m

151 3536 160 3572 ¹
182 3531 347 3594 cortesiani,
368 3539 394 3585 et
414 3532 539 3588 Wolllanl
566 3545 614 3595 pro
637 3534 778 3596 complexu
799 3536 1070 3602 eontprrbmn'onem,
1091 3545 1117 3591 et
1136 3551 1179 3602 pro

116 3610 216 3659 ambito
235 3612 410 3661 extensionem
429 3607 563 3658 dixerunt.
