2475 3909
124 108 185 183 332
430 130 618 185 muscosis
640 130 830 185 urrunsnts

86 217 127 282 nb
148 218 286 283 essentia
308 219 440 302 realiter
460 220 695 304 distinguitur,
719 242 782 286 non
803 222 947 287 existunt
968 241 1029 305 per
1051 220 1158 307 ipsam

84 319 176 364 suam
197 300 388 376 essentiam,
404 302 459 367 sed
482 300 600 366 habeut
623 322 684 366 esse
706 323 764 400 per
785 303 1081 387 participationem.
1100 306 1158 369 At·

84 382 142 465 qui
165 380 254 446 Dens
275 383 459 467 peripsam
481 404 574 448 suam
595 394 769 449 essentiam
790 385 913 450 existit.
938 386 1038 469 Ergo.
1060 386 1161 449 Prac-

84 475 186 538 terea,
201 483 277 527 cum
298 465 469 531 existentia
491 466 535 532 sit
555 475 646 530 actus
669 468 828 531 essentiae
842 466 907 539 ¹‚si
930 468 1071 531 essentia
1095 465 1158 529 Dei

84 542 127 608 ab
147 545 231 611 Eius
252 547 422 611 existentia
443 545 722 631 distingueretur,
746 547 802 612 illa
824 545 865 611 ad
886 548 981 611 istam
1003 566 1037 611 sc
1060 546 1158 611 habe·
1223 600 1224 621 ,

84 639 136 692 ret
156 635 193 692 nt
215 628 359 714 potentia
391 626 588 705 adactum,
613 648 651 693 ac
673 628 811 714 proinde
835 628 924 692 Deus
946 626 1083 693 realiter
1116 648 1158 692 ex
1223 624 1224 671 t

83 722 173 783 actu,
193 720 226 775 ct
248 709 390 795 potentia
409 722 680 793 componeretur3
697 710 729 775 id
752 708 854 795 quod,
870 712 918 777 uti
941 708 1157 785 ostendimus,
1223 754 1224 757 ,

83 789 261 855 absurdum
284 800 334 855 est
347 790 372 854 ².

125 872 177 939 86.
201 871 322 937 Tertio.
346 868 511 937 Attributa
532 870 652 937 Divina
675 892 779 956 neque
801 868 842 936 ab
864 872 1024 947 Essentia,
1048 892 1155 955 neque

84 953 126 1016 ab
148 975 182 1019 se
206 954 346 1017 invicem
378 954 513 1019 realiter
534 950 791 1039 distinguuntur.
815 950 864 1016 lle
896 950 1030 1037 quidem
1053 973 1155 1031 vera,

83 1034 173 1100 Deus
196 1036 375 1118 peripsam
397 1055 489 1099 suam
503 1032 687 1101 Essentiam
711 1036 942 1120 perlectionem
964 1032 1107 1111 essendi,
1122 1056 1157 1099 ac

83 1116 221 1201 proinde
256 1136 369 1179 omues
392 1117 634 1201 perfectiones,
658 1116 727 1180 sive
750 1116 907 1183 attributa
933 1115 1043 1181 habet.
1067 1118 1157 1199 Ergo

83 1198 250 1264 Attributa
272 1194 333 1262 Dei
362 1196 402 1263 ab
431 1198 514 1263 Eius
539 1198 685 1262 Essentia
715 1220 779 1262 nou
808 1197 1068 1281 distinguuntur.
1093 1197 1158 1261 Ad·

82 1276 173 1359 haec,
195 1280 223 1343 si
246 1280 411 1345 Attributa
432 1279 473 1343 ab
500 1278 651 1345 Essentia
674 1278 733 1343 Dei
756 1279 1054 1363 distinguerentur,
1079 1279 1158 1345 haec

83 1361 174 1425 illam
196 1360 400 1447 perficerent,
417 1382 602 1446 novumque
618 1381 680 1423 esse
695 1360 758 1447 ipsi
780 1360 951 1426 adderent:
967 1361 1059 1444 quud
1081 1383 1158 1427 sane

82 1438 222 1507 Divinae
242 1443 386 1509 Naturae
409 1462 540 1527 prorsus
561 1453 723 1539 repugnat
737 1444 759 1507 ³.
1042 1482 1045 1489 ι

122 1525 174 1591 87.
197 1523 294 1601 Quod
315 1525 343 1589 si
366 1524 523 1590 attributa
546 1524 605 1590 Dei
629 1523 671 1588 ab
693 1524 842 1589 Essentia
864 1543 927 1587 non
948 1521 1157 1610 distinguun-

83 1614 156 1685 tur,
179 1626 218 1670 ea
240 1628 279 1671 ue
305 1607 391 1670 inter
411 1627 445 1670 se
468 1603 602 1691 quidem
624 1605 782 1690 distingui
804 1606 1017 1689 consequitur
1032 1608 1058 1668 ⁶.
1083 1630 1103 1667 u
1120 1608 1156 1671 ln

82 1685 153 1753 Deo
175 1697 225 1752 est
244 1688 416 1773 sapientia,
438 1687 579 1765 bonitas,
601 1697 635 1754 et
656 1684 859 1759 huiusmodi,
882 1707 1028 1782 quorum
1051 1688 1158 1773 quod·

81 1766 164 1836 libet
184 1779 232 1833 est
260 1769 332 1855 ipsa
354 1767 473 1833 Divina
494 1770 641 1833 Essentia
659 1812 669 1845 ,
690 1780 724 1834 et
747 1768 790 1833 ita
812 1788 922 1832 omnia
952 1779 1028 1834 sunt
1053 1790 1157 1835 unum

82 1852 187 1916 ω’».
209 1845 357 1937 idipsum
379 1872 421 1915 ex
444 1870 483 1916 eo
506 1851 646 1935 amplius
668 1847 863 1927 declaratur,
886 1848 972 1932 quod
995 1848 1157 1917 attributa

82 1932 216 1998 intense
231 1930 385 1997 distincta
407 1932 553 1996 diversos
574 1931 687 1997 modos
709 1931 834 1997 essendi
857 1933 882 1995 si
909 1930 1056 2007 nificaut,
1070 1954 1155 2019 quos

84 2012 232 2099 profecto
247 2014 280 2078 in
293 2010 373 2088 Deo,
386 2015 442 2097 qui
457 2025 506 2079 est
521 2014 630 2099 ipsum
643 2012 731 2089 Esse,
746 2034 865 2099 ponere
880 2033 897 2077 a
922 2013 1059 2078 surdum
1074 2018 1155 2081 est‘.

123 2204 134 2246 ¹
155 2201 192 2260 Gi
207 2207 306 2265 uniat..
326 2220 354 2257 c.
377 2203 410 2265 ll,
430 2220 457 2255 a.
479 2204 507 2262 l,
526 2218 554 2267 p.
577 2203 621 2255 ts.

123 2273 191 2330 set
206 2291 229 2327 s.
250 2274 359 2335 Tuom..
381 2274 401 2335 l,
421 2292 449 2341 q.
473 2274 519 2335 ΙΙΙ,
541 2290 567 2327 ι.
587 2278 605 2326 t
624 2290 650 2326 o.

124 2350 135 2386 ⁸
157 2371 167 2395 ι
192 2347 322 2401 perfectio
342 2345 426 2399 Dirinl
446 2346 512 2399 Esse
532 2361 583 2397 non
603 2347 750 2398 attsnlitur
761 2349 907 2398 secuudum
921 2350 1023 2413 aliquid
1034 2352 1154 2403 additum

86 2435 170 2487 sopra
191 2422 287 2485 ipsum.
303 2422 347 2469 sed
361 2423 423 2485 quia
443 2422 528 2484 ipsum
549 2420 694 2470 secundum
715 2433 742 2470 sc
758 2421 843 2482 ipsum
863 2421 1011 2483 perlectum
1031 2430 1085 2475 ost.
1108 2422 1156 2477 Bo-

83 2498 158 2545 ultas
178 2497 260 2557 igitur
279 2491 326 2544 [lei
345 2507 397 2543 non
416 2499 455 2542 ost
477 2493 575 2557 aliquid
600 2492 718 2541 additum
744 2506 808 2539 strae
837 2494 1019 2551 substantiae,
1041 2497 1088 2546 sed
1107 2512 1154 2549 suu

85 2567 232 2619 substantia
253 2571 293 2616 est
314 2580 360 2616 sna
382 2566 486 2615 bonitas
508 2584 533 2621 η
555 2566 643 2613 contr.
665 2565 750 2621 Gmt„
772 2564 818 2613 lib.
839 2566 857 2621 l,
878 2578 904 2615 e.
924 2565 969 2615 38.

118 2636 202 2689 ‘Nos
222 2639 266 2688 hic
286 2650 338 2687 non
358 2637 497 2701 loquimur
516 2636 548 2685 de
568 2636 722 2692 attributis,
741 2650 810 2699 quac
836 2637 944 2685 relativa
964 2636 998 2688 ad
1016 2641 1088 2690 tutru
1109 2654 1154 2703 ap

81 2711 229 2775 pellantur,
250 2721 345 2772 nempe
368 2712 540 2764 Paternum,
560 2712 588 2756 et
606 2708 721 2767 Filiotlo,
740 2710 853 2770 Sptrutlo
875 2712 969 2768 cuiun,
989 2715 1017 2759 ct
1036 2713 1153 2769 θρίνακα

80 2786 210 2847 postium
231 2779 381 2831 Paternitas
398 2781 470 2831 enim
489 2784 518 2830 sl
536 2778 653 2837 Filiatio,
674 2779 737 2828 item
758 2776 872 2841 Spiratio
893 2784 980 2831 activa
1002 2784 1028 2831 ot
1049 2787 1152 2846 passiva

81 2856 198 2907 lutense
219 2855 334 2903 iurlccm
359 2858 553 2916 opponuntur,
574 2856 655 2915 atque
676 2850 733 2900 ideo
754 2853 822 2902 intur
842 2853 912 2915 ipsas
938 2853 1039 2903 realem
1060 2856 1152 2906 distin-

80 2931 199 2979 ctionem
219 2925 381 2976 intercedera
401 2922 478 2974 Fides
497 2925 585 2974 docet.

118 2999 238 3051 ⁵1ntto.
260 3000 376 3056 tsine,
397 2994 463 3048 llist.
485 2993 519 3055 ll,
540 3011 568 3059 q.
590 2994 612 3060 l,
633 3008 659 3044 a.
680 2993 696 3043 2
716 2995 765 3043 sul.

117 3071 129 3108 ⁶
150 3091 162 3118 ι
184 3069 265 3129 Bene,
285 3070 391 3133 egregie
410 3070 443 3118 ad
462 3068 532 3119 lianc
553 3081 608 3118 rem
630 3081 652 3117 s.
668 3064 829 3129 Augustinus
848 3068 944 3131 inquit,
966 3070 1152 3133 multipliciter

80 3144 191 3207 quidem
211 3144 308 3193 dicitnr
326 3154 457 3204 magnus,
476 3140 581 3197 bonus,
602 3140 724 3201 sapiens,
745 3139 848 3197 beatus,
868 3152 955 3197 rarus,
976 3146 1003 3191 et
1022 3144 1150 3207 quidquid

80 3215 154 3266 alind
175 3228 227 3265 non
246 3215 350 3277 indigns
369 3214 420 3262 dici
440 3213 558 3268 videtum
579 3212 625 3261 sed
645 3211 738 3260 uadem
759 3212 913 3274 magnitudo
932 3208 997 3262 llius
1011 3219 1062 3272 est,
1082 3228 1149 3279 quau

80 3287 223 3347 septenus,
243 3286 387 3334 nonenim
407 3283 477 3333 mole
498 3296 610 3346 magnus
629 3286 679 3341 est,
700 3283 745 3332 sed
765 3284 873 3341 virtute;
888 3289 915 3333 et
928 3285 1022 3334 cadem
1036 3286 1148 3341 bonitas.

80 3368 151 3416 quae
170 3357 312 3417 sapientia,
332 3362 359 3404 et
378 3355 541 3418 magnitudo,
561 3359 588 3403 et
606 3356 701 3404 eadem
721 3355 828 3413 veritas,
848 3368 917 3418 quae
937 3356 981 3405 ills
1001 3360 1103 3418 omnia,
1124 3364 1150 3409 et

81 3437 134 3473 nun
153 3431 193 3473 est
213 3426 247 3474 ibt
269 3425 340 3476 aliud
360 3426 467 3475 beatum
486 3438 554 3483 esso,
575 3430 602 3474 et
621 3425 692 3475 allud
709 3438 845 3488 maguum.
859 3434 906 3477 aut
924 3428 1084 3489 sapientem,
1104 3436 1150 3479 aut

81 3505 186 3548 rerum,
207 3499 253 3544 aut
271 3497 370 3544 bonurn
383 3508 453 3555 esse,
472 3504 519 3545 aut
537 3498 646 3546 omnino
660 3498 746 3556 ipsum
766 3510 823 3547 esse
839 3516 864 3556 η
880 3500 919 3548 De
939 3500 1023 3557 Tria,
1038 3500 1087 3549 lib.
1102 3498 1147 3559 Vl,

80 3575 108 3611 c.
130 3562 162 3620 7,
183 3564 240 3613 n.8.
262 3558 298 3615 (Ξῖ
312 3580 336 3617 s.
350 3562 441 3628 lleru.,
460 3569 490 3617 ln
505 3570 592 3629 cunt„
605 3566 740 3627 Ser-mdo,
755 3574 782 3619 st
795 3566 1146 3635 s.Aiiselm.‚dtouol.,c.lti.
