2475 3909
176 68 217 136 38
577 90 758 141 orroeocn

134 172 259 257 cipinm
277 218 286 249 ,
307 192 348 237 ex
369 192 434 259 quo
461 178 645 259 categoriae
665 187 867 262 promanant3
889 175 924 242 2⁰
946 176 1112 264 quomodo
1148 200 1208 245 ens

136 274 196 336 per
216 255 393 339 categorias
414 253 589 322 dividatur.

263 375 332 430 Aur.
348 384 367 431 t.
379 379 557 446 -Quomodo
576 398 623 436 ens
641 388 675 437 stt
694 388 854 451 principium
872 391 1067 453 categoriarum

176 492 247 557 108.
270 490 338 554 Iam
362 490 553 559 innuimus¹
575 516 633 561 ens
652 516 721 561 esse
745 497 963 584 principium,
985 520 1005 563 a
1026 522 1092 587 quo
1119 515 1210 569 cate-

136 575 246 657 goriae
269 583 470 658 promanant;
490 575 651 664 siquidem
676 579 684 642 i
710 599 764 642 sae
788 599 843 644 eus
866 579 1029 665 pluribuS,
1051 582 1208 649 dirersis-

136 674 200 805 que
223 655 327 720 modis
348 654 598 723 determinatum
620 660 693 723 exhi
740 668 783 726 nt.
799 659 836 724 Id
857 663 960 747 magis
986 666 1205 750 perspicuum

161 749 172 803 t
192 737 251 801 hoc
273 748 472 823 argumento:
495 738 686 824 Cetegoriae
701 752 775 807 sunt
792 762 963 829 supremae
984 746 1149 824 notiones,
1166 746 1207 811 ad

137 840 218 907 quas
239 818 364 884 diversa
387 842 495 885 rerum
513 842 637 968 ponera
653 820 852 903 reseruntur,
870 824 1074 911 proindeque
1089 850 1208 914 supre-

140 922 211 967 mae
233 903 394 979 notiones,
417 923 499 988 quae
535 903 704 969 ediversis
720 904 816 970 rebus
830 906 1009 991 praedicari
1026 922 1165 993 possunt
1179 912 1204 972 ².

139 985 238 1068 Atqui
259 983 419 1068 quidquid
434 984 475 1049 de
489 985 599 1070 aliqua
614 1006 649 1050 re
665 985 892 1072 praedicatur,
915 988 954 1052 ad
969 990 1042 1053 eius
1056 1011 1117 1053 esse
1132 1011 1205 1077 per-

139 1068 230 1143 tinet,
254 1066 375 1162 quippe
398 1066 487 1151 quod
508 1088 570 1131 non
594 1078 697 1164 potest
709 1067 835 1154 aliquid
850 1089 924 1133 cum
939 1070 1050 1155 aliquo
1071 1078 1207 1137 coniun-

142 1148 196 1234 gi,
221 1148 283 1211 nisi
306 1148 370 1232 ipsi
392 1148 513 1225 inesse,
536 1149 661 1214 seilicet
683 1152 716 1215 iu
741 1172 780 1214 eo
801 1172 861 1214 esse
885 1151 1093 1236 intelligatur.
1118 1156 1206 1239 Ergo

141 1231 337 1315 categoriae,
361 1251 435 1294 cum
459 1232 523 1297 sint
543 1253 580 1297 su
607 1252 695 1296 rema
719 1230 928 1315 praedicandi
952 1254 1082 1317 genera,
1097 1234 1209 1301 direr-

143 1333 193 1377 sos
216 1310 327 1375 modos
349 1310 474 1407 essendi
496 1252 696 1397 signilcant,
719 1334 757 1377 ae
779 1312 915 1399 proinde
935 1336 996 1379 esee
1016 1328 1064 1381 est
1086 1318 1208 1404 princi-

143 1396 247 1481 pium,
271 1415 288 1458 a
310 1415 376 1478 quo
398 1414 485 1478 ipsae
508 1405 713 1480 promanant.

186 1478 254 1541 109.
278 1480 320 1541 At
342 1496 405 1540 vox
427 1498 476 1540 eus
501 1475 604 1541 trihus
626 1474 764 1541 diversis
786 1476 1077 1561 significationibus
1101 1478 1208 1563 accipi

144 1567 249 1643 potest
264 1558 286 1619 ⁸.
310 1559 323 1621 l
349 1578 382 1622 sa
404 1560 492 1621 enim
512 1558 707 1643 quandoque
728 1557 810 1622 illud
831 1579 892 1621 esse
913 1559 1096 1644 significat,
1144 1560 1206 1624 uod

145 1639 278 1726 copulae
301 1578 406 1704 ollucio
429 1641 463 1703 in
485 1640 711 1705 enunciatione
733 1640 791 1703 luu
816 1640 894 1716 itnr3
917 1662 946 1704 e.
972 1662 1017 1725 g.,
1038 1582 1209 1706 cumlici-

146 1743 230 1797 mue,
252 1723 395 1789 Socrates
409 1734 453 1785 cet
464 1720 585 1806 pliloso
608 1722 679 1797 luc
726 1659 895 1806 nandoque
917 1732 1025 1787 autem
1048 1725 1207 1787 essentiam

147 1808 207 1882 rei,
232 1826 347 1891 nempe
369 1802 415 1879 id,
439 1825 495 1888 per
516 1742 607 1888 quod
624 1743 790 1888 quaelibet
811 1806 911 1868 resin
927 1824 984 1867 sua
1005 1808 1115 1890 speeie
1135 1826 1209 1869 eon·

147 1888 305 1962 stituitur,
328 1907 357 1951 e.
382 1906 426 1971 g„
449 1887 670 1950 dumooitotem
694 1887 728 1949 iu
750 1885 893 1962 Socrate,
918 1888 996 1971 quia
1018 1907 1076 1972 per
1096 1888 1211 1951 liuma-

148 1972 280 2035 nitatem
304 1970 450 2035 Socrates
470 1980 518 2035 est
540 1968 657 2044 homo;
680 1965 871 2051 quandoque
895 1964 1022 2032 tandem
1044 1969 1207 2033 actualita-

149 2066 234 2128 tem,
257 2052 324 2115 sive
347 2050 505 2114 actualem
533 2049 738 2115 existentiam
765 2050 834 2125 rei,
857 2068 972 2133 nempe
995 2047 1052 2125 id,
1073 2071 1140 2137 quo
1160 2070 1209 2113 res

149 2144 223 2199 actu
246 2143 293 2198 est
316 2133 349 2196 in
371 2140 498 2197 natura.
521 2133 586 2197 Ens
608 2131 668 2197 hoo
690 2130 785 2195 tertio
808 2131 904 2196 modo
925 2142 1109 2216 acceptum,
1133 2130 1211 2197 dici-

151 2228 203 2282 tur
225 2236 275 2278 ees
297 2213 425 2279 octoole.

192 2300 262 2365 110.
287 2298 346 2360 llis
370 2293 576 2379 praestitutis,
600 2294 858 2360 demonstramus
880 2304 1066 2376 sequentem

191 2383 289 2465 Prop.
312 2379 393 2452 Eue,
416 2376 495 2462 quod
516 2388 674 2459 temquom
694 2374 891 2458 principium
912 2376 1142 2458 cotcport'orum
1158 2398 1209 2461 pe

152 2467 251 2539 nitur,
274 2482 335 2525 noc
357 2468 401 2523 est
422 2457 515 2533 illud,
536 2457 617 2543 qood
636 2456 780 2541 copulem
800 2457 1025 2523 mouciotiouie
1039 2459 1208 2532 coustituit,

152 2564 244 2630 neque
266 2542 369 2618 illud,
385 2541 471 2687 ‘qood
492 2538 650 2603 essentium
678 2539 726 2602 rei
752 2538 939 2622 simpliciter
961 2540 1142 2624 siquifieot,
1163 2538 1209 2604 sed

154 2650 167 2689 e
218 2636 384 2689 cotaeleto
416 2673 422 2686 .

170 2640 354 2772 “Probatur
375 2706 481 2792 prima
497 2722 571 2787 pars
590 2710 701 2765 contra
715 2699 872 2766 llautium
887 2704 912 2780 ⁸,
928 2711 961 2766 et
975 2702 1178 2767 llosmiuium
1189 2702 1209 2761 ⁵.

155 2790 338 2873 Cetegoriis
352 2808 415 2851 uon
429 2784 608 2884 quaeritur,
625 2804 666 2846 an
680 2782 723 2847 sit
737 2804 800 2859 res,
815 2782 871 2849 sed
885 2783 1068 2850 cuiusmodi
1090 2785 1146 2849 sit.
1162 2786 1212 2848 tt·

156 2871 214 2951 qui
235 2890 305 2939 esse,
328 2868 415 2953 quod
439 2889 472 2932 ru
493 2863 720 2931 enunciatione
742 2886 860 2930 munna
874 2865 1007 2951 copulae
1021 2864 1104 2941 obit,
1118 2864 1213 2949 signi-

157 2954 230 3019 ficet
250 2950 382 3036 quidem
405 2946 528 3034 aliquid
550 2948 634 3012 entis
654 2945 758 3010 inesse
779 2944 935 3023 subiecto,
958 2946 1010 3012 sed
1034 2947 1212 3011 cuiusmodi

156 3033 238 3101 illud
260 3034 314 3109 sit,
338 3042 447 3097 utrum
469 3028 657 3103 substantia,
681 3048 720 3091 an
743 3029 894 3111 qualitas,
917 3050 958 3093 au
980 3029 1066 3094 alius
1085 3026 1212 3113 qnidam

159 3117 273 3182 modus
293 3115 401 3190 entis,
423 3133 486 3176 non
509 3109 674 3201 patefacit.
697 3112 736 3175 E.
760 3129 815 3195 g„
839 3112 873 3178 in
898 3112 957 3177 hac
981 3113 1211 3183 enuntiatione,

513 3272 831 3289 m*

199 3354 209 3391 ¹
230 3354 293 3419 Peg.
313 3353 403 3404 d.-²
422 3349 459 3407 Gi
474 3357 571 3419 Lepte,
591 3370 650 3419 par.
671 3351 693 3411 l,
713 3366 739 3402 o.
761 3349 782 3409 l,
803 3363 829 3400 a.
850 3349 878 3409 o,
898 3362 926 3411 p.
948 3348 981 3399 lss
999 3348 1056 3400 rol.
1076 3350 1097 3402 l.

197 3426 209 3463 ³
230 3430 260 3476 ln
280 3428 323 3477 ue.
345 3428 371 3476 lt
389 3428 473 3485 sent,
493 3425 558 3477 Dist.
579 3422 703 3482 xxxttt,
723 3437 751 3487 q.
772 3420 793 3480 l,
814 3435 840 3471 a.
863 3422 873 3471 l
896 3421 929 3471 ad
950 3421 976 3470 t:

198 3494 209 3533 ⁴
231 3500 338 3560 Crtttquc
356 3500 387 3549 de
406 3500 432 3547 lc
450 3502 541 3550 roteon
558 3513 633 3563 pure,
655 3500 714 3558 top,
733 3495 894 3551 transcend„
914 3494 961 3544 lib.
975 3490 998 3550 l,
1018 3497 1084 3545 sect.
1098 3493 1152 3556 3,s
1173 3494 1210 3544 to.

199 3568 211 3605 ⁵
234 3570 328 3633 eopse..
348 3568 394 3619 lib.
417 3565 450 3630 ll,
471 3583 525 3623 eeu.
545 3568 567 3631 l,
587 3585 613 3622 o.
634 3569 710 3629 tt-tt,
730 3582 758 3634 p.
780 3564 908 3630 sictut,
928 3563 1022 3632 Napoll
1043 3566 1122 3620 1851.
