2475 3909
450 225 532 276 rsus
553 227 673 277 renem
1012 207 1055 276 83

87 305 256 396 21,hitera
290 312 422 376 maioris
456 331 530 396 pars
553 313 597 380 ita
632 311 881 377 demonstratur.
906 312 938 378 Si
961 309 1100 400 synthesi

55 391 174 477 auaipsis
195 415 256 458 nou
287 396 539 479 praemittatur,
564 403 641 460 tunc
668 393 826 480 synthesis
846 413 916 456 rem
946 393 1101 479 probaret

54 489 100 552 per
117 493 238 540 causam
261 497 324 540 uon
347 498 387 541 en
409 477 543 564 anaiysi,
559 497 617 541 seu
641 474 866 540 observatione
879 494 990 538 rerum
1013 496 1101 539 sum·
1201 533 1202 547 ,

54 561 123 630 tam,
145 555 198 620 sed
218 577 277 644 pro
298 558 436 624 arbitrio
456 557 627 624 confictam
650 559 673 619 ¹.
697 558 798 641 Atqui
820 555 966 640 cognitio
987 557 1100 620 huius-

55 631 125 699 modi
147 657 208 702 nou
230 649 335 724 potest
356 639 493 705 nohisa
540 641 606 704 rire
628 636 822 703 ohiectiram
844 635 1026 702 realitatem
1051 657 1102 701 re·
1203 694 1204 707 ,

55 732 121 778 mm.
142 717 239 804 Ergo,
260 730 298 786 ut
319 721 489 788 scientiae
513 721 666 788 iectivam
681 717 863 784 reatitatem
877 738 990 782 rerum
1004 716 1101 783 nohis
1204 730 1205 775 i

55 797 167 878 aperiat,
189 821 268 886 opus
289 813 340 868 est
360 811 397 868 ut
417 802 556 890 synthesi
579 801 719 888 anaiysis
742 799 981 884 praemittatur.

306 927 375 980 Λιτ.
397 927 518 980 v.-os
537 929 663 979 methodo
682 927 831 989 ontoiogies

85 1027 319 1112 massuetus
341 1034 535 1119 outoiogica,
559 1035 609 1102 uti
632 1030 813 1106 dirimus³‚
835 1051 874 1095 ea
896 1040 961 1110 est,
984 1031 1103 1118 inqua

56 1111 188 1177 statuitur
206 1124 346 1179 mentem
360 1114 534 1182 humanam
549 1115 609 1180 Dei
628 1115 800 1181 intuitione
816 1111 896 1188 isui,
912 1124 1009 1212 atque
1023 1115 1105 1179 hauc
1209 1156 1210 1175 i

58 1211 111 1255 esse
131 1195 350 1342 principium,
374 1220 416 1263 ex
437 1221 503 1284 quo
526 1200 597 1296 ipsa
625 1216 736 1261 omnes
757 1215 808 1258 res
830 1194 994 1281 inteiligit.
1019 1196 1105 1260 Hinc
1210 1248 1211 1251 ,

58 1275 213 1341 seeundum
265 1278 411 1363 ntologos
441 1281 663 1366 principium,
685 1297 727 1340 ex
747 1296 812 1361 quo
836 1296 888 1341 res
909 1288 1006 1354 suut,
1036 1279 1104 1343 sire

59 1353 184 1422 Primum
207 1359 441 1443 Ontotoqiessm,
464 1371 497 1428 et
517 1359 743 1455 principium,
765 1377 807 1422 ex
828 1378 893 1441 quo
915 1379 967 1422 res
988 1378 1106 1444 cogno·

59 1449 181 1517 scantur,
204 1439 273 1505 sive
291 1442 440 1507 Primum
457 1444 723 1528 Psycheiopseum,
746 1449 793 1503 est
814 1459 929 1517 unum,
942 1438 1105 1524 idemque

61 1518 253 1659 principium,
275 1523 363 1607 quod
386 1524 588 1602 Giohertius,
612 1531 650 1587 ut
670 1521 777 1586 omnis
798 1521 1026 1604 aequivocatio
1048 1523 1109 1587 toi·
1143 1536 1149 1561 ¹

70 1611 171 1678 eretur,
196 1603 345 1668 Primum
369 1605 622 1691 Philosophiam
644 1601 768 1669 dictum
790 1600 906 1668 vetnit.

89 1681 181 1748 93.1n
196 1684 426 1772 Dynamiiogia
442 1689 691 1753 ahnormiiatem
707 1681 913 1749 ostendemus
928 1684 1018 1750 iilius
1031 1705 1108 1770 pro-

62 1765 176 1830 nuntiati
192 1768 418 1855 metaphysiei,
433 1769 520 1854 quod
535 1767 688 1851 Outologi
702 1776 863 1843 assemut,
878 1765 1004 1832 scilicet
1018 1787 1108 1830 men·

62 1851 111 1907 tem
131 1858 271 1914 nostram
294 1849 482 1917 immediate
502 1852 625 1916 intueri
641 1850 760 1914 Deum.
774 1847 944 1924 Quatenus
957 1846 999 1912 ad
1012 1850 1110 1934 Logi-

61 1943 116 1988 eam
126 1929 500 2018 attinet,ontoiogismum
514 1931 697 1998 refutamus
712 1929 857 2015 sequenti
872 1930 1107 2015 Propositione:

77 2005 133 2095 ,ἢ
156 2012 323 2078 Methodus
345 2015 515 2097 entolopicc
537 2015 634 2080 vetuti
651 2014 743 2078 senice
757 2021 931 2098 opportuna
950 2012 991 2076 ud
1011 2013 1110 2076 seien-

63 2095 123 2150 tum
141 2093 265 2159 adstrui
285 2096 402 2180 nequit.
658 2163 662 2171 ,

77 2169 253 2260 ¹i’rotiutur.
276 2175 319 2242 Ut
339 2177 448 2262 aliqua
464 2175 632 2244 methodus
645 2176 741 2242 unice
756 2185 940 2261 opportuna
954 2174 995 2241 ad
1009 2181 1112 2243 soien-

65 2257 114 2317 tue
133 2255 339 2354 adeptionem
360 2258 433 2326 iure
455 2258 521 2323 dici
545 2261 659 2344 possit,
683 2259 797 2345 iogicis
818 2259 992 2324 momentis
1013 2261 1114 2327 ratio·

65 2349 145 2430 tium,
168 2359 235 2405 sive
258 2360 276 2404 a
299 2342 451 2406 scientiae
473 2351 588 2407 natura
617 2342 727 2427 petitis
754 2340 851 2406 inuiti
878 2338 984 2406 dehet.
1011 2342 1114 2426 Atqui

65 2410 115 2512 1!qu
133 2423 303 2487 momentis
324 2423 504 2498 rationum,
527 2444 609 2508 quae
631 2423 784 2508 Outoiogi
806 2421 847 2487 ad
869 2442 947 2487 suae
969 2423 1115 2488 methodi

66 2508 206 2568 rationem
228 2502 429 2570 reddendam
451 2525 469 2569 a
491 2503 596 2590 logica
617 2504 793 2584 hauriunt,
822 2504 911 2570 nulia
939 2505 989 2570 vis
1016 2506 1111 2571 inest.

93 2725 217 2787 'itenere
236 2738 283 2788 hic
303 2745 436 2803 praestat,
457 2755 565 2791 eausam
586 2755 634 2805 pro
653 2741 763 2792 arbitrio
781 2739 932 2802 contingere
950 2737 1023 2789 atiud
1043 2752 1114 2798 esse,

67 2809 89 2880 *ξ
105 2803 180 2866 ipsam
197 2816 274 2861 recto
293 2813 407 2862 alicuius
425 2815 572 2880 hypothesis
591 2828 640 2864 usu
654 2815 823 2877 investigare.
838 2808 887 2862 Est
899 2813 971 2861 enim
985 2812 1116 2876 hypothe-

68 2881 93 2918 ΙΙ·
108 2880 187 2939 ΨΜ
206 2897 240 2933 se
257 2884 376 2947 pturihus
392 2888 529 2951 principiis
546 2887 716 2951 probabiliter
734 2887 867 2937 constitum
885 2886 920 2935 od
933 2885 1117 2948 expiicondum

69 2953 171 3012 issum,
190 2961 237 3005 urst
255 2962 380 3008 naturum
398 2957 507 3008 otherius
525 2962 584 3016 rei,
610 2973 676 3024 quae
692 2973 774 3023 neque
791 2958 949 3021 experientia
967 2959 1114 3018 innotescit,

68 3027 130 3080 ”titt
145 3027 226 3078 adise
243 3030 348 3080 ratione
366 3031 542 3080 demonstrate
560 3036 608 3080 est.
629 3028 757 3090 Scitteet,
782 3029 926 3093 aliquando
949 3042 982 3078 ex
1000 3029 1118 3092 phaeno-

70 3093 124 3141 ueni
140 3097 324 3149 observatione
342 3102 400 3151 eius
419 3115 529 3152 seusam
555 3107 628 3152 recte
650 3104 691 3153 ris
716 3103 866 3167 perspicere
891 3113 943 3150 nou
963 3114 1115 3163 possumus.

71 3153 122 3222 ¹¹¹⁵,
138 3170 240 3232 quoties
260 3171 285 3221 id
305 3172 423 3231 accidit,
444 3175 518 3224 iurat
537 3173 698 3238 probabilem
718 3187 828 3226 esuum
847 3173 919 3223 titius
939 3171 1117 3235 phaenomeni

71 3243 163 3300 tinere,
175 3243 348 3308 repetitisque
361 3245 598 3304 observationibus,
612 3250 639 3297 et
652 3246 838 3310 experimentis
851 3243 1010 3307 expendere.
1025 3249 1117 3296 utrum

72 3313 106 3364 itt
119 3309 198 3375 ipsam
218 3315 287 3366 ratio
307 3317 380 3367 reddi
399 3319 480 3382 possit
499 3331 604 3378 eorum,
625 3333 694 3384 quse
714 3320 740 3370 iu
759 3319 805 3369 iiio
825 3317 1009 3380 phaenomena
1022 3329 1120 3368 occur·

72 3385 124 3432 rant.
143 3383 220 3438 Porro
239 3390 411 3452 perspicuum
431 3396 487 3451 est,
507 3404 554 3455 pro
573 3404 606 3441 eo
626 3397 655 3441 ut
674 3393 770 3456 ptura,
791 3390 833 3440 rei
852 3389 979 3450 pauciore
999 3387 1118 3446 phaeno—

37 3501 38 3504 ,
74 3455 126 3502 esni
143 3457 267 3510 adiuncta
285 3463 419 3526 explicare
437 3465 576 3527 contingit,
597 3469 713 3521 eertum,
733 3463 775 3514 rei
795 3460 898 3523 msgis,
918 3461 1040 3512 minuere
1058 3474 1121 3524 pro·

37 3555 38 3566 κ
73 3515 138 3654 :pppis
155 3529 223 3654 desp²
241 3545 295 3656 nep
314 3536 395 3586 etism
421 3537 506 3599 reipsa
526 3537 675 3588 esseillius
694 3532 1016 3600 phaenomeniesussm,
1036 3546 1120 3598 quem

140 3615 195 3654 suns
242 3619 295 3657 es.

39 3729 42 3764 ,Ι
100 3665 149 3724 ²t.
169 3677 262 3728 serr.

868 3745 888 3784 *k

1096 3794 1220 3852 §A
