2475 3909
497 199 772 248 snrnnoronoorn
1059 181 1120 248 223

89 303 177 348 mere
201 283 374 371 physicae,
400 280 478 366 quia
506 303 570 346 uon
601 283 849 368 proficiscuntur
871 300 888 344 a
910 281 1075 366 principio
1099 280 1163 365 ipsi

89 364 240 431 cadaveri
262 365 373 439 insito,
388 363 441 428 sed
458 365 492 427 in
508 365 664 430 cadavere
686 386 706 429 a
728 362 903 448 principio,
919 361 1005 447 quod
1022 363 1162 446 positum

89 458 182 512 extra
206 448 313 531 ipsum
336 455 402 521 est,
424 446 618 512 excitantur.
643 445 815 521 Secundo,
839 453 945 508 motus
967 443 1165 509 contractili-

90 530 187 606 tatis,
210 530 267 611 qni
291 528 324 591 in
347 525 503 591 memhris
525 528 674 612 corporis
695 527 831 602 recisiS,
860 534 916 590 aut
944 527 978 589 in
1006 524 1162 589 cadavere

91 610 239 674 animalis
261 609 425 684 violenta,
451 607 625 695 subitaque
649 619 751 674 morte
775 606 916 704 perculsi
938 604 1162 681 observantur,

91 711 156 755 non
180 691 221 756 ah
243 691 309 756 alia
330 709 426 755 causa
448 690 613 774 repetendi
636 699 727 767 sunt,
751 690 814 754 msi
836 687 877 752 ah
899 689 1043 765 actione,
1066 708 1164 773 quam

91 773 198 857 princi
224 774 292 836 ium
315 773 401 836 vitae
424 783 497 837 ante
520 785 658 837 mortem
681 769 831 836 animalis
854 771 887 834 iu
910 770 1069 834 musculis
1090 788 1164 834 exe·

91 854 171 918 ruit.
195 794 302 929 dam,
325 855 454 937 quoties
481 854 602 917 animal
627 863 730 918 morte
758 852 899 918 violenta
927 853 1087 929 afficitur,
1110 861 1167 916 aut

92 936 204 1018 aliquo
231 933 378 999 membro
408 954 468 1019 per
494 936 685 1002 violentiam
714 937 883 1021 privatur,
914 955 1042 1000 necesse
1063 943 1112 998 est
1132 933 1165 998 in

94 1017 267 1092 cadavere,
290 1027 345 1081 aut
367 1016 401 1080 in
422 1016 570 1083 membro
592 1018 696 1082 reciso
720 1025 842 1092 motus,
865 1037 946 1101 quos
970 1018 1076 1082 anima
1099 1016 1166 1080 iam

93 1099 128 1163 in
150 1098 305 1164 musculis
333 1096 554 1182 produxerat,
584 1121 648 1164 non
677 1099 767 1164 illico
796 1119 943 1174 cessare,
971 1097 1106 1182 perinde
1128 1115 1166 1160 ao

93 1180 213 1246 chorda
235 1180 352 1266 pollice
376 1181 462 1255 icta,
485 1179 590 1266 digito
613 1192 744 1256 amoto,
769 1202 832 1246 nou
854 1183 1008 1245 continuo
1035 1177 1165 1247 vibrare

91 1260 227 1329 desistit.
250 1263 457 1348 Quapropter
484 1283 524 1327 ne
549 1263 595 1327 hi·
611 1261 747 1347 quidem
777 1273 883 1328 motus
908 1261 1168 1330 contractilitatis

91 1356 168 1410 sunt
189 1346 256 1411 veri
278 1355 369 1410 actus
392 1345 485 1412 vitae.

504 1464 685 1531 GAPVT
720 1467 761 1529 V.

455 1586 505 1650 ne
536 1586 629 1651 sede
663 1589 811 1653 animae

212 1715 279 1765 Aer.
296 1712 315 1762 l.
325 1741 356 1750 —
366 1712 584 1774 Philosophorum
599 1713 720 1762 diversae
733 1714 870 1774 opiniones
883 1715 1054 1762 recensentur

135 1821 187 1888 83.
204 1819 326 1884 Mirum
348 1825 426 1901 quot
447 1816 535 1879 circa
556 1814 667 1880 sedem
688 1817 814 1880 animae
838 1825 959 1882 veteres
978 1813 1168 1898 Philosophi

92 1901 291 1997 protulerint
317 1898 526 1963 sententies¹.
555 1897 598 1961 Ut
627 1900 818 1982 praecipuas
849 1897 1046 1972 innuamus,
1075 1897 1166 1960 Pluto

95 2004 224 2047 animae
246 1978 355 2045 sedem
378 1979 539 2064 incapite
562 1979 692 2043 locavit.
716 1979 919 2056 Aristoteles,
935 1998 1008 2042 cum
1023 1979 1165 2042 animam

93 2064 234 2128 formam
257 2059 502 2126 substantialem
523 2060 672 2145 corporis
692 2081 762 2126 esse
784 2061 944 2138 docuerit,
966 2079 1037 2124 eam
1059 2061 1169 2143 singu-

94 2147 138 2211 lis
162 2144 309 2231 partibus
329 2152 419 2208 arcto
441 2162 529 2207 nexu
551 2143 733 2209 coniunxit.
749 2142 850 2208 Stoici
866 2143 1009 2207 animum
1024 2141 1168 2205 rationa-

95 2226 162 2292 lem
184 2228 217 2291 in
241 2223 338 2290 corde
359 2223 575 2309 praecipuum
597 2223 704 2287 locum
727 2222 889 2302 obtinere,
905 2232 1002 2318 atque
1020 2221 1094 2287 inde
1106 2239 1169 2368 per

94 2306 241 2394 reliquas
262 2307 411 2392 corporis
436 2316 545 2390 partes
566 2325 599 2370 se
623 2303 816 2390 protendere
839 2307 964 2390 opinati
980 2305 1089 2370 sunt².
1136 2323 1169 2366 e-

136 2553 299 2618 ¹CrP1nr.,
322 2561 359 2608 De
376 2559 445 2623 plac.
466 2559 547 2616 Phil..
566 2559 614 2608 lib.
635 2555 680 2618 lV,
701 2573 726 2608 o.
748 2559 774 2609 5.

135 2629 215 2680 2111ο
243 2631 289 2680 ahs
314 2644 341 2680 re
367 2645 421 2680 non
444 2631 497 2680 erit
520 2629 648 2680 adnotare
668 2631 827 2681 testimoniis
846 2643 882 2680 ss.
904 2625 1123 2692 scripturarum,
1143 2637 1170 2680 ei

96 2702 209 2755 Pnlrum
228 2713 274 2751 eos
293 2705 409 2752 maxime
428 2702 512 2762 abuti,
533 2705 578 2766 qui
598 2703 756 2752 sententiam
771 2696 982 2753 Christianorum
994 2701 1058 2752 huic
1071 2704 1171 2754 stoicae

97 2776 263 2828 simillimum
290 2776 411 2836 prohant.
433 2769 499 2824 llam
518 2776 637 2838 aliquam
659 2773 815 2824 affinitatem
835 2776 905 2826 inter
923 2774 992 2823 hano
1011 2774 1044 2823 de
1063 2777 1124 2825 aede
1143 2789 1172 2824 u-

96 2851 190 2900 nimus
207 2848 378 2910 opinionem,
397 2852 426 2898 ct
444 2847 490 2897 111ι
509 2847 589 2897 rerba
608 2847 665 2899 slve
683 2859 753 2911 quas
777 2846 902 2910 leguntur
926 2847 962 2897 od
981 2849 1067 2905 Rom..
1088 2861 1114 2898 o.
1134 2843 1170 2905 ll,

100 2933 130 2970 v.
154 2920 206 2976 10,
226 2923 303 2970 corde
320 2923 432 2971 creditu
450 2923 485 2970 ud
503 2921 648 2978 iustitium,
668 2921 722 2969 sire
746 2933 815 2983 quae
835 2921 905 2978 Art„
925 2932 952 2968 c.
972 2916 1003 2976 l,
1024 2934 1049 2968 r.
1070 2918 1125 2980 il,
1145 2925 1172 2970 et

98 3007 127 3041 c.
149 2987 208 3051 XV,
231 3006 256 3042 r.
277 2993 304 3050 8,
325 2992 358 3041 de
377 2989 432 3042 lieo
451 2990 572 3041 cordium
590 2995 750 3049 scrutatore,
770 2997 886 3055 siquae
905 2991 969 3041 alihi
988 2992 1084 3042 similis
1098 2996 1171 3051 sunt,

98 3077 182 3114 nemo
202 3077 329 3127 umquam
349 3060 549 3126 scripturarum
568 3064 699 3126 interpres
717 3063 792 3122 vidit,
807 3077 856 3114 neo
871 3064 958 3114 ridere
978 3067 1091 3126 poter-sn
1106 3077 1174 3127 qno·

99 3136 177 3188 niam
197 3136 283 3194 haec,
303 3135 408 3200 aliaque
427 3135 461 3185 sd
481 3137 597 3185 internos
615 3136 697 3184 animi
717 3148 830 3195 muros,
850 3135 1056 3198 affectionesque
1075 3135 1173 3199 signill-

100 3208 203 3258 oandas
222 3207 291 3257 dicta
312 3207 392 3257 luisse
411 3209 509 3271 coique
529 3207 672 3270 perlegenti
693 3205 807 3258 feciliter
825 3207 953 3258 occurrit.
975 3206 1051 3262 item.
1073 3221 1109 3256 ss.
1126 3206 1174 3258 Pa-

99 3288 170 3338 tres,
190 3281 212 3329 sl
232 3292 280 3330 cor
297 3280 441 3343 eliquando
459 3279 543 3330 veluti
561 3281 642 3329 animi
662 3279 752 3329 sedern
772 3281 948 3337 constituunt,
969 3279 994 3328 id
1014 3281 1170 3336 docuerunt,

84 3357 133 3436 ‚ut
152 3364 200 3402 cor
219 3351 377 3415 principium
395 3352 540 3403 affectuum
558 3364 616 3401 esse
636 3353 786 3411 innuerent,
805 3357 886 3417 atque
906 3351 1008 3402 Platoni
1027 3351 1132 3402 chriam
1152 3354 1173 3399 1-

99 3428 175 3483 rent,
194 3425 241 3487 qni
260 3437 353 3474 omnes
370 3425 451 3474 nnimi
470 3422 607 3474 affectura
622 3424 731 3474 cerebro
743 3424 806 3475 oriri
819 3428 947 3475 conserat.
964 3420 1031 3473 Satis
1043 3426 1078 3474 sit
1092 3423 1172 3473 rorha

100 3497 240 3561 prolerre,
260 3509 329 3560 quae
349 3510 372 3546 s.
392 3495 568 3558 Hieronymus
586 3495 704 3558 adhibet,
725 3509 831 3560 nempe:
854 3515 865 3541 ι
889 3493 936 3548 Est
955 3495 1102 3559 principale
1121 3509 1173 3546 non

100 3568 251 3635 urendum
264 3568 403 3620 Platonem
423 3571 449 3620 in
467 3568 587 3627 cerebro,
601 3568 646 3619 sed
661 3569 730 3621 iuxta
746 3565 883 3622 Christum
897 3571 923 3620 in
936 3569 1016 3620 corde
1032 3589 1057 3630 n,
1074 3571 1173 3621 comm,

102 3645 133 3692 in
153 3643 200 3692 m.
221 3642 327 3704 Matth,
347 3641 395 3691 lih.
416 3638 451 3702 ll,
470 3654 496 3691 o.
520 3640 562 3692 ¹5.
