2475 3909
516 163 719 214 cosnocoura
1049 153 1109 224 157

76 259 230 326 currant3
253 267 447 312 concurrere
479 258 586 313 autem
619 250 660 315 ad
692 251 778 316 hunc
806 253 940 317 unicum
962 250 1059 317 finem
1082 276 1147 320 non

75 340 224 415 possunt,
240 330 301 393 nisi
324 349 374 394 res
398 329 486 418 ipsae
503 331 587 395 inter
602 351 636 398 se
656 334 828 419 colligatae
851 337 928 410 sint,
944 355 1060 421 nempe
1081 337 1146 401 nisi

72 411 191 479 ordine
213 414 299 478 inter
319 433 352 478 se
373 412 610 482 contineantur.
629 416 717 498 Ergo
739 417 766 480 si
782 428 916 483 cunctae
933 437 996 491 res,
1011 438 1052 486 ex
1073 417 1149 502 quia

73 493 138 559 bus
160 492 301 562 mundns
321 491 503 571 conflatur,
526 497 659 560 unicum
682 509 820 586 systema
848 499 1041 576 efformant,
1064 498 1145 564 ordo

74 576 190 663 procul
211 575 313 641 dubio
336 577 369 640 in
391 574 514 642 mundo
534 578 648 643 existit
662 579 686 641 ¹.

118 659 187 723 ltu.
212 656 454 726 Advertendum
477 659 577 724 etium
600 672 648 727 est
663 659 812 726 ordinem
827 661 1057 738 universatem,
1102 683 1146 728 uo

72 761 128 805 res
150 761 262 805 omnes
284 741 419 807 unicum
443 741 555 806 mundi
580 753 718 828 systema
739 745 950 821 constituunt,
972 764 1014 808 ex
1036 683 1150 814 multis

74 821 248 888 ordinibus
280 821 537 908 particularibus
559 824 643 888 inter
666 846 699 890 se
727 826 883 890 connexis
905 825 1082 896 efformari.
1111 826 1148 896 ld

73 926 93 969 a
118 925 143 970 s.
167 904 289 969 Tboma
312 906 461 989 sequenti
484 909 724 991 comparatione
751 905 946 974 declaratur:
970 909 1148 991 «Oportet

72 985 162 1133 quod
184 1008 297 1054 omnes
332 987 546 1076 particulares
573 986 703 1052 ordines
723 987 784 1056 sub
807 989 865 1056 illo
896 988 1074 1059 uniuersali
1097 1011 1148 1056 or-

98 1071 152 1135 ine
175 1069 415 1148 contineantur,
434 1079 466 1136 ct
487 1068 528 1134 ab
551 1069 608 1138 illo
630 1069 836 1151 descendant,
880 1074 913 1138 ui
936 1073 1149 1138 inveniuntur

71 1151 109 1216 in
132 1149 242 1228 rebus,
266 1150 444 1218 secundum
467 1149 555 1236 quod
576 1173 593 1216 a
617 1154 723 1238 prima
745 1175 841 1220 causa
858 1093 1055 1240 dependent.
1080 1155 1149 1222 flu,

71 1231 215 1297 iusmodi
245 1235 433 1319 exemplum
462 1234 496 1297 in
521 1232 667 1318 politicis
694 1235 895 1302 considerari
924 1244 1036 1322 potest.
1064 1235 1148 1306 Nam

72 1335 187 1382 omnes
209 1313 379 1382 domestici
407 1316 506 1382 unius
536 1314 784 1400 patrisfamilias
805 1318 953 1384 ordinem
974 1315 1148 1402 quemdam

71 1395 117 1463 ad
139 1397 277 1463 invicem
293 1397 423 1475 babent,
447 1395 623 1464 secundum
645 1397 730 1482 quod
753 1401 785 1466 ei
809 1399 1000 1465 subduntur.
1023 1399 1147 1464 Rursus

72 1488 183 1544 autem
206 1490 271 1545 tam
293 1482 363 1567 ipse
385 1475 637 1565 paterfamilias,
652 1501 749 1565 quam
772 1503 883 1548 omnes
905 1481 975 1555 alii,
995 1481 1051 1626 qui
1074 1490 1148 1546 sunt

71 1582 151 1627 suae
175 1562 331 1639 civitatis,
354 1561 503 1632 ordinem
528 1560 701 1645 quemdam
729 1562 768 1628 ad
799 1565 938 1630 invicem
961 1562 1000 1629 ba
1024 1571 1092 1638 ent,
1115 1571 1148 1630 et

72 1640 115 1710 ud
137 1645 319 1730 principem
342 1644 497 1720 civitatis,
519 1644 573 1727 qui
592 1643 710 1713 iterum
725 1667 798 1711 eum
817 1644 978 1721 omnibus,
993 1646 1049 1730 qni
1071 1653 1146 1709 sunt

73 1727 110 1792 in
133 1745 248 1810 regno,
272 1725 413 1811 aliquem
436 1722 584 1790 ordinem
600 1725 697 1792 babet
717 1727 755 1792 ad
780 1730 917 1812 regem²
942 1751 970 1789 n.

117 1808 187 1875 143.
212 1809 309 1895 Prop.
335 1807 382 1872 2³.
406 1807 501 1872 Nihil
518 1806 662 1892 probibet
683 1811 850 1904 quominus
882 1809 957 1873 ordo
988 1807 1147 1872 naturalis

72 1889 111 1952 iu
133 1891 247 1956 mundo
269 1911 340 1956 euru
368 1889 598 1972 supernaturali
619 1901 837 1974 concurruntur.

115 1973 286 2038 Probatur.
310 1971 399 2038 Ordo
421 1972 676 2057 supernaturalis
696 1995 802 2060 neque
823 1994 864 2038 ex
880 1981 972 2056 purte
993 1971 1070 2046 Dei,
1093 1991 1147 2034 ne·

71 2073 137 2200 qpe
159 2078 199 2120 en
218 2065 309 2141 porte
329 2074 436 2119 rerum
458 2065 657 2130 erectarum,
684 2077 788 2141 neque
811 2076 851 2119 ece
868 2065 960 2138 porte
985 2053 1105 2118 ordinis
1127 2075 1146 2122 u

93 2137 139 2198 're
159 2142 254 2206 menti
275 2137 418 2222 aliquam
441 2137 686 2220 repugnantiam
707 2135 849 2204 exhibet.
872 2139 972 2222 Ergo.
993 2137 1036 2204 Et
1057 2155 1145 2213 sune,

72 2239 140 2285 non
162 2231 321 2307 repugnat
342 2242 361 2282 o
380 2229 468 2303 purte
490 2217 562 2293 Der}
586 2240 660 2283 nam
680 2219 854 2305 sapientia,
870 2229 901 2285 et
915 2218 1062 2303 potentia
1084 2215 1145 2282 Dei

71 2304 238 2368 creatione
262 2313 395 2367 naturae
417 2320 480 2364 non
502 2298 753 2377 exhauriuntur,
777 2321 814 2364 ae
830 2299 966 2386 proinde
988 2299 1075 2364 Deus
1096 2320 1147 2364 rev

70 2380 173 2448 busa
195 2405 228 2450 se
251 2383 369 2449 creatis
397 2380 629 2466 perlectionem
653 2383 766 2470 largiri
790 2390 894 2468 potest
914 2383 1072 2447 maiorem
1094 2402 1145 2457 ea,

71 2485 172 2549 quam
187 2488 299 2532 earum
320 2478 433 2530 natura
458 2463 654 2549 expostulat,
669 2465 713 2532 ita
728 2477 765 2531 ut
779 2466 922 2530 actiones
944 2464 1062 2528 nativis
1077 2465 1145 2527 suis

71 2545 202 2614 viribus
224 2546 407 2634 superiores
429 2566 582 2610 exercere
605 2557 735 2630 queant.
753 2548 820 2612 Nec
841 2556 1003 2632 repugnat
1022 2567 1042 2608 c
1054 2558 1146 2628 porte

70 2648 179 2692 rerum
202 2643 394 2703 erectarum
410 2628 469 2692 hae
493 2629 594 2702 einim,
619 2641 654 2693 ut
675 2628 755 2693 alibi
778 2627 1145 2711 diximus³,poteutiam

71 2709 256 2777 obedieutiae
278 2735 295 2777 a
318 2711 387 2776 Deo
408 2722 615 2794 acceperunt,
639 2721 675 2775 nt
698 2711 824 2776 valeant
845 2731 883 2774 ea
908 2710 996 2774 inse
1021 2712 1144 2796 recipe-

70 2813 120 2862 re.
145 2795 194 2859 vel
218 2817 234 2859 a
259 2817 337 2871 ere,
359 2814 443 2878 quae
468 2791 636 2856 facultates
657 2813 732 2856 suas
753 2792 916 2856 naturales
941 2801 1146 2877 praetergre-

72 2873 222 2942 diuntur.
277 2900 314 2942 ee
336 2876 467 2942 demum
489 2895 529 2940 eu
547 2883 639 2959 purte
666 2874 786 2938 ordinis
806 2897 825 2937 o
847 2874 910 2937 Deo
930 2875 1046 2950 erroti;
1071 2893 1145 2938 narn

72 2956 155 3021 ordo
177 2957 432 3044 supernaturalis
447 2955 596 3022 ordinem
618 2956 799 3021 naturalem
821 2954 1010 3026 distinctum
1026 2964 1144 3030 servat,

73 3051 106 3105 et
122 3040 242 3125 ipsum,
259 3044 337 3126 quin
362 3039 541 3126 perturbet,
559 3037 700 3123 perlicit,
740 3039 794 3102 nia
817 3050 950 3104 naturas
973 3057 1082 3101 rerum
1105 3036 1146 3099 ad

74 3122 219 3188 actiones
240 3125 420 3210 superioris
443 3120 567 3188 ordinis
589 3060 767 3186 exerendas
790 3131 881 3206 aptas
902 3117 1021 3189 reddit.

451 3270 763 3290 run-m

112 3361 124 3402 ¹
144 3361 308 3419 lneredutos,
329 3363 373 3424 qut
395 3360 477 3416 strala,
497 3370 564 3425 qnae
585 3359 611 3407 tn
631 3357 730 3407 mundo
748 3357 962 3422 conspiciuntur,
975 3362 1146 3421 exaggerant,

76 3442 105 3486 ut
124 3449 155 3486 er
176 3437 217 3485 bis
236 3436 355 3484 orditum
375 3435 400 3482 in
421 3431 519 3484 mundo
538 3430 681 3480 desiderari
700 3430 855 3491 conficiant,
875 3431 902 3481 in
920 3430 1053 3494 Ybrolnqr'u
1071 3438 1148 3481 uetu-

76 3511 128 3560 rutt
148 3509 333 3558 refutabimus.

113 3581 125 3617 ²
145 3585 233 3632 Corrtr.
255 3585 342 3638 licut,
364 3579 408 3626 lib.
432 3574 476 3633 lll¹
498 3591 524 3624 e.
545 3575 589 3624 98.

113 3653 124 3690 ³
143 3651 178 3706 t‘t
195 3656 323 3720 Dprruur„
345 3664 371 3701 c.
393 3647 413 3712 l,
434 3663 459 3700 a.
481 3649 508 3710 8,
530 3663 556 3710 p.
582 3647 630 3698 103
650 3661 680 3712 sq
699 3647 753 3700 tol.
774 3644 796 3699 l.
836 3684 856 3702 ·.
