2475 3909
181 148 242 217 306
468 172 654 221 snsonoom
677 174 865 223 servanus

141 263 248 317 motus
267 250 337 317 sine
353 254 460 338 primo
482 268 628 321 movente
652 256 824 335 immobili,
839 254 926 343 quod
941 255 1028 321 Deus
1048 266 1117 333 est,
1131 257 1206 323 exi·

139 344 224 399 stere
247 354 311 398 non
332 346 445 420 potest.
470 337 557 424 Ergo
577 337 690 404 existit
709 338 809 404 Deus.

178 416 230 480 92.
252 416 364 483 Minor
385 420 537 485 triacum
563 418 705 496 lectitas,
723 440 837 506 nempe
853 417 887 485 1⁰
903 428 1025 485 motum
1045 432 1206 507 expostu-

138 498 206 562 lare
227 497 270 563 ali
295 498 359 564 uod
381 522 512 566 movens
534 440 725 568 distinctum
747 502 787 567 ab
810 504 878 587 ipsa
902 522 961 578 re,
983 521 1066 587 quae
1088 524 1201 567 more·

139 594 209 659 tur;
224 520 515 647 &deveniendum
537 605 606 649 esse
630 584 669 648 ad
693 586 835 670 aliquem
859 585 1001 668 primum
1023 584 1202 655 Motorem‚

138 664 193 747 qui
216 686 235 728 a
256 664 346 729 nullo
367 672 546 743 moveatur,
561 679 594 733 et
613 688 631 731 a
647 687 713 753 quo
736 679 842 731 motus
863 666 969 729 omnis
983 662 1128 732 aliorum
1153 670 1203 733 in-

137 746 257 892 cipiat3
279 745 313 814 3ο
333 746 516 814 huiusmodi
538 749 697 816 liotorem
720 769 787 812 esse
808 747 925 811 Deum.
943 748 1028 811 llaec
1052 751 1114 814 tria
1136 752 1204 815 sin·

137 826 169 913 gi
186 830 274 894 latim
303 829 406 915 planis
434 832 633 916 argumentis
656 830 934 895 demonstrantur:
958 827 991 892 1⁰
1014 830 1103 895 Nihil
1135 856 1205 897 ιιιο-

135 922 240 989 setus,
264 912 325 976 nisi
348 924 444 1000 prout
466 923 514 978 est
536 915 568 977 in
591 915 734 999 potentin
755 912 793 976 nd
810 910 856 987 id,
871 908 912 973 ad
933 910 1019 996 qnod
1035 928 1201 995 moretum

135 1016 154 1057 e
175 994 350 1072 contrario,
373 994 454 1059 nibil
475 1009 584 1061 movet
604 994 706 1072 aliud,
729 994 791 1059 nisi
815 1004 913 1080 prout
933 1004 982 1059 est
1003 996 1037 1058 in
1060 1008 1150 1073 autu,
1165 1020 1202 1064 n-

135 1076 366 1173 numquodque
389 1077 475 1141 enim
497 1078 577 1163 agit,
599 1088 757 1162 quatenus
778 1086 827 1141 est
846 1077 881 1139 in
902 1085 985 1139 octo.
1009 1080 1113 1163 Atqui
1135 1102 1201 1146 non

134 1171 183 1225 est
262 1157 357 1224 sibile
380 1158 467 1224 idem
488 1160 585 1225 simul
609 1180 678 1225 esse
703 1162 736 1224 in
759 1158 920 1245 potentia,
944 1170 977 1225 et
996 1160 1132 1228 inacta
1154 1186 1201 1228 se-

134 1262 197 1307 eun
222 1262 276 1306 nm
299 1238 397 1305 idem.
416 1242 504 1327 Ergo
525 1241 616 1307 aliud
640 1240 736 1308 debet
757 1260 826 1306 esse
849 1260 993 1318 movens,
1014 1242 1110 1308 aliud
1134 1267 1201 1311 mo·

132 1337 220 1403 tnm;
244 1337 277 1391 et
299 1323 432 1410 proinde
455 1324 503 1403 id,
523 1324 610 1411 qnod
634 1335 795 1400 movetur,
817 1320 858 1388 ab
879 1322 945 1388 alio
972 1340 1148 1393 moveatur
1167 1350 1200 1393 o-

178 1416 251 1472 rtet.

132 1427 209 1566 po2⁰
229 1489 262 1556 Si
287 1492 321 1553 in
343 1487 567 1564 moventibus,
591 1499 625 1553 et
646 1490 743 1554 motis
765 1506 955 1573 progressus
975 1488 1009 1552 in
1030 1490 1199 1558 inlinitum

132 1570 374 1646 admitteretur,
399 1572 442 1636 ita
465 1567 620 1647 utillud,
643 1568 729 1656 qnod
751 1580 873 1645 movet,
898 1568 938 1633 ab
960 1570 1026 1637 alio
1049 1594 1201 1639 morere-

131 1667 196 1730 tur,
211 1667 244 1722 et
264 1653 324 1719 boe
345 1673 458 1718 rursus
479 1651 520 1719 ab
542 1651 619 1729 alio,
635 1664 666 1719 et
687 1654 733 1718 sic
754 1650 868 1716 deinee
893 1671 920 1729 s,
934 1655 1013 1738 quin
1035 1674 1197 1743 umquam

131 1735 322 1803 deveniatnr
347 1733 387 1799 ad
410 1735 555 1820 primum
579 1755 711 1801 movens
733 1672 927 1807 immobille,
950 1733 1099 1802 infinitae
1130 1760 1198 1804 ma-

129 1820 235 1883 tiones
262 1838 458 1896 causarum,
480 1827 513 1882 et
534 1818 733 1884 moventium
762 1816 970 1901 superiorum
998 1838 1197 1887 concurrere

129 1900 295 1978 deberent,
318 1910 356 1967 nt
377 1909 483 1965 motus
506 1901 540 1964 in
561 1900 672 1998 aliqua
694 1920 730 1964 re
752 1899 940 1983 contingere
963 1901 1074 1985 possit.
1091 1906 1195 1991 Atqui

128 1982 293 2052 inlinitum
315 1982 504 2068 pertransiri
527 1992 651 2067 nequit.
674 1984 787 2065 Ergo,
810 1981 873 2045 nisi
895 1981 934 2045 ad
957 1983 1104 2067 primum
1130 2008 1197 2053 mo·

128 2086 207 2130 rens
229 2064 396 2131 immobile
418 2062 623 2140 deveniatnr,
638 2074 744 2129 motus
764 2082 806 2127 ex
830 2062 922 2128 liceri
944 2063 1027 2129 baud
1052 2072 1192 2151 possev.

169 2144 204 2215 3⁰
226 2146 324 2224 lllud,
341 2145 428 2232 quod
449 2155 498 2212 est
518 2146 651 2210 omnino
674 2081 856 2223 immobile,
871 2166 1000 2211 neeesse
1020 2159 1071 2215 est
1091 2161 1134 2216 nt
1153 2152 1193 2217 sit

127 2238 216 2293 octos
231 2248 346 2313 puros,
362 2250 420 2295 sen
441 2240 478 2295 nt
492 2249 600 2293 omnes
622 2227 793 2313 possibiles
817 2226 1032 2313 perfectiones
1047 2241 1127 2296 octo
1142 2233 1193 2297 ba-

128 2310 218 2388 beat;
242 2312 365 2377 namsi
386 2311 437 2377 vel
460 2309 595 2375 minima
616 2320 753 2386 careret,
778 2320 885 2395 posset
905 2330 977 2376 eam
999 2314 1190 2398 acquirere,

127 2391 267 2479 ideoque
299 2414 362 2458 non
392 2402 474 2459 esset
501 2392 635 2457 omnino
663 2390 842 2458 immobile.
866 2392 967 2478 Atqui
995 2414 1078 2472 ens,
1151 2397 1190 2463 od

125 2497 236 2542 omnes
250 2475 419 2561 possibiles
434 2472 652 2561 perfectiones
667 2485 739 2538 octo
754 2474 908 2559 possidet,
924 2483 972 2540 est
986 2474 1088 2541 Dens.
1135 2502 1190 2567 rgo

126 2558 207 2624 illud
230 2560 373 2645 primum
395 2577 527 2622 movens
549 2556 717 2622 immobile
738 2556 904 2622 est·Deus.
1232 2578 1234 2662 ,'

165 2642 217 2712 23.
241 2640 385 2708 Secunda
408 2641 492 2707 ratio
512 2661 554 2705 ex
574 2659 746 2705 causarum
768 2640 977 2705 efficientium
997 2638 1116 2708 ordine
1137 2643 1191 2710 de·
1230 2680 1232 2735 4

140 2725 301 2791 ¹romitur:
317 2724 417 2789 Plura
437 2732 512 2789 sunt
533 2722 568 2786 in
588 2721 648 2787 boe
667 2720 824 2787 Universo
845 2720 974 2798 effecta,
988 2734 1020 2789 et
1033 2726 1191 2808 quoniam
1230 2740 1231 2808 t

166 2808 197 2871 ri
219 2806 342 2891 nequit,
362 2815 400 2872 nt
420 2802 546 2890 aliquid
567 2806 711 2891 seipsum
732 2804 885 2880 efficiat²‚
908 2822 1023 2870 musae
1048 2808 1190 2873 efficien-
1229 2832 1230 2880 t

125 2899 191 2965 tes,
212 2887 373 2974 aquibus
394 2887 450 2955 illa
471 2887 583 2953 effecta
606 2885 839 2973 producuntur,
862 2885 1080 2954 admittendae
1103 2904 1187 2956 sunt.
1227 2894 1229 2952 l

124 2972 194 3036 llae
216 2981 324 3038 anum
345 2989 462 3037 causae
483 2969 632 3037 ordinem
660 2971 745 3036 inter
770 2988 839 3034 sese
865 2967 1121 3056 praeseferunt,
1145 2974 1188 3039 in
1226 2966 1228 3099 s

159 3147 172 3187 ί
193 3172 204 3197 ι
226 3150 316 3203 Potest
333 3147 402 3212 hoo,
422 3150 531 3201 adrem
551 3150 637 3215 lnquit
655 3144 783 3207 Genetos,
803 3146 945 3205 declarari,
963 3150 992 3197 et
1010 3146 1143 3197 illustrari
1161 3160 1187 3197 e·
1222 3106 1226 3243 l

121 3225 230 3287 xemplo
248 3224 398 3288 horologtt,
419 3224 446 3274 tn
465 3237 519 3287 qno
537 3224 559 3273 st
577 3226 667 3274 essem
692 3212 808 3272 inlinitae
828 3224 922 3277 rotae,
942 3224 969 3269 et
988 3218 1125 3282 quaelibet
1142 3220 1185 3271 de—
1221 3248 1224 3316 q

121 3297 247 3358 penderet
263 3296 291 3344 ln
309 3308 358 3345 sno
377 3299 452 3346 motu
471 3295 505 3345 ab
523 3294 577 3345 alla
596 3294 740 3358 snperlnrl,
759 3306 808 3345 neo
827 3295 916 3356 posset
934 3302 1052 3351 morere,
1073 3293 1126 3342 nist
1142 3292 1187 3343 de·

121 3368 267 3427 pandentes
286 3365 319 3415 nb
337 3367 382 3416 illa
402 3367 476 3431 prins
495 3372 629 3425 movente,
643 3366 715 3417 nulla
729 3372 809 3432 esset,
822 3378 892 3429 quse
907 3367 996 3428 posset
1013 3364 1111 3414 ultimo
1131 3378 1184 3415 mo-

66 3500 73 3507 ·
121 3448 204 3494 rere,
223 3442 251 3485 et
269 3438 375 3499 pulsare
394 3439 491 3497 norm
512 3438 572 3503 qnia
594 3450 740 3502 numquam
765 3441 852 3502 posset
870 3436 986 3487 dereniri
1005 3436 1039 3485 ad
1058 3438 1182 3500 primam,

121 3518 190 3563 qnae
208 3512 309 3556 ceteras
335 3520 427 3559 omnes
450 3516 589 3570 moveret,
614 3524 676 3561 eum
705 3510 805 3561 lnflnlta
831 3508 876 3560 llla
901 3508 1045 3559 multitudo
1064 3512 1182 3559 rotarum

121 3585 266 3635 numquam
285 3584 355 3627 esset
373 3581 562 3642 pertransllsillt
578 3599 603 3643 's
617 3583 742 3637 Manuale
754 3584 950 3645 Thomtetnrum,
971 3585 1051 3633 tract.
1073 3578 1094 3643 l,
1116 3596 1141 3633 e.
1162 3578 1182 3639 l,

119 3642 250 3702 81.-2
267 3640 302 3697 Gt
317 3650 416 3715 timot„
437 3666 463 3705 e.
483 3650 530 3715 lll,
550 3667 581 3707 n.
600 3654 628 3718 b,
649 3669 678 3720 p.
699 3655 744 3721 ⁷0,
763 3660 821 3710 not.
840 3654 868 3706 2.
1162 3660 1166 3667 ’
