2475 3909
151 165 210 232 138
539 180 745 231 cosmoeoam

108 284 170 326 esee
191 263 404 342 immateriale,
418 264 486 329 sive
509 265 744 351 intereamus,
766 273 800 330 et
820 288 835 331 s
858 267 984 341 iritum,
1007 263 1093 331 nihil
1117 288 1185 333 me·

112 344 202 410 dium
227 367 296 411 esse
319 353 433 443 potest.
449 349 493 412 At
505 369 582 414 vero
598 349 626 412 si
641 349 800 412 materiale
815 287 917 414 allero
938 346 1185 496 sippifiaatione

110 437 275 504 sumatur,
298 426 446 494 diversae
469 431 540 494 eius
563 430 689 517 speeies
709 451 778 497 esse
800 437 945 516 possunt.
1000 451 1079 507 am,
1104 452 1183 496 cum

111 507 234 575 formae
257 510 319 574 sint
342 511 522 576 materiales
544 535 586 578 ex
607 532 647 578 eo
668 512 755 597 quad
781 533 799 576 a
821 513 957 577 materis
980 513 1126 589 inesse,
1150 524 1184 578 et

108 594 234 684 operari
277 590 406 668 eadent,
421 593 511 678 ipsae
534 595 575 661 ob
598 595 761 660 diversam
782 595 957 671 rationem,
972 615 1038 690 qua
1058 595 1101 659 ad
1116 616 1184 658 ma·

111 685 220 736 terram
263 696 278 736 e
321 675 464 739 imuatur
479 675 502 750 ¹,
526 678 654 760 magis,
678 676 727 741 vel
753 677 860 740 minus
883 675 1067 740 materiales
1090 687 1183 751 suut,

110 773 146 899 qa
169 757 264 873 prpin
288 757 460 836 eminus,
485 759 533 823 vel
557 759 662 845 magis
689 757 730 822 ad
752 759 1059 824 immaterialitatem
1089 779 1183 824 acoe-

133 846 192 900 uut
221 885 229 900 .

150 918 219 984 105.
243 918 302 984 ilis
325 922 550 1003 praestitutis,
572 931 744 1008 sequentes
777 921 1015 1005 propositiones
1045 919 1184 986 demon·

110 998 256 1065 strandas
278 1003 498 1085 aggredimur.

152 1081 250 1166 Prop.
273 1083 319 1148 1⁸.
343 1086 459 1150 Anima
481 1086 646 1150 brutorum
672 1105 734 1148 aaa
755 1095 799 1148 est
820 1082 994 1149 materialis
1022 1105 1056 1147 eo
1077 1086 1180 1159 mado,

110 1181 169 1246 qua
191 1164 347 1229 materiale
368 1179 411 1232 est
435 1189 557 1252 eorpus.

151 1244 319 1312 Probatur.
343 1247 468 1334 Corpus
495 1261 542 1316 est
573 1247 698 1333 aliquid
720 1271 737 1308 a
753 1269 795 1312 ex
827 1247 962 1312 materia
981 1294 989 1321 ‚
1010 1259 1044 1312 et
1072 1248 1180 1312 lorma

111 1329 326 1410 compositum
339 1332 381 1394 ¹».
398 1335 505 1416 Atqui
521 1332 629 1396 anirna
651 1328 822 1395 brutorum
837 1338 887 1393 est
902 1328 1020 1404 forma,
1034 1349 1100 1393 non
1123 1350 1182 1394 au-

111 1415 176 1471 tem
198 1410 305 1494 ipsum
328 1417 541 1499 compositum
563 1434 605 1477 ex
627 1413 774 1487 materia,
798 1420 830 1475 et
856 1410 972 1474 lorma.
996 1413 1085 1497 Ergo
1108 1415 1181 1496 ipsa

109 1488 240 1574 aliquod
262 1514 379 1592 corpus
401 1517 470 1562 esse
493 1516 557 1560 non
580 1505 694 1579 potest.
716 1495 914 1568 Praeterea,
935 1493 1042 1557 anima
1064 1492 1181 1559 bruta·

109 1591 183 1635 rum
205 1586 253 1639 est
275 1577 492 1672 principium,
516 1596 574 1662 per
594 1575 682 1660 quod
705 1578 773 1662 ipsa
795 1576 935 1651 vivunt,
963 1587 996 1640 et
1017 1576 1175 1643 sentiunt.

109 1655 209 1737 Atqui
234 1659 432 1743 principium
454 1657 641 1726 huiusmodi
664 1679 726 1722 non
749 1667 945 1743 potestesse
967 1677 1103 1742 corpus,
1129 1679 1181 1722 se·

109 1755 167 1800 aus
188 1758 282 1803 amne
304 1761 360 1805 cor
384 1763 421 1808 us
442 1743 577 1816 viveret,
594 1749 626 1804 et
647 1740 793 1805 sentiret.
817 1740 940 1820 Erpo‘.

150 1819 220 1884 106.
243 1822 338 1908 Prop.
362 1763 408 1886 ᾧ.
430 1825 546 1889 Anima
567 1821 700 1886 belluina
720 1833 842 1886 nonest
862 1823 963 1903 forma
982 1823 1183 1885 immateria-

109 1899 163 1976 lis,
186 1922 238 1964 seu
260 1925 336 1989 qum
351 1927 409 1990 per
431 1928 462 1971 se
483 1905 642 1975 subsistit,
665 1905 716 1968 sed
737 1904 777 1967 ad
797 1923 892 1986 pereas
912 1902 1087 1984 sarmarum
1111 1925 1178 1966 ma·

1 2061 2 2064 Ἴ
110 1983 268 2078 terialium
284 1991 437 2132 pplrtiaet,
460 1990 505 2052 ita
528 1998 642 2060 tamea,
663 1998 698 2049 ut
719 1985 760 2049 ad
780 1984 1079 2050 immaterialitatem
1103 2006 1181 2069 pro-

108 2085 194 2128 mme
215 2089 283 2131 aeae
339 2119 346 2132 .

151 2148 308 2214 Probatur
336 2151 443 2235 prima
473 2172 558 2237 pars.
584 2149 742 2215 «Natura
770 2147 1029 2232 uniuscuiusque
1059 2149 1111 2212 rel
1141 2169 1182 2212 ex

109 2228 180 2294 eius
202 2234 390 2327 operatione
413 2233 620 2298 ostendituri
637 2255 666 2293 n.
690 2231 789 2314 Atqui
814 2229 988 2294 brutorum
1015 2231 1182 2313 operatio-

110 2331 164 2376 nes
185 2313 370 2380 hurusmodi
395 2326 480 2390 sunt,
496 2327 533 2380 ut
547 2313 674 2378 nonnisi
698 2313 730 2376 in
753 2331 909 2395 corpore,
925 2322 958 2375 et
978 2331 1036 2395 per
1059 2332 1180 2397 corpus

110 2397 256 2462 exerceri
281 2399 414 2480 possint,
429 2397 505 2482 quia
521 2395 755 2542 «operationes
777 2395 907 2457 animae
922 2393 1098 2458 sensitivae
1115 2413 1178 2456 non

107 2477 313 2561 complentur
327 2481 396 2544 sine
412 2478 573 2562 corporali
601 2498 639 2540 us
660 2475 947 2540 instrumentum.
963 2477 1051 2559 Ergo
1066 2476 1178 2538 anima

110 2556 254 2624 belluina
276 2562 373 2626 etiam
405 2561 436 2624 in
459 2581 517 2624 suo
539 2581 600 2624 esse
623 2579 641 2622 a
663 2578 800 2641 corpore
829 2555 959 2640 pendet.
983 2558 1084 2640 Atqui
1117 2555 1182 2620 ior·

110 2661 173 2716 ma,
188 2662 272 2725 quae
294 2664 313 2707 a
334 2642 471 2709 materia
493 2641 622 2729 pendet,
639 2660 703 2702 aaa
724 2648 773 2703 est
796 2636 901 2702 forma
923 2637 1107 2714 subsisteres,
1125 2636 1181 2703 sed

110 2735 158 2787 est
180 2721 306 2800 forma,
327 2746 410 2809 quae
433 2745 494 2788 esse
516 2745 610 2790 suum
634 2730 819 2786 concretum
843 2719 877 2782 in
900 2722 1033 2784 materia
1057 2720 1180 2794 habet,

110 2824 148 2868 aa
169 2804 306 2887 proinde
328 2827 429 2891 genus
451 2807 633 2872 formarum
655 2799 873 2867 materialium
890 2821 953 2864 non
969 2802 1182 2887 supergredi·

110 2894 165 2950 tur
179 2887 204 2948 ¹.
228 2889 314 2971 Erga
336 2891 443 2954 anima
466 2889 609 2954 belluina
638 2883 678 2949 ad
700 2903 802 2970 genus
824 2881 1003 2948 formarum
1027 2886 1182 2949 materia-

111 2968 191 3032 lium
214 2970 367 3054 pertinet.

473 3095 809 3112 Μ

148 3195 159 3236 ¹
180 3200 228 3262 Qq.
239 3199 380 3262 dtspp.‚l)e
399 3199 502 3257 Vir-tut„
517 3193 574 3260 q.l‚
589 3209 614 3245 s.
632 3195 644 3244 t
660 3193 694 3243 ad
706 3191 785 3244 l.-²
800 3193 983 3248 Cantr.Gent.,
999 3189 1084 3251 lib.ll,
1099 3195 1180 3246 aas.

149 3269 160 3306 ⁸
180 3269 202 3328 l,
218 3283 245 3331 q.
261 3265 307 3324 lll.
321 3282 348 3318 a.
362 3268 378 3320 2
393 3272 437 3319 red
449 3265 582 3318 comm-⁴
603 3271 695 3318 contr.
710 3267 796 3322 Gent..
811 3265 858 3315 lib.
873 3263 906 3317 ll.
921 3280 947 3315 a.
962 3265 1008 3314 58.

149 3339 161 3376 ⁸
181 3337 204 3397 1,
218 3354 247 3402 q.
261 3335 378 3397 Lxxvt,
393 3353 419 3390 a.
436 3340 447 3388 l
465 3337 542 3390 a.-⁸
563 3341 651 3388 contr.
667 3339 754 3395 Garat,
769 3337 816 3390 lib.
832 3334 876 3396 Ν,
892 3352 918 3386 a.
934 3338 979 3386 tt.

145 3409 158 3445 Ἰ
180 3427 191 3453 ι
209 3407 312 3469 Forma,
333 3423 401 3475 quae
420 3425 473 3460 uon
486 3415 527 3460 est
540 3425 587 3472 per
600 3424 628 3460 so
642 3410 796 3467 subsistens.
811 3423 863 3460 non
876 3409 956 3458 habet
968 3407 1052 3458 alium
1066 3411 1179 3460 modum

111 3495 126 3529 a
147 3479 225 3529 modo
242 3482 364 3540 subiecti,
378 3483 440 3547 qnia
461 3497 512 3532 non
531 3481 611 3532 habet
630 3495 699 3541 esse,
714 3481 762 3532 nisi
783 3484 810 3530 io
828 3487 959 3545 quantum
971 3486 1011 3530 est
1024 3487 1103 3532 sotus
1116 3485 1179 3532 talis

113 3551 235 3606 subtecti.
255 3559 282 3602 et
303 3555 359 3603 ideo
379 3567 503 3604 mensura
523 3552 627 3604 tarmes
640 3558 680 3604 est
694 3567 817 3607 mensura
837 3554 977 3622 compositi
992 3571 1019 3614 ις
1034 3555 1067 3605 la
1079 3555 1127 3606 tib.
1141 3557 1182 3608 ll⁷

113 3623 196 3684 Sem„
212 3620 275 3680 bist.
290 3621 383 3686 tutti,
396 3639 424 3694 q.
440 3623 472 3687 ll,
487 3640 513 3677 s.
528 3623 544 3678 3
558 3625 607 3680 sal.
