2475 3909
481 159 712 209 ornnnrnocrn
1035 143 1091 206 111

79 237 179 307 Stbalii
202 241 226 318 ¹,
247 238 451 337 aliorumque
485 244 705 318 sententiam,
729 241 785 327 qui
808 241 967 326 scaligeri
988 242 1012 318 ²,
1036 245 1134 307 vesti-

96 325 130 387 'is
151 325 342 401 insistentes,
365 343 509 386 ammam
531 324 724 388 rationalem
746 344 804 408 per
825 323 1001 400 rationem,
1023 334 1056 387 et
1077 347 1133 389 vo-

76 343 217 499 ffintatem
238 415 369 470 cunctas
401 405 606 489 operationes
634 404 749 470 vitales
771 405 918 490 corporis
951 404 1131 489 producere

75 488 184 570 opinati
206 497 293 552 sunt.

105 567 150 632 38.
174 569 236 632 Pro
263 617 270 630 .
295 565 495 650 Operationes
509 565 621 631 uitales
636 566 774 631 bominis
787 588 849 630 non
863 578 936 631 suut
949 568 1129 646 rationales,

72 648 113 710 sul
131 658 225 712 natur
256 671 307 725 es,
331 647 386 711 boc
408 657 472 724 est,
498 647 614 711 similes
642 648 874 732 operationibus
901 670 1007 712 rerum
1031 653 1131 713 omnis

73 731 245 811 capnitiouis
266 730 455 835 expertium.

105 811 269 876 Probatur.
293 813 375 887 hisi,
397 821 435 876 ut
455 831 513 874 suo
535 810 608 874 loco
632 809 828 889 videbimus,
844 810 966 888 anima,
981 832 1066 897 quae
1084 814 1131 876 in-

71 892 176 958 format
200 913 318 980 corpus
340 895 532 968 humanum,
552 893 594 956 sit
616 891 797 970 rationalis,
820 904 926 959 tamen
948 913 1012 958 non
1035 893 1131 980 largi·

71 987 114 1036 tur
132 978 261 1061 corpori
284 997 345 1039 esse
366 996 474 1052 suurn,
498 982 594 1059 prout
614 984 664 1038 est
684 974 854 1039 rationalis
876 975 900 1051 ⁸,
916 974 972 1038 sed
995 996 1053 1040 esse
1076 999 1131 1039 na-

70 1067 150 1120 turae
172 1060 363 1142 vegetantis,
383 1076 482 1140 quam
508 1056 540 1119 in
563 1075 595 1120 se
617 1057 773 1120 continet.
796 1057 895 1141 Atqui
911 1059 1129 1141 operationes,

69 1157 136 1220 quas
157 1141 267 1202 anima
290 1140 323 1203 in
344 1159 400 1204 cor
423 1157 479 1201 ore
501 1135 580 1212 edit,
596 1146 827 1201 consentaneae
849 1158 918 1202 esse
941 1136 1060 1206 debent
1075 1163 1130 1204 na-

69 1229 148 1284 turae
171 1220 219 1289 rai
240 1241 311 1296 esse,
326 1242 370 1306 qu
427 1220 496 1304 ipsa
512 1219 622 1282 anima
637 1218 768 1362 corpori
782 1219 931 1303 largitur.
948 1222 1037 1306 Ergo
1054 1223 1128 1288 illae

68 1304 263 1384 operationes
285 1302 403 1368 debent
416 1321 485 1366 esse
508 1298 602 1371 tales,
626 1319 739 1384 quaes
761 1311 836 1366 sunt
849 1303 1056 1386 operationes
1079 1327 1131 1368 ve·

67 1383 261 1464 gelabilium,
283 1404 320 1447 ac
343 1381 479 1469 proinde
494 1380 619 1445 similes
634 1380 879 1467 operationibus
896 1403 1003 1447 rerum
1025 1389 1130 1450 omnis

67 1483 97 1525 co
119 1465 254 1529 nitionis
275 1465 459 1552 expertium
481 1464 505 1525 ⁴.

99 1485 146 1610 bu.
171 1547 262 1612 ldem
285 1556 514 1631 argumentum
536 1543 581 1608 ita
603 1549 701 1608 etiam
724 1544 870 1609 exbiberi
891 1556 1006 1631 potest:
1023 1549 1129 1614 Homo

99 1649 114 1691 r
134 1629 276 1692 animam
299 1627 506 1701 rationalem,
529 1645 612 1708 quae
628 1636 676 1688 est
689 1625 762 1689 eius
777 1625 881 1690 forma
896 1628 1128 1710 substantialis,

65 1647 141 1772 llus
164 1731 228 1774 esse
250 1710 516 1783 substantialiter,
538 1726 595 1790 per
616 1710 764 1770 virtutem
787 1720 906 1785 autem,
930 1732 1007 1796 quae
1029 1735 1129 1778 consc-

65 1791 164 1872 quitur
185 1793 321 1874 smmum
336 1791 580 1864 substantialem,
595 1797 744 1868 operatur
755 1791 781 1867 ς;
797 1792 952 1875 quocirca
966 1797 1129 1878 operatio-

65 1892 112 1936 nes
131 1875 248 1940 vitales
270 1894 326 1940 cor
350 1877 418 1938 oris
439 1869 615 1936 rationales
638 1863 756 1945 iorem,
780 1871 807 1934 si
832 1873 942 1936 anima
964 1876 1129 1942 rationalis

66 1953 121 2018 rins
143 1975 239 2020 suam
261 1895 464 2042 intelligendi
488 1973 562 2018 cum
586 1971 723 2035 corpore
743 1953 1011 2021 communicaret.
1027 1962 1129 2043 Atqui

64 2037 161 2102 anima
185 2057 250 2100 non
272 2037 493 2102 communicat
520 2033 586 2100 vim
616 2053 709 2098 suam
739 2031 937 2118 intelligendi
962 2058 1037 2103 curn
1059 2062 1129 2105 eor·

65 2135 145 2198 pore.
172 2119 262 2201 Ergo
284 2141 303 2184 o
346 2119 487 2184 rationes
509 2114 622 2182 vitales
646 2136 708 2180 non
730 2124 803 2179 sunt
825 2116 1011 2184 rationales.

96 2199 147 2266 10,
173 2198 283 2266 Obiic.
340 2221 430 2264 mnes
452 2220 472 2263 o
516 2197 658 2262 rationes
673 2195 800 2262 animae
815 2208 890 2262 sunt
904 2203 1126 2284 cogitationes.

64 2277 144 2366 Ergo
168 2282 375 2366 operationes
402 2283 468 2346 vita
482 2301 537 2357 es,
566 2298 641 2340 cum
669 2279 732 2342 sint
760 2281 964 2364 operationes
986 2286 1125 2362 animae,

62 2379 96 2424 co
119 2364 270 2430 'tationes
293 2373 379 2442 sunt,
402 2383 438 2426 ac
461 2358 597 2448 proinde
620 2380 694 2422 cum
716 2361 842 2425 ratione
867 2360 958 2426 liunt.

95 2381 145 2510 11.
170 2445 284 2529 Resp,
302 2446 380 2528 Nep.
399 2455 463 2508 ant.
488 2444 536 2506 Re
556 2440 688 2525 quidem
710 2462 799 2518 vera,
822 2464 939 2507 nornen
960 2448 1127 2530 cogitatio-

61 2525 116 2603 nis,
153 2527 241 2592 uoad
257 2525 412 2592 latissime
432 2533 590 2600 sumatur,
607 2543 670 2586 non
685 2522 765 2586 alias
779 2525 983 2609 operationes
999 2529 1126 2593 animae

60 2546 240 2692 signlbcare
262 2617 366 2693 potest
379 2654 387 2685 ,
410 2627 508 2690 quam
529 2625 613 2690 quae
641 2604 729 2669 circa
750 2607 972 2700 cognitionem
997 2628 1127 2672 versan-

60 2691 141 2765 tur‘3
163 2691 371 2775 operationes
385 2698 494 2754 autem
509 2684 622 2754 vitales
636 2685 676 2750 ad
691 2687 909 2768 cognitionem
925 2686 1014 2752 nullo
1030 2688 1126 2754 modo

59 2781 210 2852 spectant.

91 3041 99 3074 ¹
120 3043 214 3091 Tbear.
235 3041 334 3090 medica
353 3054 424 3099 uera,
447 3041 571 3105 Psysiol„
592 3046 660 3092 sect.
680 3037 727 3092 Vl.

89 3111 101 3146 ²
121 3115 289 3162 &sticarum
314 3116 528 3164 meritissimum
553 3113 617 3164 liber
635 3115 667 3162 de
685 3113 823 3163 subtilitate
842 3115 876 3163 aa
895 3115 1006 3164 Hieran.
1029 3119 1127 3168 Cardu·

56 3197 127 3240 num.
148 3181 267 3236 Exercit.
289 3184 352 3244 301,
372 3197 400 3234 n.
421 3185 449 3236 3.
842 3194 844 3197 ·

89 3255 171 3322 ³0¹1.
192 3259 290 3320 dtrpp„
311 3271 338 3320 q.
360 3271 404 3306 nn.
426 3259 463 3308 De
482 3257 584 3313 Antm..
606 3271 633 3308 a.
653 3257 669 3306 9
691 3255 724 3307 ad
746 3255 789 3304 ll.

91 3326 99 3361 ¹
121 3330 171 3392 Op.
193 3333 248 3386 aa„
271 3329 333 3377 tnta.
354 3329 386 3377 ad
405 3329 433 3378 6.
454 3325 509 3378 lloc
529 3333 601 3378 certe
621 3328 670 3378 sibi
689 3325 775 3378 votuit
793 3342 814 3377 s.
832 3323 960 3386 Basilius,
980 3344 1042 3380 cum
1062 3331 1127 3381 linit
1214 3354 1215 3395 ,

57 3401 171 3450 animam
191 3401 296 3464 corpori
315 3402 397 3450 ritem
421 3401 548 3463 impertiri
567 3407 656 3465 suapte
679 3406 794 3458 natura,
821 3411 873 3450 non
897 3413 960 3450 vero
986 3403 1124 3462 uoluntate,

58 3473 250 3522 sanstiuuionss
270 3474 439 3531 Maccabeos,
460 3487 486 3522 c.
506 3471 534 3530 Ξ,
555 3485 584 3522 n.
605 3473 632 3522 1.

90 3546 101 3579 ⁵
124 3542 144 3600 l.
165 3558 191 3608 q.
213 3539 344 3602 Lxxvu,
364 3559 390 3594 a.
416 3547 424 3594 l
446 3545 480 3594 ad
500 3543 527 3593 3.

93 3611 158 3667 ‘Gi
173 3631 195 3668 s.
216 3613 324 3674 Thom„
345 3615 374 3664 2³
393 3615 443 3677 2¹¹⁰,
463 3629 491 3680 q.
513 3609 639 3677 CLXXX,
660 3630 686 3665 a.
709 3615 724 3664 3
744 3615 777 3664 all
800 3615 824 3662 1.
