2475 3909
368 181 553 234 ruminum
578 187 765 236 servastis
1012 168 1072 237 363

43 280 101 348 per
116 284 133 326 n
146 264 230 329 actio
247 265 305 331 Dei
329 289 392 332 non
414 283 462 337 est
481 271 570 336 aiiud
586 273 627 336 ab
643 273 724 336 Eius
767 273 901 348 utentia,
917 273 972 337 sed
988 282 1114 338 utrum-

41 365 105 438 que
127 347 344 442 est-dissentia
360 349 539 418 Divina¹».
560 356 610 419 Ex
634 374 698 437 quo
721 291 800 419 iliud
824 355 921 418 etiam
944 357 1116 440 consequi-

44 437 108 522 tur,
117 426 267 492 Divinam
286 430 466 496 Potentiam
482 455 551 500 esse
566 436 699 520 quidem
716 437 911 520 principium
925 435 1113 508 effectuum,

41 529 101 603 qut
123 511 305 594 peripsam
335 513 571 597 producuntur,
595 539 658 582 non
686 537 765 581 vero
794 517 993 614 principium
1016 519 1116 582 aetio·

42 611 105 665 nis,
128 611 192 686 qna
214 612 266 656 res
282 594 524 677 producuntur3
540 621 614 663 nam
630 599 778 675 actionis,
800 619 883 682 quae
908 617 977 683 ipsa
998 597 1113 664 Divina

42 672 188 737 Essentia
210 683 270 748 est,
293 677 419 743 nulium
442 682 642 765 principium
664 701 733 745 esse
758 683 895 767 potest².

85 753 154 818 153.
181 755 276 840 Prop.
293 757 439 822 Potentia
461 763 520 825 Dei
541 771 584 826 est
608 763 745 847 infinito.

85 835 254 901 Probatur.
271 838 575 927 «Unumquodque,
599 842 776 908 secundnm
799 843 886 924 quod
909 852 956 908 est
978 853 1066 918 actu,
1084 852 1117 906 et

42 915 251 1010 pepiectum‚
282 923 460 986 seeundum
488 927 549 990 boe
576 937 625 990 est
654 926 854 1010 principium
883 926 1025 990 activum
1057 923 1117 988 aii-

40 1000 162 1092 eums'
178 1023 206 1062 n.
223 1001 432 1098 Quapropter
454 1005 747 1103 «unumquodque
771 1017 894 1072 tantum
917 1005 1062 1071 abundat
1083 1006 1115 1068 in

43 1089 165 1144 virtute
191 1082 318 1165 agendi,
365 1099 499 1152 uantum
526 1097 574 1154 est
600 1110 633 1152 in
661 1099 735 1154 actu
751 1090 763 1125 ⁸
781 1111 809 1151 ».
833 1091 930 1172 dtqui
954 1087 1042 1152 Deus
1069 1098 1117 1150 est

43 1170 136 1225 actus
159 1161 313 1229 infinitus.
331 1107 429 1252 drgo.

86 1243 156 1308 154.
181 1245 364 1335 Praeterea,
385 1252 448 1314 «in
471 1251 624 1322 omnibus
647 1249 818 1331 agentibus
845 1250 904 1314 boe
928 1250 1117 1320 invenitur,
1198 1323 1206 1332 ¹

41 1324 279 1419 quod‚‘quanto
295 1329 426 1414 aliquod
442 1353 540 1415 ageos
560 1331 739 1416 perfectius
761 1331 856 1395 habet
880 1331 1037 1406 sormam,
1053 1351 1118 1414 qun

41 1417 125 1488 agit,
142 1419 230 1474 tanto
251 1422 300 1476 est
321 1413 426 1478 maior
439 1417 510 1477 eius
532 1415 675 1498 potentia
693 1414 723 1476 in
739 1411 873 1497 agendo.
890 1413 979 1478 Siout
995 1425 1118 1496 quanto

40 1496 93 1557 est
114 1491 237 1574 aiiquid
255 1494 356 1576 magis
376 1495 532 1571 calidum,
550 1506 636 1560 tanto
652 1493 747 1559 habet
767 1498 922 1572 maiorem
940 1494 1118 1590 potentiam

41 1573 86 1638 ad
109 1571 417 1639 catetactenoum...
437 1578 538 1653 Unde,
559 1597 633 1640 cum
659 1578 726 1672 ipsa
749 1577 885 1640 essentia
910 1576 1039 1648 Divina,
1063 1595 1120 1659 per

40 1677 144 1741 quam
159 1655 246 1720 Deus
266 1658 345 1740 agit,
362 1660 404 1724 sit
426 1658 572 1734 infinita;
593 1679 627 1722 se
653 1668 754 1732 uitur,
770 1655 856 1741 quod
873 1659 954 1722 Eius
976 1658 1118 1742 potentia

41 1739 88 1802 sit
110 1736 295 1802 infinita⁵n
314 1738 441 1804 Exinde
464 1741 613 1824 sequitur
665 1742 695 1803 ei
720 1740 899 1802 Potentiam
922 1737 962 1802 ad
986 1738 1119 1812 omnia,

41 1839 131 1966 quae
164 1830 239 1884 sunt
272 1818 417 1888 absolute
447 1822 639 1907 possibilia,
664 1819 868 1906 producenda
899 1839 1009 1903 parem
1039 1840 1118 1884 esse.

72 1898 191 1964 uiiibet
212 1901 298 1965 enim
322 1905 486 1985 potentiae
509 1905 632 1970 activae
655 1903 827 1986 respondet
847 1901 937 1965 velut
957 1900 1120 1966 obiectum

43 1984 218 2067 proprium
240 1983 402 2067 quoddam
421 1985 578 2068 possibilis
601 2004 719 2069 genus;
743 1984 824 2047 sieut
872 1985 986 2046 otentia
1006 1983 1122 2063 cotefo-

41 2066 132 2128 etioe
151 2069 297 2146 refertur,
320 2077 356 2128 ut
378 2069 418 2131 od
436 2069 602 2151 proprium
626 2065 788 2136 obiectum,
813 2087 831 2126 o
879 2085 941 2128 esse
966 2064 1123 2147 coleseoti·

42 2145 125 2220 bite
139 2145 276 2209 Divinae
298 2149 400 2229 igitur
423 2151 599 2233 potentiae,
614 2169 697 2232 quae
713 2159 760 2210 est
776 2144 913 2220 infinita,
931 2145 1120 2230 respondeat

43 2247 176 2291 neeesse
192 2236 240 2291 est
261 2228 438 2307 obiectum,
455 2228 541 2313 quod
564 2249 659 2293 omne
682 2249 782 2313 genus
805 2225 945 2302 excedit,
962 2247 1018 2290 seu
1034 2227 1126 2312 qnie-

42 2307 129 2394 quid
152 2310 311 2374 rationem
334 2311 418 2375 entis
449 2310 566 2373 babere
594 2321 709 2394 potest.
735 2311 832 2394 Atqui
860 2306 1045 2373 huiusmodi
1075 2317 1123 2370 est

43 2389 279 2476 quodcumque
301 2401 348 2456 est
369 2391 515 2456 absolute
555 2390 698 2456 ossibile.
721 2393 808 2487 Ergo
832 2390 948 2455 Divina
976 2389 1123 2454 Potentia

42 2471 89 2536 ad
113 2473 235 2549 omnia,
259 2494 343 2558 quae
364 2485 438 2539 sunt
458 2413 605 2539 absoiute
629 2471 821 2560 possibilia,
845 2471 1066 2539 extenditur⁸.

88 2722 98 2760 ¹
118 2723 187 2772 ibid.
208 2723 241 2770 ed
261 2721 290 2771 2.
312 2740 323 2767 ι
346 2716 381 2771 (Ii
398 2720 488 2772 iocum
507 2735 531 2772 s.
551 2719 669 2773 dnaetmi
688 2723 734 2770 eit.
756 2735 783 2783 p.
804 2721 876 2778 eta,
898 2725 953 2770 not.
974 2719 1001 2769 3.
1022 2717 1077 2783 Qua
1099 2723 1125 2770 in

44 2809 78 2847 re
98 2809 123 2845 e.
143 2789 259 2844 Thomas
285 2798 375 2843 monet
393 2809 446 2842 non
465 2802 582 2857 oportere
606 2797 673 2857 qumi
690 2797 802 2856 potentio
822 2796 871 2842 liei
896 2807 996 2856 semper
1013 2796 1048 2842 eit
1064 2807 1127 2841 eou-

41 2874 137 2918 e'unete
155 2867 254 2929 effectui
264 2901 272 2920 ‚
293 2869 357 2914 sieut
375 2881 421 2915 nee
439 2869 506 2929 quod
522 2873 658 2916 ereoturoe
680 2867 776 2926 sororini
793 2866 825 2912 nii
845 2871 969 2919 eeternoz
993 2865 1124 2927 siquidem

46 2961 61 2986 ι
87 2939 206 2991 Potentia
227 2935 273 2987 Dei
294 2951 398 2999 semper
416 2945 458 2988 est
475 2939 618 2988 oootuneta
638 2938 726 2994 seint,
748 2937 813 2986 idest
832 2939 995 2998 operationi·¹
1016 2949 1077 2986 nem
1097 2947 1126 2984 o-

42 3011 155 3076 peratio
173 3014 213 3058 eet
233 3008 323 3060 bivine
344 3007 464 3060 Essentia
484 3031 492 3068 ς
512 3010 557 3058 sed
574 3009 685 3059 effeetus
705 3014 853 3072 sequuntur
872 3008 1018 3058 seeundum
1042 3009 1125 3070 impe·

42 3086 123 3135 riom
141 3081 301 3140 votuoutti,
321 3088 349 3131 et
368 3083 488 3131 ordinem
508 3079 659 3144 Sapientiae
677 3099 701 3138 ις
718 3083 766 3145 (iq.
786 3084 884 3144 dispe,
907 3083 944 3131 De
963 3082 1034 3136 Pet„
1054 3093 1081 3141 q.
1105 3077 1125 3136 i,

42 3171 78 3206 a.
101 3156 112 3204 i
137 3154 170 3204 ed
190 3155 218 3203 8.

87 3226 100 3262 ²
122 3223 143 3283 Ι,
162 3226 216 3275 loe.
237 3225 284 3275 eit.
304 3225 338 3274 ad
358 3223 436 3274 3.-³
454 3222 476 3281 l,
496 3239 525 3288 q.
545 3225 605 3282 ott..
626 3237 653 3273 a.
677 3224 686 3272 t
710 3237 736 3274 o.

87 3296 169 3361 ‘Oq
189 3299 286 3359 oripo,
307 3296 360 3347 too.
380 3298 441 3354 eit..
459 3310 487 3346 a.
507 3297 523 3345 ri
543 3298 621 3346 o.-'³
640 3293 661 3347 Ι.
682 3310 709 3359 q.
730 3297 790 3353 eit„
810 3309 838 3345 a.
857 3295 873 3345 2
894 3310 920 3345 o.

88 3370 101 3406 θ
122 3370 201 3426 itte„
221 3383 247 3418 a.
269 3371 284 3418 3
304 3383 330 3419 e.
351 3365 450 3420 Exinde
470 3369 628 3431 perspicitur
654 3381 749 3429 magno
769 3369 795 3416 tn
814 3381 906 3418 errore
923 3367 1022 3416 versari
1041 3361 1128 3416 Abne-

42 3441 171 3499 ierdnm,
191 3441 326 3506 aliosque,
345 3443 402 3508 qni,
422 3446 452 3490 nt
471 3443 497 3490 in
518 3441 678 3502 coemoioqto
694 3435 807 3506 (eviii.
821 3454 849 3489 a.
865 3440 890 3498 i,
906 3453 932 3501 p.
950 3439 1012 3492 tte.
1027 3443 1083 3488 not.
1101 3440 1127 3497 t,

41 3521 121 3577 etp.
139 3511 200 3570 ¹8⁰,
214 3519 271 3562 not.
286 3508 316 3580 2)
328 3513 526 3568 adnotavimus,
540 3509 624 3562 mum
639 3525 691 3560 nnn
706 3512 823 3572 potuisse
843 3511 895 3560 aiie
916 3510 1032 3566 effluere,
1045 3523 1128 3573 qnam

40 3598 125 3654 quae
144 3584 225 3642 feeit,
244 3597 295 3634 neo
315 3584 390 3646 piore
411 3585 474 3640 nis.
492 3597 562 3646 quae
582 3582 665 3641 feeit,
687 3582 829 3633 bieterant.
852 3579 919 3634 Sane
938 3583 1025 3634 omnis
1046 3583 1095 3632 virt

42 3655 175 3729 perteue
193 3656 226 3712 ed
245 3669 277 3708 ea
296 3657 386 3712 omnia
406 3656 572 3723 porrigitur,
598 3657 671 3710 eirea
698 3667 767 3728 quae
794 3657 917 3730 proprios
942 3655 1000 3708 etue
1021 3651 1082 3709 ettet
