2475 3909
504 196 681 246 tnaatouta
1023 178 1084 244 215

96 281 151 346 ot.
175 280 286 345 Minor
307 282 403 346 huius
423 287 604 370 argumenti
650 283 782 348 robatur
801 278 861 347 hoc
882 280 990 348 modo:
1014 280 1047 348 1⁰
1061 283 1126 347 Na-

60 376 134 429 tura
157 364 259 428 nostri
281 364 462 431 intellectus
484 302 679 451 expostulat,
705 376 739 432 ut
761 365 830 429 eius
852 365 995 451 cognitio
1017 386 1034 427 a
1057 384 1128 428 sen-

59 444 151 510 sibus
172 446 299 511 oriatur
314 446 337 509 ¹.
362 447 535 513 Enimvero
563 450 697 514 unicum
724 456 773 513 cst
798 446 833 510 in
854 446 983 511 homine
1029 446 1126 509 rinei·

59 527 163 613 pium,
185 526 272 612 quod
295 549 347 593 res
361 529 470 607 sentit,
486 541 582 616 atquc
605 530 769 615 intelligit,
785 527 875 613 quia,
891 534 929 592 ut
943 528 976 590 in
1020 527 1128 591 attru-

55 608 184 693 polops'o
205 610 431 687 ostendemus,
453 634 540 689 una,
564 612 741 697 eademque
762 610 957 683 estasim,
981 630 1064 694 quae
1084 610 1128 673 si-

60 691 129 755 mul
150 692 290 757 sentiens
312 703 371 768 est,
395 704 491 779 atque
513 695 722 781 intelligens,
750 693 854 768 idest,
876 710 959 776 quac
982 702 1030 756 est
1051 689 1127 756 sub-

62 776 183 837 iectum
210 774 416 848 intellectus,
439 788 471 842 ct
491 778 589 842 simul
611 797 685 841 cum
718 794 854 861 corpore
876 773 1057 838 subiectum
1082 774 1128 837 la·

60 856 220 919 cultatum
242 858 459 922 sentientium.
478 861 527 924 Ex
548 860 607 924 hac
630 859 859 923 coniunctione
874 852 1063 921 facultatum
1080 858 1128 920 in·

61 936 280 1033 telligentium
307 960 382 1003 cum
409 941 622 1006 sentientibus
647 940 806 1017 efficitur,
829 950 866 1003 ut
887 938 1050 1003 obiectum
1073 960 1128 1002 m·

61 1030 129 1084 stro
146 1019 320 1088 intellectui
337 1024 616 1109 proportionatum
631 1042 694 1086 non
710 1023 752 1087 sit
766 1019 959 1102 intelligibile
966 1038 1086 1168 purum
1102 1022 1127 1095 ¹,

62 1101 120 1166 sed
142 1106 280 1167 essentia
303 1124 431 1180 rerum,
453 1124 536 1190 quac
557 1127 618 1171 csse
641 1126 736 1169 suum
759 1105 791 1167 in
815 1103 950 1168 materia
993 1101 1089 1168 abent
1104 1104 1126 1166 ².
1178 1168 1182 1175 ,

63 1184 166 1267 Atqui
190 1205 263 1262 res,
287 1206 369 1270 quae
390 1186 508 1254 habent
539 1208 601 1252 crac
622 1206 716 1253 sunm
744 1187 776 1249 in
799 1186 957 1261 materia,
980 1206 1042 1249 non
1065 1186 1128 1250 nisi

62 1286 122 1362 per
157 1268 304 1332 rotcntias
326 1270 499 1334 sentientes
520 1289 537 1332 a
564 1268 716 1355 prehendi
739 1276 882 1353 possunt.
905 1268 993 1352 Ergo
1016 1276 1130 1331 natura

61 1348 140 1412 mtel
155 1359 242 1413 cctus
258 1349 388 1414 hnmani
405 1290 600 1437 expostulat,
616 1361 653 1417 ut
666 1360 805 1434 nequeat
823 1348 951 1434 assequi
966 1347 1129 1414 obiectum

61 1430 127 1576 silpi
146 1433 329 1551 ppoprium,
345 1434 405 1496 nisi
421 1435 600 1519 cognitioni
623 1436 696 1499 eius
716 1432 859 1519 cognitio
873 1431 1025 1497 sensitiva
1042 1450 1132 1516 prac-

61 1535 97 1578 cc
124 1524 157 1577 at
188 1562 195 1574 .

101 1592 140 1658 2⁰
162 1594 284 1660 Natura
307 1596 489 1661 intellectus
509 1600 607 1662 etiam
629 1595 823 1681 expostulat,
840 1605 876 1660 ut
889 1597 961 1661 cius
975 1594 1128 1679 cognitio,

61 1698 148 1761 qnae
167 1696 186 1739 a
208 1698 303 1742 sensu
327 1678 458 1743 initium
480 1682 592 1758 sumit,
614 1680 655 1743 ab
677 1680 687 1744 i
714 1698 748 1743 sa
771 1678 801 1741 vi
826 1676 1019 1743 intellectiva
1037 1674 1131 1762 perli-

62 1761 182 1823 ciatur.
207 1760 254 1823 lle
274 1760 406 1845 quidem
430 1782 518 1837 vcra,
534 1764 595 1829 etsi
617 1700 798 1826 intellectus
812 1779 887 1823 cum
902 1779 1040 1845 corpore
1057 1780 1132 1821 con-

62 1843 231 1925 iungatur,
252 1852 358 1908 tameo
381 1843 450 1929 ipsc
472 1843 613 1909 actiones
635 1864 708 1910 snas
728 1845 798 1907 sine
819 1841 887 1905 ullo
909 1861 1066 1927 corporeo
1079 1861 1132 1904 or·

63 1944 150 2020 gano
177 1929 341 1989 exercct⁵.
369 1928 420 1991 Ex
448 1926 508 1990 lroc
540 1928 753 2025 consequitur
781 1930 1022 2009 proportionem
1048 1924 1133 1987 inter

64 2005 288 2084 intellectum,
318 2018 415 2093 atque
443 2008 606 2073 (abiectum
635 2029 705 2073 erus
734 2004 902 2091 proprium
930 2004 1131 2071 intercedere

63 2110 129 2151 non
153 2108 258 2173 posse,
277 2092 341 2155 nisi
364 2100 536 2167 statuatur,
552 2092 725 2157 essentiam
748 2107 858 2153 rerum
881 2086 1076 2173 apprehendi
1092 2086 1132 2152 ab

64 2170 253 2247 intellectu,
278 2194 339 2235 non
362 2184 458 2257 prout
479 2182 527 2238 cst
548 2174 581 2238 in
602 2174 674 2249 hac,
696 2171 744 2235 vel
769 2171 802 2234 in
825 2166 881 2233 illa
903 2190 937 2233 re
961 2170 1132 2254 singulari,

64 2252 338 2396 quemadmodum
361 2274 401 2341 ap
427 2254 615 2323 rehenditur
637 2278 655 2320 a
677 2253 835 2328 sensibus,
857 2252 910 2316 sed
933 2253 1041 2319 altiori
1067 2274 1134 2317 mtr-

87 2356 118 2411 o,
144 2355 259 2419 nempe
275 2347 371 2422 prout
385 2276 582 2404 alstralritnr
595 2359 613 2401 a
628 2338 743 2437 quavis
760 2334 944 2401 conditione
960 2336 1132 2411 materiali,

65 2438 103 2481 ac
128 2417 265 2502 proinde
293 2419 353 2484 sub
381 2421 555 2485 universali
583 2431 707 2490 ratione
735 2415 992 2483 consideratur⁸.
1019 2420 1133 2502 Atqui,

66 2501 91 2562 si
116 2520 169 2562 res
192 2499 235 2566 ita
257 2522 290 2564 sc
312 2501 419 2580 habet,
436 2502 637 2589 agnoscenda
659 2504 762 2568 estin
785 2509 891 2565 manta
905 2501 1015 2585 aliqua
1030 2501 1134 2564 virtus

66 2582 248 2667 superioris
273 2583 419 2663 ordinis,
449 2606 546 2669 quam
574 2606 707 2659 sensus,
729 2594 766 2649 ut
788 2584 970 2679 peripsam
992 2582 1135 2728 cognitio

65 2664 131 2728 sibi
155 2667 287 2750 propria
304 2668 502 2752 perficiatur,
518 2690 619 2755 caque
635 2677 694 2744 est,
710 2687 792 2752 quae
808 2684 937 2728 nomme
953 2664 1030 2730 mtcl
1045 2676 1136 2733 ectus

66 2748 194 2830 agentis
215 2746 441 2833 designaturl.
465 2751 565 2837 Ergo.

106 2829 158 2895 65.
183 2829 292 2896 Obiic
311 2829 343 2896 1⁰
357 2830 552 2907 Intellectus,
568 2844 740 2918 antequam
763 2828 913 2893 ellormct
933 2828 1072 2913 speciem
1087 2830 1135 2894 in·

68 2910 286 2997 telligibilem,
310 2925 367 2980 aut
388 2916 553 3000 cognoscit
574 2936 658 2990 rem,
680 2932 779 3011 quam
802 2913 924 3059 species
947 2932 1136 3009 repracsen-

68 3005 137 3071 tat,
159 3007 217 3062 aut
238 3018 301 3061 non
322 2998 498 3082 cognoscit.
521 3000 622 3083 Atqui
647 3014 789 3083 prrmuna
835 2992 877 3057 ici
900 3005 1033 3079 nequit,
1059 2996 1136 3079 quia

106 3230 117 3268 ¹
141 3250 152 3275 ι
174 3228 302 3282 satana
320 3238 359 3281 est
378 3230 498 3289 ltomtnl,
518 3235 549 3279 nt
567 3243 614 3291 por
633 3228 765 3279 sensibilia
786 3232 817 3280 sd
838 3232 1012 3296 intelllgiollls
1038 3236 1137 3291 ventat,

66 3306 132 3370 qula
151 3305 238 3353 omnis
257 3310 345 3353 nostra
364 3304 480 3365 cognitto
498 3317 513 3351 a
533 3315 612 3352 sensu
633 3302 737 3351 initium
757 3307 838 3353 snmtt
851 3323 876 3364 a,
894 3304 914 3363 l,
934 3320 961 3369 q.
986 3304 1005 3364 l,
1025 3318 1052 3353 a.
1073 3306 1090 3355 s
1110 3320 1136 3356 c.

104 3376 118 3413 2
138 3370 174 3426 Cl
190 3378 316 3439 Dauom„
337 3390 363 3425 o.
385 3374 431 3432 Ν,
449 3390 475 3425 a.
496 3374 524 3433 Ξ,
545 3390 573 3437 p.
595 3374 718 3424 l33.-³
739 3378 804 3426 tota.

105 3446 117 3485 ὅ
139 3442 176 3498 (il
190 3449 267 3504 illd„
280 3462 308 3510 p.
325 3448 454 3505 tat-sss,
469 3447 513 3498 ubi
527 3448 641 3510 ldtpsum
655 3458 688 3497 ex
701 3448 852 3499 testimonio
864 3447 1043 3513 sxpsrlsntlsc
1056 3452 1138 3501 etlam

69 3520 314 3649 wppptpppqn:
337 3592 362 3651 t,
383 3606 410 3655 p.
433 3590 562 3650 sao-tat,
582 3598 609 3641 n
630 3606 655 3642 a.
680 3590 722 3648 ts.
744 3606 771 3655 p.
794 3592 922 3645 too-tos.

106 3662 220 3723 stota„
240 3678 266 3715 a.
287 3664 315 3725 3,
336 3678 363 3729 p.
386 3664 575 3717 tactas-⁷
595 3659 631 3717 et
647 3666 722 3725 illd„
742 3679 768 3715 a.
790 3666 816 3727 5,
837 3679 865 3731 p.
890 3664 1017 3717 tas-stt.
