2475 3909
501 199 703 248 cusuouaum
1029 183 1089 252 133

68 302 179 348 rerum
203 281 469 368 intelligibilium,
494 282 547 346 sed
569 281 682 344 barum
703 299 934 364 corporearum
955 292 988 349 et
1008 283 1130 352 bestiae

66 363 186 430 habere
212 367 398 433 sentiuntur
413 367 423 405 ¹
447 387 476 427 u.
500 366 567 430 Nec
583 363 754 441 insultatis,
770 384 854 448 quae
874 365 1069 433 aestimativa
1083 367 1132 432 di-

66 448 165 524 citur,
191 444 317 512 belluae
341 457 489 536 expertes
504 456 589 526 suut,
605 446 729 531 quippe
751 446 837 532 quod
858 468 876 510 a
900 449 1005 534 ipsae,
1021 462 1058 516 ut
1072 451 1132 516 Ge·

65 530 199 594 nuensis
221 529 322 595 verba
344 551 552 617 usurpemus,
574 533 614 596 de
636 526 792 606 obiectis,
814 548 898 613 quae
919 531 1062 596 noudum
1083 535 1131 597 vi-

64 611 157 687 dere,
183 611 422 695 praeiudicant,
437 635 474 679 ea
489 633 557 678 esse
572 613 687 688 amica,
705 622 762 675 aut
775 612 909 676 inimica
953 615 1128 691 raesciuut3

63 713 152 770 nam,
176 693 202 756 si
228 696 336 760 amica
360 697 493 770 luerint,
516 707 600 762 totae
615 716 648 758 se
664 701 862 778 comparant,
885 703 922 759 ut
966 695 1075 773 lande,
1099 717 1131 760 a·

64 775 219 860 micaque
243 779 421 864 exeipiaut3
445 790 555 844 contra
580 797 674 852 nero,
699 777 726 840 si
750 776 883 839 inimica
905 779 1130 864 praesagiunt,

61 870 322 942 exasperantur,
347 882 445 946 seque
468 859 506 924 ad
530 860 691 947 proelium
713 857 812 921 veluti
835 859 1020 946 accingunt,
1043 863 1076 926 in
1099 881 1131 925 a·

62 939 161 1014 eiern,
184 940 211 1003 si
235 961 286 1015 res
311 941 406 1020 serat,
432 942 645 1030 proditurae²
669 964 698 1003 u.
723 939 869 1024 Denique
889 962 955 1005 uon
976 953 1049 1007 sunt
1071 943 1132 1007 mi-

62 1040 124 1085 nus
146 1019 250 1097 lesia,
274 1033 307 1089 et
328 1023 513 1111 frequentia
536 1027 568 1090 in
591 1023 707 1089 belluis
728 1023 892 1108 appetitus
915 1026 1060 1090 sensitivi
1084 1025 1131 1088 in-

61 1101 161 1168 dicia.
185 1103 315 1169 Etenim
338 1106 427 1192 ipsae
450 1107 563 1186 eibos,
587 1117 619 1174 et
641 1125 690 1182 eu,
714 1124 797 1188 quae
820 1105 905 1171 vitae
926 1116 1001 1172 sunt
1022 1127 1131 1171 neees-

61 1184 161 1262 saria,
186 1189 313 1271 assequi
336 1189 497 1265 nituntur;
514 1211 564 1265 ea,
581 1208 663 1275 quae
687 1187 749 1251 sibi
773 1190 872 1251 noxia
895 1201 980 1265 sunt,
1001 1198 1126 1266 cavent3

62 1266 241 1345 obstacula,
263 1267 383 1353 quibus
406 1272 483 1337 boni
499 1271 563 1337 sibi
578 1269 802 1337 convenientis
824 1269 966 1356 adeptio,
983 1281 1039 1336 aut
1057 1292 1129 1357 pus

62 1349 165 1416 sessio
189 1349 378 1435 impeditur,
401 1375 419 1420 a
441 1375 474 1421 se
497 1352 627 1419 amoliri
650 1360 817 1416 conantur.

102 1431 154 1498 97.
178 1429 275 1516 Prop.
299 1432 347 1497 2⁸.
370 1435 486 1501 Anima
506 1435 669 1500 brutorum
690 1432 822 1498 rationis
841 1442 885 1496 est
906 1453 1018 1517 expers
1035 1436 1058 1498 ⁸.

105 1509 262 1578 Probatur
285 1525 395 1582 contra
419 1517 642 1584 Cadillaebum
669 1521 705 1596 ⁶,
726 1516 786 1602 qui
816 1523 887 1600 post
912 1516 1089 1580 Rorarium
1105 1519 1130 1596 ⁵,

62 1593 255 1662 bluntanum
269 1597 306 1673 ⁸,
330 1596 501 1686 aliosquel
525 1609 637 1667 tuetur
658 1599 753 1664 bruta
774 1597 983 1664 facultatibus
1010 1597 1132 1664 intelli-

61 1676 163 1826 ppudi
186 1675 337 1762 pollere,
360 1684 488 1750 tametsi
509 1682 568 1749 bae
591 1680 813 1756 arctioribus,
836 1701 934 1767 quam
960 1679 1133 1748 facultates

107 1759 245 1833 minum,
267 1757 427 1828 limitibus
448 1768 696 1831 coereeautnr¹.
720 1765 763 1829 Et
783 1783 872 1841 sane,
894 1763 922 1827 si
943 1763 1051 1842 bruta,
1075 1785 1133 1851 pe-

62 1838 157 1907 rinde
180 1861 217 1906 aa
239 1840 397 1921 homines,
420 1848 545 1913 ratione
571 1848 738 1933 pollerent,
760 1846 980 1929 cognitionem
1001 1866 1127 1921 eurum,

59 1922 230 2021 quaesibi
254 1923 361 2001 utilia,
378 1939 434 1993 aut
450 1931 545 1995 noxia
566 1940 653 2008 sunt,
669 1928 806 1993 rationis
828 1928 1075 2013 investigatione
1096 1938 1130 1991 et

61 2005 268 2072 institutione
290 2007 415 2087 sociali,
440 2011 573 2096 perinde
597 2033 635 2077 aa
656 2011 813 2086 homiues,
835 2009 1058 2097 adquirerent.
1074 2013 1130 2076 At—

101 2234 111 2270 ¹
133 2235 205 2284 caua
224 2233 308 2294 Epist.
329 2231 471 2289 mam..
500 2246 525 2280 e.
549 2232 591 2280 11.
611 2226 646 2282 Cl
661 2232 788 2294 Dpnom„
808 2229 884 2288 inid„
914 2243 939 2280 a.
961 2231 1004 2289 ltl,
1028 2247 1055 2296 p.
1079 2232 1131 2285 m

60 2307 119 2355 sut.
142 2301 161 2354 Ι.
182 2300 250 2368 Quin
278 2303 358 2354 otiam
388 2301 506 2358 bestiae.
528 2303 684 2352 observante
703 2317 727 2351 s.
747 2298 843 2351 Basilio
867 2297 1028 2370 (Heaa'e'm.,
1048 2303 1128 2356 llum.

60 2375 136 2434 Vlll,
158 2392 184 2426 n.
209 2373 245 2444 t),
265 2377 372 2425 domiuo
391 2388 440 2424 suo
460 2375 610 2433 aberrante,
631 2375 789 2439 quandoque
810 2376 859 2423 tter
878 2383 1098 2427 commonstrant.

100 2449 112 2484 ²
132 2451 239 2500 uterere.
263 2452 301 2498 lle
319 2451 407 2497 aalma
427 2447 567 2507 erratorum,
589 2455 604 2510 s
620 2448 645 2505 1,
661 2449 740 2498 mem.
757 2455 827 2504 ruet..
853 2451 873 2496 t.
888 2445 934 2496 111.
951 2442 986 2497 Cf
997 2451 1128 2514 Dpuarn„

59 2521 139 2579 ibid,
160 2535 186 2572 a.
207 2521 234 2580 a,
256 2536 282 2584 p.
305 2519 365 2577 ¹27,
386 2520 439 2568 rol.
462 2517 482 2568 l.

99 2593 112 2630 ⁸
131 2591 200 2643 llaer.
220 2605 329 2643 consors
350 2591 399 2642 tuit
418 2591 536 2641 doctriua
560 2597 681 2642 ratarum
703 2589 831 2646 Petrum.
850 2590 895 2655 qul
915 2589 1065 2643 haereticos
1085 2608 1128 2643 ra·

58 2671 163 2718 tionem
182 2667 275 2716 belluis
295 2665 439 2714 tribuentes
458 2665 630 2714 vehementer
650 2665 851 2726 redarguerunt.
872 2658 908 2712 Cl
923 2677 946 2713 s.
963 2661 1055 2725 basil,
1076 2663 1129 2715 llo-

59 2739 122 2791 rull.
141 2735 197 2787 Vlll
217 2744 245 2786 tu
266 2737 404 2794 nauata..
435 2751 460 2786 n.
482 2737 509 2793 ἒς
529 2751 552 2787 s.
573 2735 651 2800 Greg.
672 2734 761 2800 Nym„
781 2737 821 2786 De
839 2735 941 2800 opifieio
959 2739 1081 2796 damiata,
1102 2753 1128 2789 e.

60 2814 110 2869 Μὴ
131 2827 153 2860 a.
176 2810 257 2873 bug..
277 2813 315 2861 De
334 2811 417 2866 urso..
440 2809 485 2858 lib.
507 2805 541 2866 x.
562 2825 588 2860 e.
609 2811 637 2861 4.

101 2885 110 2919 ⁴
133 2885 214 2933 Trottt
231 2885 274 2932 der
293 2885 429 2938 artmano,
450 2895 475 2932 o.
500 2883 524 2940 t,
546 2882 573 2938 ⁹2.
594 2887 622 2932 et
642 2882 750 2945 passim.
771 2878 938 2929 dmsterdam
959 2883 1039 2933 trus.

101 2957 113 2992 ³
134 2957 206 3017 (lussd
225 2955 353 3005 animalia
372 2956 447 3004 bruto
467 2971 542 3018 serape
571 2958 672 3005 rollone
697 2960 801 3002 utuntur
822 2954 912 3004 ortelius
931 2955 1053 3013 bomine.
1076 2955 1133 3005 libri

61 3029 128 3087 dno,
149 3024 303 3076 lletmstadii
326 3025 405 3076 1728.

100 3101 112 3136 ⁴³
133 3097 295 3163 biaulmgne,
315 3101 414 3158 Errals,
435 3099 482 3148 lib.
505 3096 538 3156 ll,
559 3113 585 3150 e.
609 3098 652 3157 te,
674 3093 746 3147 Poris
768 3096 847 3147 ¹725.

101 3171 114 3208 ⁷
136 3171 205 3222 luter
224 3173 272 3222 bus
291 3171 542 3222 commemorantur
561 3175 600 3222 ast
621 3168 850 3228 blrlebmuebius,
870 3171 909 3220 Dr
929 3171 1026 3234 tuqutr.
1046 3174 1130 3228 uerte..

63 3244 112 3296 lib.
136 3241 170 3299 V.
191 3259 216 3294 e.
238 3245 266 3303 3,
286 3252 314 3293 et
334 3243 380 3294 lib.
399 3240 447 3301 Vl,
468 3258 529 3307 pars
549 3243 583 3304 ll,
602 3258 632 3294 u.
655 3245 682 3292 7.

102 3317 114 3353 ⁸
135 3311 337 3368 Cundtttaebum
360 3317 437 3378 panai
457 3317 502 3366 alii
522 3318 606 3367 secuti
626 3321 698 3374 suut,
713 3314 784 3363 luter
796 3327 862 3378 quos
876 3313 1022 3376 prinoipem
1042 3314 1131 3363 locum

61 3389 168 3439 obtinet
188 3385 272 3454 berny
292 3391 317 3439 tn
336 3403 384 3439 suo
404 3401 469 3450 op..
494 3391 587 3440 lettres
605 3405 650 3439 sur
669 3390 704 3439 ln
723 3390 850 3437 autmaua
875 3400 926 3448 par
944 3400 980 3432 uu
998 3387 1132 3448 pbpsteteu

61 3465 95 3512 cte
117 3462 284 3525 nuremurp,
308 3460 377 3512 Paris
402 3461 479 3510 1781.
501 3457 601 3511 liudem
623 3461 751 3512 sententia
777 3460 845 3508 intur
874 3464 977 3507 veteres
1003 3457 1135 3523 113111ςο-

62 3548 124 3590 rae,
149 3533 367 3598 interspersum
382 3530 528 3582 Parmenidi
549 3535 684 3592 tribuitur,
705 3532 829 3593 deinceps
848 3529 1000 3587 Plutarebo.
1018 3530 1132 3594 Porphy-

65 3609 127 3664 rto,
148 3601 244 3666 Celsa,
267 3605 439 3664 blantrbaeis,
461 3607 584 3670 altisque,
605 3610 643 3656 uti
665 3609 717 3658 ism
738 3607 888 3666 innuimus,
909 3605 1053 3658 haereticis
1073 3618 1134 3674 pru·

61 3681 127 3732 bata
150 3679 208 3730 luit.
