<?xml version="1.0" encoding="UTF-8"?>
<!DOCTYPE html PUBLIC "-//W3C//DTD XHTML 1.0 Transitional//EN"
    "http://www.w3.org/TR/xhtml1/DTD/xhtml1-transitional.dtd">
<html xmlns="http://www.w3.org/1999/xhtml" xml:lang="en" lang="en">
 <head>
  <title>
</title>
<meta http-equiv="Content-Type" content="text/html;charset=utf-8" />
  <meta name='ocr-system' content='tesseract 3.04.00' />
  <meta name='ocr-capabilities' content='ocr_page ocr_carea ocr_par ocr_line ocrx_word'/>
</head>
<body>
  <div class='ocr_page' id='page_1' title='image "./philosophiachri00sansgoog_0366.png"; bbox 0 0 2475 3909; ppageno 0'>
   <div class='ocr_carea' id='block_1_1' title="bbox 147 122 736 191">
    <p class='ocr_par' dir='ltr' id='par_1_1' title="bbox 147 122 736 191">
     <span class='ocr_line' id='line_1_1' title="bbox 147 122 736 191; baseline 0 -2"><span class='ocrx_word' id='word_1_1' title='bbox 147 122 188 189; x_wconf 85' lang='grc'><strong>66</strong></span> <span class='ocrx_word' id='word_1_2' title='bbox 554 141 736 191; x_wconf 77' lang='lat' dir='ltr'><strong>onrotoors</strong></span> 
     </span>
    </p>
   </div>
   <div class='ocr_carea' id='block_1_2' title="bbox 105 220 1189 2342">
    <p class='ocr_par' dir='ltr' id='par_1_2' title="bbox 105 220 1178 476">
     <span class='ocr_line' id='line_1_2' title="bbox 105 220 1178 311; baseline 0.002 -25"><span class='ocrx_word' id='word_1_3' title='bbox 105 220 172 301; x_wconf 84' lang='lat' dir='ltr'><strong>bet,</strong></span> <span class='ocrx_word' id='word_1_4' title='bbox 196 224 436 310; x_wconf 88' lang='lat' dir='ltr'><strong>propterquod</strong></span> <span class='ocrx_word' id='word_1_5' title='bbox 458 246 556 293; x_wconf 79' lang='lat' dir='ltr'><strong>ceusu</strong></span> <span class='ocrx_word' id='word_1_6' title='bbox 578 227 721 293; x_wconf 86' lang='lat' dir='ltr'><strong>efficiens</strong></span> <span class='ocrx_word' id='word_1_7' title='bbox 745 226 848 291; x_wconf 87' lang='lat' dir='ltr'><strong>unum</strong></span> <span class='ocrx_word' id='word_1_8' title='bbox 873 224 1006 311; x_wconf 90' lang='lat' dir='ltr'><strong>potius,</strong></span> <span class='ocrx_word' id='word_1_9' title='bbox 1027 244 1123 310; x_wconf 74' lang='lat' dir='ltr'><strong>quoru</strong></span> <span class='ocrx_word' id='word_1_10' title='bbox 1144 243 1178 288; x_wconf 83' lang='lat' dir='ltr'><strong>n-</strong></span> 
     </span>
     <span class='ocr_line' id='line_1_3' title="bbox 105 302 1178 403; baseline 0.001 -34"><span class='ocrx_word' id='word_1_11' title='bbox 105 302 188 369; x_wconf 91' lang='lat' dir='ltr'><strong>lium</strong></span> <span class='ocrx_word' id='word_1_12' title='bbox 204 306 457 374; x_wconf 82' lang='lat' dir='ltr'><strong>determinatum</strong></span> <span class='ocrx_word' id='word_1_13' title='bbox 471 308 625 375; x_wconf 80' lang='lat' dir='ltr'><strong>ellectum</strong></span> <span class='ocrx_word' id='word_1_14' title='bbox 640 307 803 394; x_wconf 78' lang='lat' dir='ltr'>producit.</span> <span class='ocrx_word' id='word_1_15' title='bbox 822 306 917 384; x_wconf 91' lang='lat' dir='ltr'><strong>lllud,</strong></span> <span class='ocrx_word' id='word_1_16' title='bbox 934 328 993 403; x_wconf 94' lang='lat' dir='ltr'><strong>pro</strong></span> <span class='ocrx_word' id='word_1_17' title='bbox 1019 316 1068 371; x_wconf 85' lang='lat' dir='ltr'><strong>ter</strong></span> <span class='ocrx_word' id='word_1_18' title='bbox 1089 306 1178 393; x_wconf 92' lang='lat' dir='ltr'><strong>quod</strong></span> 
     </span>
     <span class='ocr_line' id='line_1_4' title="bbox 106 387 1117 476; baseline 0 -25"><span class='ocrx_word' id='word_1_19' title='bbox 106 406 204 471; x_wconf 79' lang='lat' dir='ltr'><strong>egens</strong></span> <span class='ocrx_word' id='word_1_20' title='bbox 226 387 351 474; x_wconf 78' lang='lat' dir='ltr'><strong>aliquid</strong></span> <span class='ocrx_word' id='word_1_21' title='bbox 374 401 540 476; x_wconf 83' lang='lat' dir='ltr'>operatur,</span> <span class='ocrx_word' id='word_1_22' title='bbox 562 390 647 473; x_wconf 72' lang='lat' dir='ltr'><strong>finio,</strong></span> <span class='ocrx_word' id='word_1_23' title='bbox 671 390 720 454; x_wconf 88' lang='lat' dir='ltr'><strong>vel</strong></span> <span class='ocrx_word' id='word_1_24' title='bbox 742 412 837 455; x_wconf 81' lang='lat' dir='ltr'><strong>cumo</strong></span> <span class='ocrx_word' id='word_1_25' title='bbox 856 390 961 476; x_wconf 72' lang='lat' dir='ltr'><strong>finales</strong></span> <span class='ocrx_word' id='word_1_26' title='bbox 1008 391 1117 454; x_wconf 90' lang='lat' dir='ltr'><strong>icitur.</strong></span> 
     </span>
    </p>

    <p class='ocr_par' dir='ltr' id='par_1_3' title="bbox 106 467 1185 1700">
     <span class='ocr_line' id='line_1_5' title="bbox 148 467 1180 568; baseline 0.001 -37"><span class='ocrx_word' id='word_1_27' title='bbox 148 467 218 535; x_wconf 81' lang='lat'><strong>177.</strong></span> <span class='ocrx_word' id='word_1_28' title='bbox 242 470 310 535; x_wconf 84' lang='lat' dir='ltr'><strong>lam</strong></span> <span class='ocrx_word' id='word_1_29' title='bbox 333 491 450 539; x_wconf 80' lang='lat' dir='ltr'><strong>causae</strong></span> <span class='ocrx_word' id='word_1_30' title='bbox 473 473 584 537; x_wconf 82' lang='lat' dir='ltr'><strong>finales</strong></span> <span class='ocrx_word' id='word_1_31' title='bbox 613 473 726 568; x_wconf 70' lang='lat' dir='ltr'><strong>negari</strong></span> <span class='ocrx_word' id='word_1_32' title='bbox 751 494 813 536; x_wconf 93' lang='lat' dir='ltr'><strong>non</strong></span> <span class='ocrx_word' id='word_1_33' title='bbox 837 482 986 557; x_wconf 86' lang='lat' dir='ltr'><strong>possunt;</strong></span> <span class='ocrx_word' id='word_1_34' title='bbox 1008 492 1064 536; x_wconf 89' lang='lat' dir='ltr'><strong>seu</strong></span> <span class='ocrx_word' id='word_1_35' title='bbox 1086 468 1180 555; x_wconf 90' lang='lat' dir='ltr'><strong>quid·</strong></span> 
     </span>
     <span class='ocr_line' id='line_1_6' title="bbox 106 548 1180 641; baseline 0.002 -29"><span class='ocrx_word' id='word_1_36' title='bbox 106 548 186 634; x_wconf 94' lang='lat' dir='ltr'><strong>quid</strong></span> <span class='ocrx_word' id='word_1_37' title='bbox 210 550 337 637; x_wconf 79' lang='lat' dir='ltr'><strong>aliquid</strong></span> <span class='ocrx_word' id='word_1_38' title='bbox 358 555 439 638; x_wconf 85' lang='lat' dir='ltr'><strong>ugit,</strong></span> <span class='ocrx_word' id='word_1_39' title='bbox 463 565 597 641; x_wconf 86' lang='lat' dir='ltr'><strong>propter</strong></span> <span class='ocrx_word' id='word_1_40' title='bbox 618 554 759 638; x_wconf 76' lang='lat' dir='ltr'><strong>aliquem</strong></span> <span class='ocrx_word' id='word_1_41' title='bbox 775 552 872 617; x_wconf 87' lang='lat' dir='ltr'><strong>finem</strong></span> <span class='ocrx_word' id='word_1_42' title='bbox 889 552 970 617; x_wconf 90' lang='lat' dir='ltr'><strong>illud</strong></span> <span class='ocrx_word' id='word_1_43' title='bbox 986 564 1063 637; x_wconf 81' lang='lat' dir='ltr'><strong>eget</strong></span> <span class='ocrx_word' id='word_1_44' title='bbox 1084 571 1180 637; x_wconf 91' lang='lat' dir='ltr'><strong>opor-</strong></span> 
     </span>
     <span class='ocr_line' id='line_1_7' title="bbox 107 631 1182 702; baseline 0 -7"><span class='ocrx_word' id='word_1_45' title='bbox 107 639 155 695; x_wconf 88' lang='lat' dir='ltr'><strong>tet</strong></span> <span class='ocrx_word' id='word_1_46' title='bbox 170 632 193 695; x_wconf 84' lang='lat'><strong>¹.</strong></span> <span class='ocrx_word' id='word_1_47' title='bbox 218 634 346 699; x_wconf 89' lang='lat' dir='ltr'><strong>Etenim</strong></span> <span class='ocrx_word' id='word_1_48' title='bbox 370 638 515 702; x_wconf 84' lang='lat' dir='ltr'><strong>naturale</strong></span> <span class='ocrx_word' id='word_1_49' title='bbox 537 646 585 701; x_wconf 91' lang='lat' dir='ltr'><strong>est</strong></span> <span class='ocrx_word' id='word_1_50' title='bbox 607 636 695 700; x_wconf 88' lang='lat' dir='ltr'><strong>omni</strong></span> <span class='ocrx_word' id='word_1_51' title='bbox 719 656 835 699; x_wconf 78' lang='lat' dir='ltr'><strong>causae</strong></span> <span class='ocrx_word' id='word_1_52' title='bbox 850 636 976 699; x_wconf 80' lang='lat' dir='ltr'><strong>actione</strong></span> <span class='ocrx_word' id='word_1_53' title='bbox 997 655 1056 697; x_wconf 80' lang='lat' dir='ltr'><strong>sua</strong></span> <span class='ocrx_word' id='word_1_54' title='bbox 1078 634 1113 696; x_wconf 92' lang='lat' dir='ltr'><strong>in</strong></span> <span class='ocrx_word' id='word_1_55' title='bbox 1133 631 1182 696; x_wconf 85' lang='lat' dir='ltr'><strong>el-</strong></span> 
     </span>
     <span class='ocr_line' id='line_1_8' title="bbox 106 712 1180 802; baseline 0 -25"><span class='ocrx_word' id='word_1_56' title='bbox 106 713 230 778; x_wconf 85' lang='lat' dir='ltr'><strong>sectum</strong></span> <span class='ocrx_word' id='word_1_57' title='bbox 254 715 344 780; x_wconf 86' lang='lat' dir='ltr'><strong>illam</strong></span> <span class='ocrx_word' id='word_1_58' title='bbox 366 712 503 782; x_wconf 77' lang='lat' dir='ltr'><strong>sormam</strong></span> <span class='ocrx_word' id='word_1_59' title='bbox 525 717 707 792; x_wconf 80' lang='lat' dir='ltr'><strong>inducere,</strong></span> <span class='ocrx_word' id='word_1_60' title='bbox 728 738 825 802; x_wconf 83' lang='lat' dir='ltr'><strong>quern</strong></span> <span class='ocrx_word' id='word_1_61' title='bbox 856 718 889 781; x_wconf 93' lang='lat' dir='ltr'><strong>in</strong></span> <span class='ocrx_word' id='word_1_62' title='bbox 914 738 948 781; x_wconf 88' lang='lat' dir='ltr'><strong>se</strong></span> <span class='ocrx_word' id='word_1_63' title='bbox 970 714 1091 789; x_wconf 80' lang='lat' dir='ltr'><strong>hebet,</strong></span> <span class='ocrx_word' id='word_1_64' title='bbox 1112 714 1180 778; x_wconf 84' lang='lat' dir='ltr'><strong>sive</strong></span> 
     </span>
     <span class='ocr_line' id='line_1_9' title="bbox 107 795 1180 875; baseline 0 -16"><span class='ocrx_word' id='word_1_65' title='bbox 107 796 213 862; x_wconf 85' lang='lat' dir='ltr'><strong>formu</strong></span> <span class='ocrx_word' id='word_1_66' title='bbox 237 797 270 861; x_wconf 92' lang='lat' dir='ltr'><strong>in</strong></span> <span class='ocrx_word' id='word_1_67' title='bbox 292 818 389 862; x_wconf 83' lang='lat' dir='ltr'><strong>causa</strong></span> <span class='ocrx_word' id='word_1_68' title='bbox 411 800 530 866; x_wconf 79' lang='lat' dir='ltr'><strong>existet</strong></span> <span class='ocrx_word' id='word_1_69' title='bbox 550 798 728 865; x_wconf 89' lang='lat' dir='ltr'><strong>secundum</strong></span> <span class='ocrx_word' id='word_1_70' title='bbox 749 820 811 862; x_wconf 72' lang='lat' dir='ltr'><strong>esse</strong></span> <span class='ocrx_word' id='word_1_71' title='bbox 833 797 990 875; x_wconf 82' lang='lat' dir='ltr'><strong>naturale,</strong></span> <span class='ocrx_word' id='word_1_72' title='bbox 1013 798 1060 863; x_wconf 94' lang='lat' dir='ltr'><strong>uti</strong></span> <span class='ocrx_word' id='word_1_73' title='bbox 1077 795 1180 859; x_wconf 79' lang='lat' dir='ltr'><strong>forma</strong></span> 
     </span>
     <span class='ocr_line' id='line_1_10' title="bbox 107 876 1181 965; baseline -0.003 -22"><span class='ocrx_word' id='word_1_74' title='bbox 107 876 168 947; x_wconf 89' lang='lat' dir='ltr'><strong>filii</strong></span> <span class='ocrx_word' id='word_1_75' title='bbox 191 878 224 941; x_wconf 92' lang='lat' dir='ltr'><strong>in</strong></span> <span class='ocrx_word' id='word_1_76' title='bbox 248 888 352 965; x_wconf 84' lang='lat' dir='ltr'><strong>putre,</strong></span> <span class='ocrx_word' id='word_1_77' title='bbox 375 882 443 946; x_wconf 89' lang='lat' dir='ltr'><strong>sive</strong></span> <span class='ocrx_word' id='word_1_78' title='bbox 459 880 636 946; x_wconf 87' lang='lat' dir='ltr'><strong>secundum</strong></span> <span class='ocrx_word' id='word_1_79' title='bbox 658 902 718 946; x_wconf 78' lang='lat' dir='ltr'><strong>esre</strong></span> <span class='ocrx_word' id='word_1_80' title='bbox 741 879 962 964; x_wconf 76' lang='lat' dir='ltr'><strong>intelligibile,</strong></span> <span class='ocrx_word' id='word_1_81' title='bbox 977 882 1024 945; x_wconf 91' lang='lat' dir='ltr'><strong>uti</strong></span> <span class='ocrx_word' id='word_1_82' title='bbox 1039 876 1111 942; x_wconf 82' lang='lat' dir='ltr'><strong>idea</strong></span> <span class='ocrx_word' id='word_1_83' title='bbox 1125 878 1181 941; x_wconf 88' lang='lat' dir='ltr'><strong>do·</strong></span> 
     </span>
     <span class='ocr_line' id='line_1_11' title="bbox 108 958 1180 1047; baseline 0.004 -26"><span class='ocrx_word' id='word_1_84' title='bbox 108 977 181 1022; x_wconf 89' lang='lat' dir='ltr'><strong>mus</strong></span> <span class='ocrx_word' id='word_1_85' title='bbox 204 958 237 1022; x_wconf 93' lang='lat' dir='ltr'><strong>in</strong></span> <span class='ocrx_word' id='word_1_86' title='bbox 261 972 368 1025; x_wconf 88' lang='lat' dir='ltr'><strong>mente</strong></span> <span class='ocrx_word' id='word_1_87' title='bbox 389 962 555 1028; x_wconf 77' lang='lat' dir='ltr'><strong>architecti</strong></span> <span class='ocrx_word' id='word_1_88' title='bbox 571 964 596 1025; x_wconf 83' lang='lat'><strong>¹.</strong></span> <span class='ocrx_word' id='word_1_89' title='bbox 620 964 721 1047; x_wconf 76' lang='lat' dir='ltr'><strong>Atqui</strong></span> <span class='ocrx_word' id='word_1_90' title='bbox 746 961 918 1045; x_wconf 85' lang='lat' dir='ltr'><strong>productio</strong></span> <span class='ocrx_word' id='word_1_91' title='bbox 942 961 1066 1025; x_wconf 84' lang='lat' dir='ltr'><strong>lormee</strong></span> <span class='ocrx_word' id='word_1_92' title='bbox 1089 961 1122 1023; x_wconf 90' lang='lat' dir='ltr'><strong>in</strong></span> <span class='ocrx_word' id='word_1_93' title='bbox 1145 982 1180 1025; x_wconf 88' lang='lat' dir='ltr'><strong>re</strong></span> 
     </span>
     <span class='ocr_line' id='line_1_12' title="bbox 108 1039 1181 1129; baseline 0.005 -27"><span class='ocrx_word' id='word_1_94' title='bbox 108 1039 268 1125; x_wconf 79' lang='lat' dir='ltr'><strong>producta</strong></span> <span class='ocrx_word' id='word_1_95' title='bbox 290 1041 412 1109; x_wconf 88' lang='lat' dir='ltr'><strong>dicitur</strong></span> <span class='ocrx_word' id='word_1_96' title='bbox 433 1042 506 1108; x_wconf 89' lang='lat' dir='ltr'><strong>finis</strong></span> <span class='ocrx_word' id='word_1_97' title='bbox 530 1043 740 1129; x_wconf 88' lang='lat' dir='ltr'><strong>producentis</strong></span> <span class='ocrx_word' id='word_1_98' title='bbox 756 1046 779 1107; x_wconf 87' lang='lat'><strong>⁸.</strong></span> <span class='ocrx_word' id='word_1_99' title='bbox 804 1044 892 1129; x_wconf 84' lang='lat' dir='ltr'><strong>Ergo</strong></span> <span class='ocrx_word' id='word_1_100' title='bbox 916 1043 1053 1107; x_wconf 89' lang='lat' dir='ltr'><strong>cuilibet</strong></span> <span class='ocrx_word' id='word_1_101' title='bbox 1067 1062 1181 1108; x_wconf 73' lang='lat' dir='ltr'><strong>musae</strong></span> 
     </span>
     <span class='ocr_line' id='line_1_13' title="bbox 109 1122 1182 1211; baseline 0.006 -28"><span class='ocrx_word' id='word_1_102' title='bbox 109 1132 246 1207; x_wconf 90' lang='lat' dir='ltr'><strong>propter</strong></span> <span class='ocrx_word' id='word_1_103' title='bbox 267 1122 362 1189; x_wconf 90' lang='lat' dir='ltr'><strong>finem</strong></span> <span class='ocrx_word' id='word_1_104' title='bbox 386 1146 483 1211; x_wconf 80' lang='lat' dir='ltr'><strong>egere</strong></span> <span class='ocrx_word' id='word_1_105' title='bbox 506 1128 654 1191; x_wconf 85' lang='lat' dir='ltr'><strong>naturale</strong></span> <span class='ocrx_word' id='word_1_106' title='bbox 676 1136 736 1191; x_wconf 92' lang='lat' dir='ltr'><strong>est.</strong></span> <span class='ocrx_word' id='word_1_107' title='bbox 761 1127 955 1198; x_wconf 80' lang='lat' dir='ltr'><strong>Praeterea,</strong></span> <span class='ocrx_word' id='word_1_108' title='bbox 978 1125 1087 1189; x_wconf 90' lang='lat' dir='ltr'><strong>omnis</strong></span> <span class='ocrx_word' id='word_1_109' title='bbox 1108 1145 1182 1189; x_wconf 84' lang='lat' dir='ltr'><strong>cau·</strong></span> 
     </span>
     <span class='ocr_line' id='line_1_14' title="bbox 110 1205 1181 1291; baseline 0.004 -26"><span class='ocrx_word' id='word_1_110' title='bbox 110 1222 167 1279; x_wconf 84' lang='lat' dir='ltr'><strong>sa,</strong></span> <span class='ocrx_word' id='word_1_111' title='bbox 190 1224 266 1268; x_wconf 91' lang='lat' dir='ltr'><strong>cum</strong></span> <span class='ocrx_word' id='word_1_112' title='bbox 288 1207 377 1291; x_wconf 79' lang='lat' dir='ltr'><strong>agit,</strong></span> <span class='ocrx_word' id='word_1_113' title='bbox 406 1207 445 1271; x_wconf 85' lang='lat' dir='ltr'><strong>ed</strong></span> <span class='ocrx_word' id='word_1_114' title='bbox 474 1207 729 1272; x_wconf 83' lang='lat' dir='ltr'><strong>determinatum</strong></span> <span class='ocrx_word' id='word_1_115' title='bbox 756 1208 908 1273; x_wconf 83' lang='lat' dir='ltr'><strong>ellectum</strong></span> <span class='ocrx_word' id='word_1_116' title='bbox 937 1205 1181 1291; x_wconf 91' lang='lat' dir='ltr'><strong>producendum</strong></span> 
     </span>
     <span class='ocr_line' id='line_1_15' title="bbox 110 1286 1182 1375; baseline 0.006 -28"><span class='ocrx_word' id='word_1_117' title='bbox 110 1297 246 1371; x_wconf 63' lang='lat' dir='ltr'><strong>spectac</strong></span> <span class='ocrx_word' id='word_1_118' title='bbox 269 1308 343 1351; x_wconf 80' lang='lat' dir='ltr'><strong>num</strong></span> <span class='ocrx_word' id='word_1_119' title='bbox 359 1289 385 1353; x_wconf 91' lang='lat' dir='ltr'><strong>si</strong></span> <span class='ocrx_word' id='word_1_120' title='bbox 403 1290 442 1354; x_wconf 83' lang='lat' dir='ltr'><strong>ud</strong></span> <span class='ocrx_word' id='word_1_121' title='bbox 482 1291 569 1355; x_wconf 88' lang='lat' dir='ltr'><strong>lures</strong></span> <span class='ocrx_word' id='word_1_122' title='bbox 590 1290 724 1355; x_wconf 86' lang='lat' dir='ltr'><strong>ellectus</strong></span> <span class='ocrx_word' id='word_1_123' title='bbox 746 1286 969 1375; x_wconf 89' lang='lat' dir='ltr'><strong>producendos</strong></span> <span class='ocrx_word' id='word_1_124' title='bbox 994 1287 1182 1353; x_wconf 82' lang='lat' dir='ltr'><strong>indifferens</strong></span> 
     </span>
     <span class='ocr_line' id='line_1_16' title="bbox 110 1309 1185 1454; baseline 0.004 -25"><span class='ocrx_word' id='word_1_125' title='bbox 110 1376 206 1443; x_wconf 91' lang='lat' dir='ltr'><strong>esset,</strong></span> <span class='ocrx_word' id='word_1_126' title='bbox 230 1368 315 1433; x_wconf 83' lang='lat' dir='ltr'><strong>nulle</strong></span> <span class='ocrx_word' id='word_1_127' title='bbox 339 1372 425 1437; x_wconf 83' lang='lat' dir='ltr'><strong>ratio</strong></span> <span class='ocrx_word' id='word_1_128' title='bbox 447 1309 545 1448; x_wconf 78' lang='lat' dir='ltr'><strong>tllret,</strong></span> <span class='ocrx_word' id='word_1_129' title='bbox 567 1394 626 1436; x_wconf 92' lang='lat' dir='ltr'><strong>cur</strong></span> <span class='ocrx_word' id='word_1_130' title='bbox 649 1373 897 1454; x_wconf 80' lang='lat' dir='ltr'><strong>potiusnnum,</strong></span> <span class='ocrx_word' id='word_1_131' title='bbox 919 1389 1019 1453; x_wconf 85' lang='lat' dir='ltr'><strong>quem</strong></span> <span class='ocrx_word' id='word_1_132' title='bbox 1040 1369 1131 1435; x_wconf 82' lang='lat' dir='ltr'><strong>aliud</strong></span> <span class='ocrx_word' id='word_1_133' title='bbox 1151 1391 1185 1433; x_wconf 85' lang='lat' dir='ltr'><strong>a·</strong></span> 
     </span>
     <span class='ocr_line' id='line_1_17' title="bbox 113 1449 1185 1535; baseline 0.003 -23"><span class='ocrx_word' id='word_1_134' title='bbox 113 1460 213 1533; x_wconf 78' lang='lat' dir='ltr'><strong>geret.</strong></span> <span class='ocrx_word' id='word_1_135' title='bbox 239 1451 338 1535; x_wconf 81' lang='lat' dir='ltr'><strong>Atqui</strong></span> <span class='ocrx_word' id='word_1_136' title='bbox 363 1452 443 1517; x_wconf 93' lang='lat' dir='ltr'><strong>illud</strong></span> <span class='ocrx_word' id='word_1_137' title='bbox 464 1466 602 1529; x_wconf 88' lang='lat' dir='ltr'><strong>certum,</strong></span> <span class='ocrx_word' id='word_1_138' title='bbox 617 1464 650 1517; x_wconf 89' lang='lat' dir='ltr'><strong>et</strong></span> <span class='ocrx_word' id='word_1_139' title='bbox 665 1449 928 1526; x_wconf 82' lang='lat' dir='ltr'><strong>determinatum,</strong></span> <span class='ocrx_word' id='word_1_140' title='bbox 944 1450 986 1514; x_wconf 83' lang='lat' dir='ltr'><strong>ed</strong></span> <span class='ocrx_word' id='word_1_141' title='bbox 1000 1450 1088 1535; x_wconf 91' lang='lat' dir='ltr'><strong>quod</strong></span> <span class='ocrx_word' id='word_1_142' title='bbox 1109 1472 1185 1516; x_wconf 82' lang='lat' dir='ltr'><strong>cnu-</strong></span> 
     </span>
     <span class='ocr_line' id='line_1_18' title="bbox 111 1530 1184 1619; baseline 0.006 -26"><span class='ocrx_word' id='word_1_143' title='bbox 111 1550 146 1593; x_wconf 82' lang='lat' dir='ltr'><strong>sa</strong></span> <span class='ocrx_word' id='word_1_144' title='bbox 168 1542 302 1615; x_wconf 80' lang='lat' dir='ltr'><strong>spectet,</strong></span> <span class='ocrx_word' id='word_1_145' title='bbox 325 1530 399 1599; x_wconf 86' lang='lat' dir='ltr'><strong>finis</strong></span> <span class='ocrx_word' id='word_1_146' title='bbox 418 1538 490 1600; x_wconf 88' lang='lat' dir='ltr'><strong>eius</strong></span> <span class='ocrx_word' id='word_1_147' title='bbox 505 1536 629 1601; x_wconf 88' lang='lat' dir='ltr'><strong>dicitur</strong></span> <span class='ocrx_word' id='word_1_148' title='bbox 644 1536 668 1596; x_wconf 74' lang='lat'><strong>⁴.</strong></span> <span class='ocrx_word' id='word_1_149' title='bbox 686 1536 773 1619; x_wconf 86' lang='lat' dir='ltr'><strong>Ergo</strong></span> <span class='ocrx_word' id='word_1_150' title='bbox 788 1532 952 1618; x_wconf 87' lang='lat' dir='ltr'><strong>quidquid</strong></span> <span class='ocrx_word' id='word_1_151' title='bbox 978 1553 1076 1597; x_wconf 81' lang='lat' dir='ltr'><strong>censa</strong></span> <span class='ocrx_word' id='word_1_152' title='bbox 1103 1534 1184 1619; x_wconf 78' lang='lat' dir='ltr'><strong>ugit,</strong></span> 
     </span>
     <span class='ocr_line' id='line_1_19' title="bbox 111 1614 665 1700; baseline 0.007 -25"><span class='ocrx_word' id='word_1_153' title='bbox 111 1623 247 1697; x_wconf 87' lang='lat' dir='ltr'><strong>propter</strong></span> <span class='ocrx_word' id='word_1_154' title='bbox 268 1614 410 1697; x_wconf 76' lang='lat' dir='ltr'><strong>aliquem</strong></span> <span class='ocrx_word' id='word_1_155' title='bbox 432 1616 527 1682; x_wconf 87' lang='lat' dir='ltr'><strong>finem</strong></span> <span class='ocrx_word' id='word_1_156' title='bbox 550 1620 616 1700; x_wconf 77' lang='lat' dir='ltr'><strong>egit</strong></span> <span class='ocrx_word' id='word_1_157' title='bbox 640 1618 665 1679; x_wconf 79' lang='lat'><strong>⁵.</strong></span> 
     </span>
    </p>

    <p class='ocr_par' dir='ltr' id='par_1_4' title="bbox 112 1694 1189 2342">
     <span class='ocr_line' id='line_1_20' title="bbox 155 1694 1186 1783; baseline 0.004 -25"><span class='ocrx_word' id='word_1_158' title='bbox 155 1694 225 1762; x_wconf 85' lang='lat'><strong>178.</strong></span> <span class='ocrx_word' id='word_1_159' title='bbox 250 1696 317 1759; x_wconf 84' lang='lat' dir='ltr'><strong>lum</strong></span> <span class='ocrx_word' id='word_1_160' title='bbox 345 1694 419 1763; x_wconf 88' lang='lat' dir='ltr'><strong>finis</strong></span> <span class='ocrx_word' id='word_1_161' title='bbox 445 1697 662 1783; x_wconf 77' lang='lat' dir='ltr'><strong>distinguitur</strong></span> <span class='ocrx_word' id='word_1_162' title='bbox 684 1694 717 1760; x_wconf 83' lang='lat'><strong>1⁰</strong></span> <span class='ocrx_word' id='word_1_163' title='bbox 740 1697 773 1760; x_wconf 92' lang='lat' dir='ltr'><strong>in</strong></span> <span class='ocrx_word' id='word_1_164' title='bbox 795 1694 891 1760; x_wconf 89' lang='lat' dir='ltr'><strong>finem</strong></span> <span class='ocrx_word' id='word_1_165' title='bbox 916 1694 1126 1779; x_wconf 63' lang='lat' dir='ltr'><strong>memorum,</strong></span> <span class='ocrx_word' id='word_1_166' title='bbox 1152 1707 1186 1762; x_wconf 84' lang='lat' dir='ltr'><strong>et</strong></span> 
     </span>
     <span class='ocr_line' id='line_1_21' title="bbox 112 1777 1187 1864; baseline 0.003 -26"><span class='ocrx_word' id='word_1_167' title='bbox 112 1790 276 1853; x_wconf 84' lang='lat' dir='ltr'><strong>remotum,</strong></span> <span class='ocrx_word' id='word_1_168' title='bbox 300 1778 349 1841; x_wconf 88' lang='lat' dir='ltr'><strong>vel</strong></span> <span class='ocrx_word' id='word_1_169' title='bbox 371 1778 535 1857; x_wconf 65' lang='lat' dir='ltr'><strong>ultimum</strong></span> <span class='ocrx_word' id='word_1_170' title='bbox 557 1777 592 1843; x_wconf 73' lang='lat'><strong>2⁰</strong></span> <span class='ocrx_word' id='word_1_171' title='bbox 617 1782 649 1844; x_wconf 93' lang='lat' dir='ltr'><strong>in</strong></span> <span class='ocrx_word' id='word_1_172' title='bbox 672 1778 769 1843; x_wconf 86' lang='lat' dir='ltr'><strong>finem</strong></span> <span class='ocrx_word' id='word_1_173' title='bbox 786 1777 898 1864; x_wconf 86' lang='lat' dir='ltr'><strong>princi</strong></span> <span class='ocrx_word' id='word_1_174' title='bbox 940 1777 1011 1853; x_wconf 79' lang='lat' dir='ltr'><strong>lein,</strong></span> <span class='ocrx_word' id='word_1_175' title='bbox 1032 1787 1066 1841; x_wconf 87' lang='lat' dir='ltr'><strong>et</strong></span> <span class='ocrx_word' id='word_1_176' title='bbox 1086 1798 1187 1843; x_wconf 55' lang='lat' dir='ltr'><strong>ecee&gt;</strong></span> 
     </span>
     <span class='ocr_line' id='line_1_22' title="bbox 113 1856 1185 1947; baseline 0.002 -26"><span class='ocrx_word' id='word_1_177' title='bbox 113 1860 258 1936; x_wconf 65' lang='lat' dir='ltr'><strong>surium</strong></span> <span class='ocrx_word' id='word_1_178' title='bbox 281 1856 316 1925; x_wconf 86' lang='lat'><strong>3⁰</strong></span> <span class='ocrx_word' id='word_1_179' title='bbox 338 1861 372 1924; x_wconf 92' lang='lat' dir='ltr'><strong>in</strong></span> <span class='ocrx_word' id='word_1_180' title='bbox 394 1860 492 1926; x_wconf 90' lang='lat' dir='ltr'><strong>finem</strong></span> <span class='ocrx_word' id='word_1_181' title='bbox 514 1862 635 1947; x_wconf 84' lang='lat' dir='ltr'><strong>operis,</strong></span> <span class='ocrx_word' id='word_1_182' title='bbox 658 1871 692 1924; x_wconf 89' lang='lat' dir='ltr'><strong>et</strong></span> <span class='ocrx_word' id='word_1_183' title='bbox 712 1860 879 1945; x_wconf 81' lang='lat' dir='ltr'><strong>operantis.</strong></span> <span class='ocrx_word' id='word_1_184' title='bbox 932 1859 995 1922; x_wconf 91' lang='lat' dir='ltr'><strong>inis</strong></span> <span class='ocrx_word' id='word_1_185' title='bbox 1013 1860 1185 1942; x_wconf 71' lang='lat' dir='ltr'><strong>proximus</strong></span> 
     </span>
     <span class='ocr_line' id='line_1_23' title="bbox 112 1938 1187 2037; baseline 0.004 -35"><span class='ocrx_word' id='word_1_186' title='bbox 112 1938 170 2004; x_wconf 88' lang='lat' dir='ltr'><strong>ille</strong></span> <span class='ocrx_word' id='word_1_187' title='bbox 192 1950 252 2017; x_wconf 92' lang='lat' dir='ltr'><strong>est,</strong></span> <span class='ocrx_word' id='word_1_188' title='bbox 274 1940 330 2025; x_wconf 90' lang='lat' dir='ltr'><strong>qui</strong></span> <span class='ocrx_word' id='word_1_189' title='bbox 353 1942 543 2021; x_wconf 75' lang='lat' dir='ltr'><strong>immediate,</strong></span> <span class='ocrx_word' id='word_1_190' title='bbox 567 1964 683 2027; x_wconf 83' lang='lat' dir='ltr'><strong>nempe</strong></span> <span class='ocrx_word' id='word_1_191' title='bbox 706 1940 795 2005; x_wconf 92' lang='lat' dir='ltr'><strong>nullo</strong></span> <span class='ocrx_word' id='word_1_192' title='bbox 818 1940 884 2004; x_wconf 85' lang='lat' dir='ltr'><strong>elio</strong></span> <span class='ocrx_word' id='word_1_193' title='bbox 899 1938 962 2005; x_wconf 89' lang='lat' dir='ltr'><strong>linc</strong></span> <span class='ocrx_word' id='word_1_194' title='bbox 976 1940 1187 2037; x_wconf 88' lang='lat' dir='ltr'><strong>interposito;</strong></span> 
     </span>
     <span class='ocr_line' id='line_1_24' title="bbox 112 2020 1189 2109; baseline 0.001 -25"><span class='ocrx_word' id='word_1_195' title='bbox 112 2032 250 2087; x_wconf 79' lang='lat' dir='ltr'><strong>remotus</strong></span> <span class='ocrx_word' id='word_1_196' title='bbox 272 2032 382 2087; x_wconf 84' lang='lat' dir='ltr'><strong>eutem</strong></span> <span class='ocrx_word' id='word_1_197' title='bbox 401 2069 409 2099; x_wconf 91' lang='lat'><strong>,</strong></span> <span class='ocrx_word' id='word_1_198' title='bbox 431 2025 490 2109; x_wconf 93' lang='lat' dir='ltr'><strong>qui</strong></span> <span class='ocrx_word' id='word_1_199' title='bbox 512 2025 667 2097; x_wconf 76' lang='lat' dir='ltr'><strong>mediate,</strong></span> <span class='ocrx_word' id='word_1_200' title='bbox 690 2044 808 2108; x_wconf 88' lang='lat' dir='ltr'><strong>nempe</strong></span> <span class='ocrx_word' id='word_1_201' title='bbox 830 2020 921 2097; x_wconf 82' lang='lat' dir='ltr'><strong>ulio,</strong></span> <span class='ocrx_word' id='word_1_202' title='bbox 947 2020 997 2087; x_wconf 83' lang='lat' dir='ltr'><strong>rel</strong></span> <span class='ocrx_word' id='word_1_203' title='bbox 1019 2022 1093 2087; x_wconf 85' lang='lat' dir='ltr'><strong>elirs</strong></span> <span class='ocrx_word' id='word_1_204' title='bbox 1116 2020 1189 2087; x_wconf 89' lang='lat' dir='ltr'><strong>fini·</strong></span> 
     </span>
     <span class='ocr_line' id='line_1_25' title="bbox 112 2101 1189 2192; baseline 0 -26"><span class='ocrx_word' id='word_1_205' title='bbox 112 2101 175 2166; x_wconf 88' lang='lat' dir='ltr'><strong>bus</strong></span> <span class='ocrx_word' id='word_1_206' title='bbox 200 2104 422 2189; x_wconf 86' lang='lat' dir='ltr'><strong>interpositis,</strong></span> <span class='ocrx_word' id='word_1_207' title='bbox 445 2104 487 2170; x_wconf 83' lang='lat' dir='ltr'><strong>ub</strong></span> <span class='ocrx_word' id='word_1_208' title='bbox 509 2118 624 2192; x_wconf 78' lang='lat' dir='ltr'><strong>ugente</strong></span> <span class='ocrx_word' id='word_1_209' title='bbox 648 2104 854 2191; x_wconf 88' lang='lat' dir='ltr'><strong>proponitur.</strong></span> <span class='ocrx_word' id='word_1_210' title='bbox 878 2104 918 2167; x_wconf 75' lang='lat' dir='ltr'><strong>lt.</strong></span> <span class='ocrx_word' id='word_1_211' title='bbox 942 2124 1000 2188; x_wconf 60' lang='grc'><strong>8.,</strong></span> <span class='ocrx_word' id='word_1_212' title='bbox 1023 2104 1189 2188; x_wconf 81' lang='lat' dir='ltr'><strong>praelium</strong></span> 
     </span>
     <span class='ocr_line' id='line_1_26' title="bbox 112 2182 1188 2268; baseline 0 -21"><span class='ocrx_word' id='word_1_213' title='bbox 112 2195 161 2248; x_wconf 88' lang='lat' dir='ltr'><strong>est</strong></span> <span class='ocrx_word' id='word_1_214' title='bbox 182 2182 254 2248; x_wconf 88' lang='lat' dir='ltr'><strong>finis</strong></span> <span class='ocrx_word' id='word_1_215' title='bbox 277 2186 447 2268; x_wconf 83' lang='lat' dir='ltr'><strong>proximus</strong></span> <span class='ocrx_word' id='word_1_216' title='bbox 467 2186 631 2253; x_wconf 82' lang='lat' dir='ltr'><strong>exercitus</strong></span> <span class='ocrx_word' id='word_1_217' title='bbox 652 2186 692 2249; x_wconf 82' lang='lat' dir='ltr'><strong>ud</strong></span> <span class='ocrx_word' id='word_1_218' title='bbox 719 2186 823 2249; x_wconf 82' lang='lat' dir='ltr'><strong>aciem</strong></span> <span class='ocrx_word' id='word_1_219' title='bbox 848 2184 995 2258; x_wconf 87' lang='lat' dir='ltr'><strong>instructi</strong></span> <span class='ocrx_word' id='word_1_220' title='bbox 1015 2205 1024 2261; x_wconf 89' lang='lat'>;</span> <span class='ocrx_word' id='word_1_221' title='bbox 1047 2186 1188 2251; x_wconf 83' lang='lat' dir='ltr'><strong>victoria</strong></span> 
     </span>
     <span class='ocr_line' id='line_1_27' title="bbox 114 2264 1189 2342; baseline 0.003 -14"><span class='ocrx_word' id='word_1_222' title='bbox 114 2275 164 2329; x_wconf 84' lang='lat' dir='ltr'><strong>est</strong></span> <span class='ocrx_word' id='word_1_223' title='bbox 185 2264 260 2329; x_wconf 88' lang='lat' dir='ltr'><strong>finis</strong></span> <span class='ocrx_word' id='word_1_224' title='bbox 274 2279 428 2333; x_wconf 84' lang='lat' dir='ltr'><strong>remotus.</strong></span> <span class='ocrx_word' id='word_1_225' title='bbox 446 2268 508 2333; x_wconf 91' lang='lat' dir='ltr'><strong>llic</strong></span> <span class='ocrx_word' id='word_1_226' title='bbox 522 2280 631 2335; x_wconf 84' lang='lat' dir='ltr'><strong>eutem</strong></span> <span class='ocrx_word' id='word_1_227' title='bbox 647 2265 722 2331; x_wconf 89' lang='lat' dir='ltr'><strong>finis</strong></span> <span class='ocrx_word' id='word_1_228' title='bbox 736 2275 892 2342; x_wconf 90' lang='lat' dir='ltr'><strong>remotus,</strong></span> <span class='ocrx_word' id='word_1_229' title='bbox 907 2266 935 2329; x_wconf 92' lang='lat' dir='ltr'><strong>si</strong></span> <span class='ocrx_word' id='word_1_230' title='bbox 951 2267 995 2331; x_wconf 90' lang='lat' dir='ltr'><strong>sit</strong></span> <span class='ocrx_word' id='word_1_231' title='bbox 1008 2266 1099 2332; x_wconf 83' lang='lat' dir='ltr'><strong>velut</strong></span> <span class='ocrx_word' id='word_1_232' title='bbox 1113 2268 1189 2332; x_wconf 91' lang='lat' dir='ltr'><strong>ulti·</strong></span> 
     </span>
    </p>
   </div>
   <div class='ocr_carea' id='block_1_3' title="bbox 115 2344 1189 2495">
    <p class='ocr_par' dir='ltr' id='par_1_5' title="bbox 115 2344 1189 2495">
     <span class='ocr_line' id='line_1_28' title="bbox 115 2344 1189 2495; baseline 0.003 -87"><span class='ocrx_word' id='word_1_233' title='bbox 115 2366 190 2410; x_wconf 90' lang='lat' dir='ltr'><strong>mus</strong></span> <span class='ocrx_word' id='word_1_234' title='bbox 204 2346 374 2424; x_wconf 90' lang='lat' dir='ltr'><strong>terminus,</strong></span> <span class='ocrx_word' id='word_1_235' title='bbox 390 2350 423 2413; x_wconf 91' lang='lat' dir='ltr'><strong>in</strong></span> <span class='ocrx_word' id='word_1_236' title='bbox 438 2370 504 2435; x_wconf 90' lang='lat' dir='ltr'><strong>quo</strong></span> <span class='ocrx_word' id='word_1_237' title='bbox 520 2370 617 2495; x_wconf 73' lang='lat' dir='ltr'><strong>opens</strong></span> <span class='ocrx_word' id='word_1_238' title='bbox 632 2348 782 2433; x_wconf 88' lang='lat' dir='ltr'><strong>quiescit,</strong></span> <span class='ocrx_word' id='word_1_239' title='bbox 802 2344 925 2411; x_wconf 83' lang='lat' dir='ltr'><strong>dicitnr</strong></span> <span class='ocrx_word' id='word_1_240' title='bbox 944 2345 1018 2411; x_wconf 90' lang='lat' dir='ltr'><strong>finis</strong></span> <span class='ocrx_word' id='word_1_241' title='bbox 1039 2349 1189 2423; x_wconf 78' lang='lat' dir='ltr'><strong>ultimus,</strong></span> 
     </span>
    </p>
   </div>
   <div class='ocr_carea' id='block_1_4' title="bbox 114 2425 1191 2507">
    <p class='ocr_par' dir='ltr' id='par_1_6' title="bbox 114 2425 1191 2507">
     <span class='ocr_line' id='line_1_29' title="bbox 114 2425 1191 2507; baseline 0.001 -15"><span class='ocrx_word' id='word_1_242' title='bbox 114 2426 297 2493; x_wconf 83' lang='lat' dir='ltr'><strong>cuiusmodi</strong></span> <span class='ocrx_word' id='word_1_243' title='bbox 322 2428 444 2495; x_wconf 88' lang='lat' dir='ltr'><strong>homini</strong></span> <span class='ocrx_word' id='word_1_244' title='bbox 468 2445 515 2498; x_wconf 90' lang='lat' dir='ltr'><strong>est</strong></span> <span class='ocrx_word' id='word_1_245' title='bbox 558 2429 716 2498; x_wconf 88' lang='lat' dir='ltr'><strong>eutitudo.</strong></span> <span class='ocrx_word' id='word_1_246' title='bbox 740 2430 848 2507; x_wconf 80' lang='lat' dir='ltr'><strong>Quare</strong></span> <span class='ocrx_word' id='word_1_247' title='bbox 869 2425 944 2493; x_wconf 88' lang='lat' dir='ltr'><strong>finis</strong></span> <span class='ocrx_word' id='word_1_248' title='bbox 977 2430 1114 2495; x_wconf 89' lang='lat' dir='ltr'><strong>ultimus</strong></span> <span class='ocrx_word' id='word_1_249' title='bbox 1134 2428 1191 2493; x_wconf 85' lang='lat' dir='ltr'><strong>de-</strong></span> 
     </span>
    </p>
   </div>
   <div class='ocr_carea' id='block_1_5' title="bbox 115 2507 1192 2843">
    <p class='ocr_par' dir='ltr' id='par_1_7' title="bbox 115 2507 1190 2599">
     <span class='ocr_line' id='line_1_30' title="bbox 115 2507 1190 2599; baseline 0.001 -26"><span class='ocrx_word' id='word_1_250' title='bbox 115 2507 228 2575; x_wconf 91' lang='lat' dir='ltr'><strong>finitur</strong></span> <span class='ocrx_word' id='word_1_251' title='bbox 250 2509 296 2587; x_wconf 88' lang='lat' dir='ltr'><strong>id,</strong></span> <span class='ocrx_word' id='word_1_252' title='bbox 319 2510 406 2596; x_wconf 93' lang='lat' dir='ltr'><strong>quod</strong></span> <span class='ocrx_word' id='word_1_253' title='bbox 428 2516 596 2598; x_wconf 84' lang='lat' dir='ltr'><strong>expetitur</strong></span> <span class='ocrx_word' id='word_1_254' title='bbox 619 2524 751 2599; x_wconf 90' lang='lat' dir='ltr'><strong>propter</strong></span> <span class='ocrx_word' id='word_1_255' title='bbox 773 2531 806 2574; x_wconf 88' lang='lat' dir='ltr'><strong>se</strong></span> <span class='ocrx_word' id='word_1_256' title='bbox 830 2518 978 2586; x_wconf 83' lang='lat' dir='ltr'><strong>tuntum,</strong></span> <span class='ocrx_word' id='word_1_257' title='bbox 999 2524 1031 2578; x_wconf 87' lang='lat' dir='ltr'><strong>ct</strong></span> <span class='ocrx_word' id='word_1_258' title='bbox 1075 2533 1114 2576; x_wconf 91' lang='lat' dir='ltr'><strong>ro</strong></span> <span class='ocrx_word' id='word_1_259' title='bbox 1140 2523 1190 2576; x_wconf 88' lang='lat' dir='ltr'><strong>ter</strong></span> 
     </span>
    </p>

    <p class='ocr_par' dir='ltr' id='par_1_8' title="bbox 115 2532 1192 2843">
     <span class='ocr_line' id='line_1_31' title="bbox 138 2532 1192 2681; baseline 0.001 -27"><span class='ocrx_word' id='word_1_260' title='bbox 138 2591 203 2656; x_wconf 92' lang='lat' dir='ltr'><strong>uod</strong></span> <span class='ocrx_word' id='word_1_261' title='bbox 218 2602 324 2657; x_wconf 83' lang='lat' dir='ltr'><strong>cetera</strong></span> <span class='ocrx_word' id='word_1_262' title='bbox 347 2588 456 2657; x_wconf 83' lang='lat' dir='ltr'><strong>omnia</strong></span> <span class='ocrx_word' id='word_1_263' title='bbox 477 2606 687 2681; x_wconf 85' lang='lat' dir='ltr'><strong>expetuntur.</strong></span> <span class='ocrx_word' id='word_1_264' title='bbox 710 2593 895 2659; x_wconf 80' lang='lat' dir='ltr'><strong>Primoriur</strong></span> <span class='ocrx_word' id='word_1_265' title='bbox 914 2602 1021 2657; x_wconf 84' lang='lat' dir='ltr'><strong>eutem</strong></span> <span class='ocrx_word' id='word_1_266' title='bbox 1038 2533 1092 2657; x_wconf 88' lang='lat' dir='ltr'><strong>ille</strong></span> <span class='ocrx_word' id='word_1_267' title='bbox 1116 2532 1192 2658; x_wconf 75' lang='lat' dir='ltr'><strong>finis</strong></span> 
     </span>
     <span class='ocr_line' id='line_1_32' title="bbox 115 2610 1192 2822; baseline 0.002 -87"><span class='ocrx_word' id='word_1_268' title='bbox 115 2610 249 2749; x_wconf 83' lang='lat' dir='ltr'><strong>dicitur,</strong></span> <span class='ocrx_word' id='word_1_269' title='bbox 272 2694 370 2759; x_wconf 88' lang='lat' dir='ltr'><strong>quem</strong></span> <span class='ocrx_word' id='word_1_270' title='bbox 393 2694 491 2759; x_wconf 81' lang='lat' dir='ltr'><strong>egens</strong></span> <span class='ocrx_word' id='word_1_271' title='bbox 513 2678 558 2743; x_wconf 83' lang='lat' dir='ltr'><strong>ite</strong></span> <span class='ocrx_word' id='word_1_272' title='bbox 580 2674 646 2740; x_wconf 90' lang='lat' dir='ltr'><strong>sibi</strong></span> <span class='ocrx_word' id='word_1_273' title='bbox 668 2674 845 2822; x_wconf 79' lang='lat' dir='ltr'><strong>proponit,</strong></span> <span class='ocrx_word' id='word_1_274' title='bbox 869 2683 906 2739; x_wconf 89' lang='lat' dir='ltr'><strong>ut</strong></span> <span class='ocrx_word' id='word_1_275' title='bbox 932 2674 1060 2741; x_wconf 78' lang='lat' dir='ltr'><strong>etiamsi</strong></span> <span class='ocrx_word' id='word_1_276' title='bbox 1082 2675 1192 2740; x_wconf 88' lang='lat' dir='ltr'><strong>omnis</strong></span> 
     </span>
     <span class='ocr_line' id='line_1_33' title="bbox 116 2752 1192 2843; baseline 0.003 -26"><span class='ocrx_word' id='word_1_277' title='bbox 116 2752 203 2819; x_wconf 81' lang='lat' dir='ltr'><strong>alius</strong></span> <span class='ocrx_word' id='word_1_278' title='bbox 221 2753 357 2833; x_wconf 85' lang='lat' dir='ltr'><strong>deesset,</strong></span> <span class='ocrx_word' id='word_1_279' title='bbox 380 2754 421 2819; x_wconf 85' lang='lat' dir='ltr'><strong>eb</strong></span> <span class='ocrx_word' id='word_1_280' title='bbox 450 2758 613 2843; x_wconf 81' lang='lat' dir='ltr'><strong>operando</strong></span> <span class='ocrx_word' id='word_1_281' title='bbox 635 2779 698 2823; x_wconf 92' lang='lat' dir='ltr'><strong>non</strong></span> <span class='ocrx_word' id='word_1_282' title='bbox 741 2758 914 2831; x_wconf 86' lang='lat' dir='ltr'><strong>esisteret,</strong></span> <span class='ocrx_word' id='word_1_283' title='bbox 936 2765 1034 2841; x_wconf 82' lang='lat' dir='ltr'><strong>atque</strong></span> <span class='ocrx_word' id='word_1_284' title='bbox 1056 2778 1192 2823; x_wconf 76' lang='lat' dir='ltr'><strong>occesse-</strong></span> 
     </span>
    </p>
   </div>
   <div class='ocr_carea' id='block_1_6' title="bbox 509 2885 830 2904">
    <p class='ocr_par' dir='ltr' id='par_1_9' title="bbox 509 2885 830 2904">
     <span class='ocr_line' id='line_1_34' title="bbox 509 2885 830 2904; baseline 0 -3"><span class='ocrx_word' id='word_1_285' title='bbox 509 2885 830 2904; x_wconf 48' lang='lat' dir='ltr'><strong>m———un</strong></span> 
     </span>
    </p>
   </div>
   <div class='ocr_carea' id='block_1_7' title="bbox 116 2946 1198 3667">
    <p class='ocr_par' dir='ltr' id='par_1_10' title="bbox 116 2946 1196 3293">
     <span class='ocr_line' id='line_1_35' title="bbox 116 2946 1192 3014; baseline -0.006 -11"><span class='ocrx_word' id='word_1_286' title='bbox 116 2954 208 3003; x_wconf 84' lang='lat' dir='ltr'><strong>mente</strong></span> <span class='ocrx_word' id='word_1_287' title='bbox 227 2963 326 3000; x_wconf 75' lang='lat' dir='ltr'><strong>causae</strong></span> <span class='ocrx_word' id='word_1_288' title='bbox 343 2948 482 3000; x_wconf 77' lang='lat' dir='ltr'><strong>elllcleutlr</strong></span> <span class='ocrx_word' id='word_1_289' title='bbox 500 2948 603 3007; x_wconf 79' lang='lat' dir='ltr'><strong>oxlstit,</strong></span> <span class='ocrx_word' id='word_1_290' title='bbox 617 2950 645 2997; x_wconf 89' lang='lat' dir='ltr'><strong>et</strong></span> <span class='ocrx_word' id='word_1_291' title='bbox 660 2964 672 2993; x_wconf 81' lang='grc' dir='ltr'>ι</span> <span class='ocrx_word' id='word_1_292' title='bbox 687 2946 721 2996; x_wconf 76' lang='lat' dir='ltr'><strong>ad</strong></span> <span class='ocrx_word' id='word_1_293' title='bbox 734 2947 812 2997; x_wconf 78' lang='lat' dir='ltr'><strong>culus</strong></span> <span class='ocrx_word' id='word_1_294' title='bbox 825 2947 1004 2999; x_wconf 75' lang='lat' dir='ltr'><strong>imitrtloucm</strong></span> <span class='ocrx_word' id='word_1_295' title='bbox 1016 2949 1118 3014; x_wconf 72' lang='lat' dir='ltr'><strong>aliquid</strong></span> <span class='ocrx_word' id='word_1_296' title='bbox 1130 2950 1163 3000; x_wconf 87' lang='lat' dir='ltr'><strong>fit</strong></span> <span class='ocrx_word' id='word_1_297' title='bbox 1180 2970 1192 2997; x_wconf 76' lang='grc' dir='ltr'><strong>ι</strong></span> 
     </span>
     <span class='ocr_line' id='line_1_36' title="bbox 117 3014 1195 3092; baseline -0.017 0"><span class='ocrx_word' id='word_1_298' title='bbox 117 3020 180 3092; x_wconf 80' lang='lat' dir='ltr'><strong>(Qn</strong></span> <span class='ocrx_word' id='word_1_299' title='bbox 199 3024 298 3086; x_wconf 67' lang='lat' dir='ltr'><strong>dirvy..</strong></span> <span class='ocrx_word' id='word_1_300' title='bbox 318 3023 358 3072; x_wconf 76' lang='lat' dir='ltr'><strong>Do</strong></span> <span class='ocrx_word' id='word_1_301' title='bbox 385 3022 451 3080; x_wconf 77' lang='lat' dir='ltr'><strong>Ver..</strong></span> <span class='ocrx_word' id='word_1_302' title='bbox 471 3035 500 3084; x_wconf 89' lang='lat' dir='ltr'><strong>q.</strong></span> <span class='ocrx_word' id='word_1_303' title='bbox 521 3016 596 3079; x_wconf 89' lang='lat' dir='ltr'><strong>lllll‚</strong></span> <span class='ocrx_word' id='word_1_304' title='bbox 616 3033 644 3070; x_wconf 74' lang='lat' dir='ltr'><strong>a.</strong></span> <span class='ocrx_word' id='word_1_305' title='bbox 665 3020 682 3070; x_wconf 89' lang='lat'><strong>8</strong></span> <span class='ocrx_word' id='word_1_306' title='bbox 701 3020 734 3069; x_wconf 79' lang='lat' dir='ltr'><strong>ed</strong></span> <span class='ocrx_word' id='word_1_307' title='bbox 755 3014 795 3087; x_wconf 87' lang='lat' dir='ltr'><strong>l),</strong></span> <span class='ocrx_word' id='word_1_308' title='bbox 812 3019 913 3071; x_wconf 80' lang='lat' dir='ltr'><strong>dieitur</strong></span> <span class='ocrx_word' id='word_1_309' title='bbox 930 3021 1104 3085; x_wconf 73' lang='lat' dir='ltr'><strong>exemplaris.</strong></span> <span class='ocrx_word' id='word_1_310' title='bbox 1123 3020 1195 3074; x_wconf 83' lang='lat' dir='ltr'><strong>Hinc</strong></span> 
     </span>
     <span class='ocr_line' id='line_1_37' title="bbox 116 3090 1196 3155; baseline -0.004 -7"><span class='ocrx_word' id='word_1_311' title='bbox 116 3097 191 3148; x_wconf 77' lang='lat' dir='ltr'><strong>rides</strong></span> <span class='ocrx_word' id='word_1_312' title='bbox 209 3107 319 3146; x_wconf 76' lang='lat' dir='ltr'><strong>cauum</strong></span> <span class='ocrx_word' id='word_1_313' title='bbox 339 3092 520 3155; x_wconf 76' lang='lat' dir='ltr'><strong>exemplarem</strong></span> <span class='ocrx_word' id='word_1_314' title='bbox 539 3091 572 3141; x_wconf 81' lang='lat' dir='ltr'><strong>ud</strong></span> <span class='ocrx_word' id='word_1_315' title='bbox 592 3090 734 3142; x_wconf 73' lang='lat' dir='ltr'><strong>formalem</strong></span> <span class='ocrx_word' id='word_1_316' title='bbox 752 3092 855 3153; x_wconf 79' lang='lat' dir='ltr'><strong>reduci,</strong></span> <span class='ocrx_word' id='word_1_317' title='bbox 869 3092 920 3143; x_wconf 77' lang='lat' dir='ltr'><strong>ltoc</strong></span> <span class='ocrx_word' id='word_1_318' title='bbox 936 3098 1041 3143; x_wconf 68' lang='lat' dir='ltr'><strong>tautum</strong></span> <span class='ocrx_word' id='word_1_319' title='bbox 1060 3094 1196 3145; x_wconf 73' lang='lat' dir='ltr'><strong>discrimi-</strong></span> 
     </span>
     <span class='ocr_line' id='line_1_38' title="bbox 116 3162 1196 3234; baseline -0.006 -12"><span class='ocrx_word' id='word_1_320' title='bbox 116 3182 162 3230; x_wconf 80' lang='lat' dir='ltr'><strong>no,</strong></span> <span class='ocrx_word' id='word_1_321' title='bbox 182 3167 253 3234; x_wconf 86' lang='lat' dir='ltr'><strong>quod</strong></span> <span class='ocrx_word' id='word_1_322' title='bbox 271 3167 339 3217; x_wconf 79' lang='lat' dir='ltr'><strong>haec</strong></span> <span class='ocrx_word' id='word_1_323' title='bbox 351 3170 393 3217; x_wconf 78' lang='lat' dir='ltr'><strong>cst</strong></span> <span class='ocrx_word' id='word_1_324' title='bbox 405 3166 509 3216; x_wconf 79' lang='lat' dir='ltr'><strong>interna</strong></span> <span class='ocrx_word' id='word_1_325' title='bbox 528 3163 647 3224; x_wconf 76' lang='lat' dir='ltr'><strong>effectui,</strong></span> <span class='ocrx_word' id='word_1_326' title='bbox 661 3164 707 3214; x_wconf 75' lang='lat' dir='ltr'><strong>ills</strong></span> <span class='ocrx_word' id='word_1_327' title='bbox 719 3168 811 3215; x_wconf 76' lang='lat' dir='ltr'><strong>eutem</strong></span> <span class='ocrx_word' id='word_1_328' title='bbox 828 3169 949 3217; x_wconf 68' lang='lat' dir='ltr'><strong>externe.</strong></span> <span class='ocrx_word' id='word_1_329' title='bbox 964 3162 1000 3218; x_wconf 75' lang='lat' dir='ltr'><strong>Cr</strong></span> <span class='ocrx_word' id='word_1_330' title='bbox 1008 3166 1087 3225; x_wconf 70' lang='lat' dir='ltr'><strong>um,</strong></span> <span class='ocrx_word' id='word_1_331' title='bbox 1099 3180 1129 3231; x_wconf 85' lang='lat' dir='ltr'><strong>q.</strong></span> <span class='ocrx_word' id='word_1_332' title='bbox 1144 3164 1196 3226; x_wconf 92' lang='grc' dir='ltr'>ΙΙΙ,</span> 
     </span>
     <span class='ocr_line' id='line_1_39' title="bbox 118 3241 229 3293; baseline -0.018 0"><span class='ocrx_word' id='word_1_333' title='bbox 118 3256 145 3293; x_wconf 79' lang='lat' dir='ltr'><strong>t.</strong></span> <span class='ocrx_word' id='word_1_334' title='bbox 166 3241 182 3293; x_wconf 84' lang='lat'><strong>3</strong></span> <span class='ocrx_word' id='word_1_335' title='bbox 202 3256 229 3291; x_wconf 89' lang='lat' dir='ltr'><strong>o.</strong></span> 
     </span>
    </p>

    <p class='ocr_par' dir='ltr' id='par_1_11' title="bbox 119 3307 1198 3449">
     <span class='ocr_line' id='line_1_40' title="bbox 155 3307 1198 3374; baseline -0.005 -10"><span class='ocrx_word' id='word_1_336' title='bbox 155 3314 165 3350; x_wconf 93' lang='lat'><strong>¹</strong></span> <span class='ocrx_word' id='word_1_337' title='bbox 185 3312 253 3365; x_wconf 85' lang='lat' dir='ltr'><strong>lliuc</strong></span> <span class='ocrx_word' id='word_1_338' title='bbox 271 3324 352 3363; x_wconf 84' lang='lat' dir='ltr'><strong>omno</strong></span> <span class='ocrx_word' id='word_1_339' title='bbox 370 3323 452 3374; x_wconf 73' lang='lat' dir='ltr'><strong>agens</strong></span> <span class='ocrx_word' id='word_1_340' title='bbox 471 3312 578 3373; x_wconf 81' lang='lat' dir='ltr'><strong>propter</strong></span> <span class='ocrx_word' id='word_1_341' title='bbox 596 3308 678 3358; x_wconf 85' lang='lat' dir='ltr'><strong>finem</strong></span> <span class='ocrx_word' id='word_1_342' title='bbox 696 3320 775 3373; x_wconf 71' lang='lat' dir='ltr'><strong>agere</strong></span> <span class='ocrx_word' id='word_1_343' title='bbox 788 3309 897 3360; x_wconf 83' lang='lat' dir='ltr'><strong>dieitur.</strong></span> <span class='ocrx_word' id='word_1_344' title='bbox 911 3307 961 3361; x_wconf 84' lang='lat' dir='ltr'><strong>llio</strong></span> <span class='ocrx_word' id='word_1_345' title='bbox 973 3313 1064 3361; x_wconf 74' lang='lat' dir='ltr'><strong>sutem</strong></span> <span class='ocrx_word' id='word_1_346' title='bbox 1077 3310 1141 3362; x_wconf 80' lang='lat' dir='ltr'><strong>finis</strong></span> <span class='ocrx_word' id='word_1_347' title='bbox 1152 3311 1198 3362; x_wconf 81' lang='lat' dir='ltr'><strong>rel</strong></span> 
     </span>
     <span class='ocr_line' id='line_1_41' title="bbox 119 3380 1159 3449; baseline -0.005 -12"><span class='ocrx_word' id='word_1_348' title='bbox 119 3398 136 3437; x_wconf 76' lang='lat' dir='ltr'><strong>a</strong></span> <span class='ocrx_word' id='word_1_349' title='bbox 154 3382 209 3437; x_wconf 78' lang='lat' dir='ltr'><strong>lieo</strong></span> <span class='ocrx_word' id='word_1_350' title='bbox 227 3384 409 3444; x_wconf 80' lang='lat' dir='ltr'><strong>constituitur,</strong></span> <span class='ocrx_word' id='word_1_351' title='bbox 428 3382 472 3434; x_wconf 83' lang='lat' dir='ltr'><strong>rel</strong></span> <span class='ocrx_word' id='word_1_352' title='bbox 490 3380 524 3430; x_wconf 74' lang='lat' dir='ltr'><strong>ab</strong></span> <span class='ocrx_word' id='word_1_353' title='bbox 543 3382 600 3445; x_wconf 78' lang='lat' dir='ltr'><strong>ipro</strong></span> <span class='ocrx_word' id='word_1_354' title='bbox 618 3384 725 3444; x_wconf 70' lang='lat' dir='ltr'><strong>agente,</strong></span> <span class='ocrx_word' id='word_1_355' title='bbox 745 3383 768 3431; x_wconf 81' lang='lat' dir='ltr'><strong>sl</strong></span> <span class='ocrx_word' id='word_1_356' title='bbox 786 3383 889 3433; x_wconf 78' lang='lat' dir='ltr'><strong>ratione</strong></span> <span class='ocrx_word' id='word_1_357' title='bbox 907 3383 1018 3446; x_wconf 74' lang='lat' dir='ltr'><strong>putten,</strong></span> <span class='ocrx_word' id='word_1_358' title='bbox 1036 3384 1159 3449; x_wconf 68' lang='lat' dir='ltr'><strong>sugitur.</strong></span> 
     </span>
    </p>

    <p class='ocr_par' dir='ltr' id='par_1_12' title="bbox 156 3448 915 3516">
     <span class='ocr_line' id='line_1_42' title="bbox 156 3448 915 3516; baseline -0.003 -9"><span class='ocrx_word' id='word_1_359' title='bbox 156 3454 219 3507; x_wconf 83' lang='lat' dir='ltr'><strong>²ln</strong></span> <span class='ocrx_word' id='word_1_360' title='bbox 238 3458 284 3507; x_wconf 77' lang='grc' dir='ltr'>ΙΙΙ.</span> <span class='ocrx_word' id='word_1_361' title='bbox 304 3458 343 3507; x_wconf 75' lang='lat' dir='ltr'><strong>tr</strong></span> <span class='ocrx_word' id='word_1_362' title='bbox 360 3456 445 3513; x_wconf 72' lang='lat' dir='ltr'><strong>Sene..</strong></span> <span class='ocrx_word' id='word_1_363' title='bbox 465 3450 532 3503; x_wconf 82' lang='lat' dir='ltr'><strong>llist.</strong></span> <span class='ocrx_word' id='word_1_364' title='bbox 555 3448 574 3511; x_wconf 88' lang='grc' dir='ltr'><strong>Ι,</strong></span> <span class='ocrx_word' id='word_1_365' title='bbox 596 3466 625 3516; x_wconf 90' lang='lat' dir='ltr'><strong>q.</strong></span> <span class='ocrx_word' id='word_1_366' title='bbox 646 3451 666 3511; x_wconf 85' lang='lat' dir='ltr'><strong>l,</strong></span> <span class='ocrx_word' id='word_1_367' title='bbox 688 3467 714 3503; x_wconf 83' lang='lat' dir='ltr'><strong>e.</strong></span> <span class='ocrx_word' id='word_1_368' title='bbox 734 3454 762 3515; x_wconf 83' lang='grc' dir='ltr'><strong>Ι,</strong></span> <span class='ocrx_word' id='word_1_369' title='bbox 782 3455 832 3505; x_wconf 79' lang='lat' dir='ltr'><strong>rol.</strong></span> <span class='ocrx_word' id='word_1_370' title='bbox 853 3456 870 3505; x_wconf 85' lang='grc' dir='ltr'><strong>-Ι</strong></span> <span class='ocrx_word' id='word_1_371' title='bbox 889 3467 915 3504; x_wconf 80' lang='lat' dir='ltr'><strong>e.</strong></span> 
     </span>
    </p>

    <p class='ocr_par' dir='ltr' id='par_1_13' title="bbox 157 3520 971 3591">
     <span class='ocr_line' id='line_1_43' title="bbox 157 3520 971 3591; baseline 0.002 -16"><span class='ocrx_word' id='word_1_372' title='bbox 157 3526 168 3563; x_wconf 82' lang='lat'><strong>³</strong></span> <span class='ocrx_word' id='word_1_373' title='bbox 190 3524 211 3585; x_wconf 92' lang='lat' dir='ltr'><strong>l,</strong></span> <span class='ocrx_word' id='word_1_374' title='bbox 232 3543 259 3591; x_wconf 93' lang='lat' dir='ltr'><strong>q.</strong></span> <span class='ocrx_word' id='word_1_375' title='bbox 279 3524 339 3586; x_wconf 81' lang='lat' dir='ltr'><strong>XV,</strong></span> <span class='ocrx_word' id='word_1_376' title='bbox 361 3540 387 3577; x_wconf 78' lang='lat' dir='ltr'><strong>t.</strong></span> <span class='ocrx_word' id='word_1_377' title='bbox 412 3528 421 3576; x_wconf 95' lang='grc' dir='ltr'>Ι</span> <span class='ocrx_word' id='word_1_378' title='bbox 445 3520 523 3576; x_wconf 83' lang='lat' dir='ltr'><strong>c.-⁴</strong></span> <span class='ocrx_word' id='word_1_379' title='bbox 543 3526 633 3575; x_wconf 72' lang='lat' dir='ltr'><strong>Contu.</strong></span> <span class='ocrx_word' id='word_1_380' title='bbox 654 3527 742 3587; x_wconf 72' lang='lat' dir='ltr'><strong>Gerre,</strong></span> <span class='ocrx_word' id='word_1_381' title='bbox 763 3526 809 3576; x_wconf 78' lang='grc' dir='ltr'>ΙΙΙ).</span> <span class='ocrx_word' id='word_1_382' title='bbox 831 3523 878 3588; x_wconf 87' lang='grc' dir='ltr'>ΙΙΙ,</span> <span class='ocrx_word' id='word_1_383' title='bbox 897 3540 923 3580; x_wconf 84' lang='lat' dir='ltr'><strong>c.</strong></span> <span class='ocrx_word' id='word_1_384' title='bbox 942 3524 971 3577; x_wconf 74' lang='lat'><strong>2.</strong></span> 
     </span>
    </p>

    <p class='ocr_par' dir='ltr' id='par_1_14' title="bbox 158 3595 509 3667">
     <span class='ocr_line' id='line_1_44' title="bbox 158 3595 509 3667; baseline -0.006 -20"><span class='ocrx_word' id='word_1_385' title='bbox 158 3595 509 3667; x_wconf 58' lang='lat' dir='ltr'><strong>§1²2·⁰,q.1,r.ec.</strong></span> 
     </span>
    </p>
   </div>
   <div class='ocr_carea' id='block_1_8' title="bbox 0 0 1259 3909">
    <p class='ocr_par' dir='ltr' id='par_1_15' title="bbox 0 0 1259 3909">
     <span class='ocr_line' id='line_1_45' title="bbox 0 0 1259 3909; baseline 0 0"><span class='ocrx_word' id='word_1_386' title='bbox 0 0 1259 3909; x_wconf 95' lang='lat' dir='ltr'><strong> </strong></span> 
     </span>
    </p>
   </div>
  </div>
 </body>
</html>
