<?xml version="1.0" encoding="UTF-8"?>
<!DOCTYPE html PUBLIC "-//W3C//DTD XHTML 1.0 Transitional//EN"
    "http://www.w3.org/TR/xhtml1/DTD/xhtml1-transitional.dtd">
<html xmlns="http://www.w3.org/1999/xhtml" xml:lang="en" lang="en">
 <head>
  <title>
</title>
<meta http-equiv="Content-Type" content="text/html;charset=utf-8" />
  <meta name='ocr-system' content='tesseract 3.04.00' />
  <meta name='ocr-capabilities' content='ocr_page ocr_carea ocr_par ocr_line ocrx_word'/>
</head>
<body>
  <div class='ocr_page' id='page_1' title='image "./philosophiachri00sansgoog_0022.png"; bbox 0 0 2475 3909; ppageno 0'>
   <div class='ocr_carea' id='block_1_1' title="bbox 163 192 860 255">
    <p class='ocr_par' dir='ltr' id='par_1_1' title="bbox 163 192 860 255">
     <span class='ocr_line' id='line_1_1' title="bbox 163 192 860 255; baseline -0.001 0"><span class='ocrx_word' id='word_1_1' title='bbox 163 192 186 255; x_wconf 84' lang='lat' dir='ltr'>e</span> <span class='ocrx_word' id='word_1_2' title='bbox 456 206 596 253; x_wconf 78' lang='lat' dir='ltr'>acerras</span> <span class='ocrx_word' id='word_1_3' title='bbox 618 204 860 254; x_wconf 80' lang='lat' dir='ltr'>rnoancosssua</span> 
     </span>
    </p>
   </div>
   <div class='ocr_carea' id='block_1_2' title="bbox 98 290 1210 3051">
    <p class='ocr_par' dir='ltr' id='par_1_2' title="bbox 122 290 1191 518">
     <span class='ocr_line' id='line_1_2' title="bbox 122 290 1189 378; baseline 0.002 -22"><span class='ocrx_word' id='word_1_4' title='bbox 122 290 301 378; x_wconf 88' lang='lat' dir='ltr'>perlectam</span> <span class='ocrx_word' id='word_1_5' title='bbox 326 290 474 355; x_wconf 75' lang='lat' dir='ltr'><strong>notitiam</strong></span> <span class='ocrx_word' id='word_1_6' title='bbox 503 290 761 357; x_wconf 75' lang='lat' dir='ltr'>ratiocinationis</span> <span class='ocrx_word' id='word_1_7' title='bbox 790 292 959 376; x_wconf 83' lang='lat' dir='ltr'>acquirere</span> <span class='ocrx_word' id='word_1_8' title='bbox 987 314 1050 357; x_wconf 92' lang='lat' dir='ltr'>nou</span> <span class='ocrx_word' id='word_1_9' title='bbox 1078 301 1189 378; x_wconf 83' lang='lat' dir='ltr'>potest.</span> 
     </span>
     <span class='ocr_line' id='line_1_3' title="bbox 123 372 1191 515; baseline 0.002 -80"><span class='ocrx_word' id='word_1_10' title='bbox 123 374 188 515; x_wconf 75' lang='lat' dir='ltr'>¹qisi</span> <span class='ocrx_word' id='word_1_11' title='bbox 212 390 357 437; x_wconf 89' lang='lat' dir='ltr'>seorsum</span> <span class='ocrx_word' id='word_1_12' title='bbox 378 372 538 457; x_wconf 88' lang='lat' dir='ltr'>intelligat</span> <span class='ocrx_word' id='word_1_13' title='bbox 558 372 638 437; x_wconf 88' lang='lat' dir='ltr'>haec</span> <span class='ocrx_word' id='word_1_14' title='bbox 660 373 832 450; x_wconf 88' lang='lat' dir='ltr'>elementa,</span> <span class='ocrx_word' id='word_1_15' title='bbox 847 374 1021 459; x_wconf 80' lang='lat' dir='ltr'>exquibus</span> <span class='ocrx_word' id='word_1_16' title='bbox 1036 374 1191 460; x_wconf 89' lang='lat' dir='ltr'>ipsacon-</span> 
     </span>
     <span class='ocr_line' id='line_1_4' title="bbox 148 465 231 518; baseline 0 -1"><span class='ocrx_word' id='word_1_17' title='bbox 148 465 231 518; x_wconf 91' lang='lat' dir='ltr'>atur.</span> 
     </span>
    </p>

    <p class='ocr_par' dir='ltr' id='par_1_3' title="bbox 98 533 1196 1248">
     <span class='ocr_line' id='line_1_5' title="bbox 167 533 1193 617; baseline 0.001 -18"><span class='ocrx_word' id='word_1_18' title='bbox 167 536 197 599; x_wconf 77' lang='lat' dir='ltr'>lt.</span> <span class='ocrx_word' id='word_1_19' title='bbox 223 534 377 598; x_wconf 81' lang='lat' dir='ltr'>Diximus</span> <span class='ocrx_word' id='word_1_20' title='bbox 406 543 513 598; x_wconf 91' lang='lat' dir='ltr'>autem</span> <span class='ocrx_word' id='word_1_21' title='bbox 543 533 684 617; x_wconf 85' lang='lat' dir='ltr'>logicam</span> <span class='ocrx_word' id='word_1_22' title='bbox 710 556 780 599; x_wconf 88' lang='lat' dir='ltr'>esse</span> <span class='ocrx_word' id='word_1_23' title='bbox 809 536 1000 613; x_wconf 88' lang='lat' dir='ltr'>scientiam,</span> <span class='ocrx_word' id='word_1_24' title='bbox 1030 558 1093 599; x_wconf 89' lang='lat' dir='ltr'>non</span> <span class='ocrx_word' id='word_1_25' title='bbox 1122 558 1193 601; x_wconf 80' lang='lat' dir='ltr'>sero</span> 
     </span>
     <span class='ocr_line' id='line_1_6' title="bbox 125 614 1192 700; baseline 0.003 -21"><span class='ocrx_word' id='word_1_26' title='bbox 125 628 234 693; x_wconf 85' lang='lat' dir='ltr'>ortem,</span> <span class='ocrx_word' id='word_1_27' title='bbox 257 614 529 700; x_wconf 91' lang='lat' dir='ltr'>quemadmodum</span> <span class='ocrx_word' id='word_1_28' title='bbox 545 618 652 679; x_wconf 87' lang='lat' dir='ltr'>visum</span> <span class='ocrx_word' id='word_1_29' title='bbox 675 627 723 682; x_wconf 90' lang='lat' dir='ltr'>est</span> <span class='ocrx_word' id='word_1_30' title='bbox 743 619 877 682; x_wconf 75' lang='lat' dir='ltr'>ductori</span> <span class='ocrx_word' id='word_1_31' title='bbox 895 619 984 681; x_wconf 81' lang='lat' dir='ltr'>Artis</span> <span class='ocrx_word' id='word_1_32' title='bbox 1000 618 1192 700; x_wconf 75' lang='lat' dir='ltr'>cogitandi·¹,</span> 
     </span>
     <span class='ocr_line' id='line_1_7' title="bbox 126 696 1192 793; baseline 0 -34"><span class='ocrx_word' id='word_1_33' title='bbox 126 696 277 782; x_wconf 90' lang='lat' dir='ltr'>aliisque.</span> <span class='ocrx_word' id='word_1_34' title='bbox 294 698 335 761; x_wconf 84' lang='lat' dir='ltr'>Et</span> <span class='ocrx_word' id='word_1_35' title='bbox 349 718 436 773; x_wconf 91' lang='lat' dir='ltr'>sane,</span> <span class='ocrx_word' id='word_1_36' title='bbox 452 698 618 773; x_wconf 88' lang='lat' dir='ltr'>scientiae,</span> <span class='ocrx_word' id='word_1_37' title='bbox 633 707 670 763; x_wconf 95' lang='lat' dir='ltr'>ut</span> <span class='ocrx_word' id='word_1_38' title='bbox 690 718 749 763; x_wconf 87' lang='lat' dir='ltr'>suo</span> <span class='ocrx_word' id='word_1_39' title='bbox 764 698 836 762; x_wconf 89' lang='lat' dir='ltr'>loco</span> <span class='ocrx_word' id='word_1_40' title='bbox 850 697 1010 773; x_wconf 85' lang='lat' dir='ltr'>dicemus,</span> <span class='ocrx_word' id='word_1_41' title='bbox 1026 701 1192 793; x_wconf 88' lang='lat' dir='ltr'>proprium</span> 
     </span>
     <span class='ocr_line' id='line_1_8' title="bbox 126 778 1195 865; baseline 0.001 -25"><span class='ocrx_word' id='word_1_42' title='bbox 126 790 174 843; x_wconf 90' lang='lat' dir='ltr'>cst</span> <span class='ocrx_word' id='word_1_43' title='bbox 196 778 348 863; x_wconf 82' lang='lat' dir='ltr'>colligere</span> <span class='ocrx_word' id='word_1_44' title='bbox 370 786 531 851; x_wconf 90' lang='lat' dir='ltr'>naturam,</span> <span class='ocrx_word' id='word_1_45' title='bbox 555 787 586 841; x_wconf 86' lang='lat' dir='ltr'>et</span> <span class='ocrx_word' id='word_1_46' title='bbox 609 779 792 844; x_wconf 90' lang='lat' dir='ltr'>allectiones</span> <span class='ocrx_word' id='word_1_47' title='bbox 820 780 868 843; x_wconf 92' lang='lat' dir='ltr'>rei</span> <span class='ocrx_word' id='word_1_48' title='bbox 892 801 933 843; x_wconf 80' lang='lat' dir='ltr'>ex</span> <span class='ocrx_word' id='word_1_49' title='bbox 956 781 1128 865; x_wconf 80' lang='lat' dir='ltr'>principiis</span> <span class='ocrx_word' id='word_1_50' title='bbox 1151 781 1195 844; x_wconf 80' lang='lat' dir='ltr'>in</span> 
     </span>
     <span class='ocr_line' id='line_1_9' title="bbox 126 859 1196 945; baseline 0 -23"><span class='ocrx_word' id='word_1_51' title='bbox 126 862 226 923; x_wconf 89' lang='lat' dir='ltr'>ternis</span> <span class='ocrx_word' id='word_1_52' title='bbox 248 859 404 924; x_wconf 89' lang='lat' dir='ltr'>eiusdem.</span> <span class='ocrx_word' id='word_1_53' title='bbox 429 860 530 943; x_wconf 78' lang='lat' dir='ltr'>Atqui</span> <span class='ocrx_word' id='word_1_54' title='bbox 552 860 658 943; x_wconf 90' lang='lat' dir='ltr'>logica</span> <span class='ocrx_word' id='word_1_55' title='bbox 682 882 723 924; x_wconf 83' lang='lat' dir='ltr'>ex</span> <span class='ocrx_word' id='word_1_56' title='bbox 746 861 941 944; x_wconf 89' lang='lat' dir='ltr'>principiis,</span> <span class='ocrx_word' id='word_1_57' title='bbox 964 882 1046 945; x_wconf 90' lang='lat' dir='ltr'>quae</span> <span class='ocrx_word' id='word_1_58' title='bbox 1069 861 1196 925; x_wconf 90' lang='lat' dir='ltr'>ratioci-</span> 
     </span>
     <span class='ocr_line' id='line_1_10' title="bbox 125 941 1195 1027; baseline -0.001 -24"><span class='ocrx_word' id='word_1_59' title='bbox 125 942 292 1005; x_wconf 76' lang='lat' dir='ltr'>nationem</span> <span class='ocrx_word' id='word_1_60' title='bbox 315 942 537 1019; x_wconf 89' lang='lat' dir='ltr'>constituunt,</span> <span class='ocrx_word' id='word_1_61' title='bbox 566 942 713 1027; x_wconf 83' lang='lat' dir='ltr'>colligit,</span> <span class='ocrx_word' id='word_1_62' title='bbox 740 941 903 1027; x_wconf 91' lang='lat' dir='ltr'>quomodo</span> <span class='ocrx_word' id='word_1_63' title='bbox 931 944 1195 1008; x_wconf 79' lang='lat' dir='ltr'>ratiocinationes</span> 
     </span>
     <span class='ocr_line' id='line_1_11' title="bbox 98 1022 1192 1111; baseline -0.003 -26"><span class='ocrx_word' id='word_1_64' title='bbox 98 1097 101 1111; x_wconf 44' lang='grc' dir='ltr'>Ι</span> <span class='ocrx_word' id='word_1_65' title='bbox 127 1022 368 1107; x_wconf 81' lang='lat' dir='ltr'>componendae</span> <span class='ocrx_word' id='word_1_66' title='bbox 392 1022 467 1101; x_wconf 91' lang='lat' dir='ltr'>sint,</span> <span class='ocrx_word' id='word_1_67' title='bbox 489 1033 527 1088; x_wconf 92' lang='lat' dir='ltr'>ut</span> <span class='ocrx_word' id='word_1_68' title='bbox 547 1024 644 1087; x_wconf 86' lang='lat' dir='ltr'>liceat</span> <span class='ocrx_word' id='word_1_69' title='bbox 666 1022 820 1109; x_wconf 86' lang='lat' dir='ltr'>progredi</span> <span class='ocrx_word' id='word_1_70' title='bbox 834 1044 875 1087; x_wconf 83' lang='lat' dir='ltr'>ex</span> <span class='ocrx_word' id='word_1_71' title='bbox 890 1035 966 1089; x_wconf 89' lang='lat' dir='ltr'>noto</span> <span class='ocrx_word' id='word_1_72' title='bbox 980 1023 1019 1088; x_wconf 89' lang='lat' dir='ltr'>ad</span> <span class='ocrx_word' id='word_1_73' title='bbox 1035 1024 1192 1107; x_wconf 85' lang='lat' dir='ltr'>ignotum.</span> 
     </span>
     <span class='ocr_line' id='line_1_12' title="bbox 128 1105 624 1248; baseline 0.002 -82"><span class='ocrx_word' id='word_1_74' title='bbox 128 1105 217 1248; x_wconf 52' lang='lat' dir='ltr'>Ergo</span> <span class='ocrx_word' id='word_1_75' title='bbox 239 1105 358 1188; x_wconf 85' lang='lat' dir='ltr'>Logica</span> <span class='ocrx_word' id='word_1_76' title='bbox 380 1115 429 1171; x_wconf 91' lang='lat' dir='ltr'>est</span> <span class='ocrx_word' id='word_1_77' title='bbox 450 1106 584 1170; x_wconf 91' lang='lat' dir='ltr'>scientia</span> <span class='ocrx_word' id='word_1_78' title='bbox 599 1105 624 1167; x_wconf 83' lang='lat'>².</span> 
     </span>
    </p>

    <p class='ocr_par' dir='ltr' id='par_1_4' title="bbox 128 1182 1207 2550">
     <span class='ocr_line' id='line_1_13' title="bbox 167 1182 1194 1332; baseline -0.005 -82"><span class='ocrx_word' id='word_1_79' title='bbox 167 1231 197 1279; x_wconf 37' lang='grc' dir='ltr'>Ι.</span> <span class='ocrx_word' id='word_1_80' title='bbox 222 1186 302 1250; x_wconf 87' lang='lat' dir='ltr'>Sunt</span> <span class='ocrx_word' id='word_1_81' title='bbox 324 1186 381 1251; x_wconf 91' lang='lat' dir='ltr'>alii</span> <span class='ocrx_word' id='word_1_82' title='bbox 404 1186 599 1332; x_wconf 83' lang='lat' dir='ltr'>philosophi,</span> <span class='ocrx_word' id='word_1_83' title='bbox 616 1186 672 1269; x_wconf 92' lang='lat' dir='ltr'>qui</span> <span class='ocrx_word' id='word_1_84' title='bbox 689 1186 829 1269; x_wconf 83' lang='lat' dir='ltr'>logicam</span> <span class='ocrx_word' id='word_1_85' title='bbox 850 1206 914 1250; x_wconf 92' lang='lat' dir='ltr'>non</span> <span class='ocrx_word' id='word_1_86' title='bbox 934 1208 1003 1250; x_wconf 91' lang='lat' dir='ltr'>esse</span> <span class='ocrx_word' id='word_1_87' title='bbox 1025 1182 1194 1269; x_wconf 88' lang='lat' dir='ltr'>specialem</span> 
     </span>
     <span class='ocr_line' id='line_1_14' title="bbox 129 1264 1198 1347; baseline -0.003 -17"><span class='ocrx_word' id='word_1_88' title='bbox 129 1267 310 1343; x_wconf 80' lang='lat' dir='ltr'>scientiam,</span> <span class='ocrx_word' id='word_1_89' title='bbox 336 1265 391 1332; x_wconf 91' lang='lat' dir='ltr'>sed</span> <span class='ocrx_word' id='word_1_90' title='bbox 414 1288 488 1347; x_wconf 89' lang='lat' dir='ltr'>cum</span> <span class='ocrx_word' id='word_1_91' title='bbox 511 1268 584 1332; x_wconf 90' lang='lat' dir='ltr'>aiis</span> <span class='ocrx_word' id='word_1_92' title='bbox 607 1267 751 1333; x_wconf 85' lang='lat' dir='ltr'>scientiis</span> <span class='ocrx_word' id='word_1_93' title='bbox 769 1266 1029 1331; x_wconf 75' lang='lat' dir='ltr'>confundendam</span> <span class='ocrx_word' id='word_1_94' title='bbox 1052 1286 1122 1330; x_wconf 89' lang='lat' dir='ltr'>esse</span> <span class='ocrx_word' id='word_1_95' title='bbox 1143 1264 1198 1328; x_wconf 93' lang='lat' dir='ltr'>do-</span> 
     </span>
     <span class='ocr_line' id='line_1_15' title="bbox 129 1347 1198 1433; baseline -0.002 -22"><span class='ocrx_word' id='word_1_96' title='bbox 129 1357 212 1411; x_wconf 90' lang='lat' dir='ltr'>cent.</span> <span class='ocrx_word' id='word_1_97' title='bbox 236 1347 402 1413; x_wconf 88' lang='lat' dir='ltr'>Nimirum</span> <span class='ocrx_word' id='word_1_98' title='bbox 425 1350 489 1433; x_wconf 89' lang='lat' dir='ltr'>ipsi</span> <span class='ocrx_word' id='word_1_99' title='bbox 512 1348 718 1416; x_wconf 89' lang='lat' dir='ltr'>considerant</span> <span class='ocrx_word' id='word_1_100' title='bbox 737 1348 875 1433; x_wconf 80' lang='lat' dir='ltr'>logicam</span> <span class='ocrx_word' id='word_1_101' title='bbox 897 1348 986 1413; x_wconf 81' lang='lat' dir='ltr'>relat</span> <span class='ocrx_word' id='word_1_102' title='bbox 1007 1349 1198 1411; x_wconf 87' lang='lat' dir='ltr'>instrumen-</span> 
     </span>
     <span class='ocr_line' id='line_1_16' title="bbox 128 1430 1199 1514; baseline -0.006 -21"><span class='ocrx_word' id='word_1_103' title='bbox 128 1440 199 1493; x_wconf 91' lang='lat' dir='ltr'>tum</span> <span class='ocrx_word' id='word_1_104' title='bbox 222 1430 444 1505; x_wconf 90' lang='lat' dir='ltr'>scientiarum,</span> <span class='ocrx_word' id='word_1_105' title='bbox 467 1432 544 1514; x_wconf 90' lang='lat' dir='ltr'>quia</span> <span class='ocrx_word' id='word_1_106' title='bbox 568 1439 682 1495; x_wconf 89' lang='lat' dir='ltr'>tractat</span> <span class='ocrx_word' id='word_1_107' title='bbox 703 1430 742 1493; x_wconf 88' lang='lat' dir='ltr'>de</span> <span class='ocrx_word' id='word_1_108' title='bbox 765 1430 1025 1504; x_wconf 84' lang='lat' dir='ltr'>ratiocinatione,</span> <span class='ocrx_word' id='word_1_109' title='bbox 1048 1449 1131 1512; x_wconf 91' lang='lat' dir='ltr'>quae</span> <span class='ocrx_word' id='word_1_110' title='bbox 1154 1436 1199 1489; x_wconf 88' lang='lat' dir='ltr'>est</span> 
     </span>
     <span class='ocr_line' id='line_1_17' title="bbox 131 1506 1199 1597; baseline -0.007 -22"><span class='ocrx_word' id='word_1_111' title='bbox 131 1514 405 1588; x_wconf 83' lang='lat' dir='ltr'>instrumentum,</span> <span class='ocrx_word' id='word_1_112' title='bbox 436 1532 495 1595; x_wconf 89' lang='lat' dir='ltr'>per</span> <span class='ocrx_word' id='word_1_113' title='bbox 521 1510 608 1597; x_wconf 93' lang='lat' dir='ltr'>quod</span> <span class='ocrx_word' id='word_1_114' title='bbox 637 1513 790 1577; x_wconf 89' lang='lat' dir='ltr'>scientiae</span> <span class='ocrx_word' id='word_1_115' title='bbox 820 1512 1045 1593; x_wconf 86' lang='lat' dir='ltr'>acquiruntur.</span> <span class='ocrx_word' id='word_1_116' title='bbox 1076 1514 1120 1575; x_wconf 78' lang='lat' dir='ltr'>At</span> <span class='ocrx_word' id='word_1_117' title='bbox 1148 1506 1199 1570; x_wconf 88' lang='lat' dir='ltr'>isti</span> 
     </span>
     <span class='ocr_line' id='line_1_18' title="bbox 132 1590 1201 1676; baseline -0.006 -21"><span class='ocrx_word' id='word_1_118' title='bbox 132 1592 259 1676; x_wconf 86' lang='lat' dir='ltr'>philoso</span> <span class='ocrx_word' id='word_1_119' title='bbox 283 1592 316 1655; x_wconf 93' lang='lat' dir='ltr'>hi</span> <span class='ocrx_word' id='word_1_120' title='bbox 333 1614 351 1655; x_wconf 96' lang='lat' dir='ltr'>a</span> <span class='ocrx_word' id='word_1_121' title='bbox 366 1612 441 1657; x_wconf 87' lang='lat' dir='ltr'>vero</span> <span class='ocrx_word' id='word_1_122' title='bbox 464 1592 625 1656; x_wconf 89' lang='lat' dir='ltr'>aberrant.</span> <span class='ocrx_word' id='word_1_123' title='bbox 642 1594 685 1656; x_wconf 88' lang='lat' dir='ltr'>Et</span> <span class='ocrx_word' id='word_1_124' title='bbox 699 1614 788 1667; x_wconf 91' lang='lat' dir='ltr'>sanc,</span> <span class='ocrx_word' id='word_1_125' title='bbox 808 1592 971 1668; x_wconf 86' lang='lat' dir='ltr'>scientiae,</span> <span class='ocrx_word' id='word_1_126' title='bbox 995 1603 1032 1657; x_wconf 92' lang='lat' dir='ltr'>ut</span> <span class='ocrx_word' id='word_1_127' title='bbox 1051 1610 1112 1655; x_wconf 89' lang='lat' dir='ltr'>suo</span> <span class='ocrx_word' id='word_1_128' title='bbox 1133 1590 1201 1653; x_wconf 90' lang='lat' dir='ltr'>loce</span> 
     </span>
     <span class='ocr_line' id='line_1_19' title="bbox 131 1614 1200 1756; baseline -0.005 -19"><span class='ocrx_word' id='word_1_129' title='bbox 131 1614 393 1756; x_wconf 76' lang='lat' dir='ltr'>explicahimus,</span> <span class='ocrx_word' id='word_1_130' title='bbox 417 1675 502 1738; x_wconf 90' lang='lat' dir='ltr'>inter</span> <span class='ocrx_word' id='word_1_131' title='bbox 525 1696 557 1739; x_wconf 88' lang='lat' dir='ltr'>se</span> <span class='ocrx_word' id='word_1_132' title='bbox 579 1672 825 1755; x_wconf 86' lang='lat' dir='ltr'>distinguuntur</span> <span class='ocrx_word' id='word_1_133' title='bbox 848 1676 974 1738; x_wconf 84' lang='lat' dir='ltr'>ratione</span> <span class='ocrx_word' id='word_1_134' title='bbox 988 1672 1200 1740; x_wconf 86' lang='lat' dir='ltr'>obiectorum,</span> 
     </span>
     <span class='ocr_line' id='line_1_20' title="bbox 133 1750 1202 1839; baseline -0.007 -21"><span class='ocrx_word' id='word_1_135' title='bbox 133 1757 220 1818; x_wconf 85' lang='lat' dir='ltr'>eirca</span> <span class='ocrx_word' id='word_1_136' title='bbox 243 1775 325 1839; x_wconf 90' lang='lat' dir='ltr'>quae</span> <span class='ocrx_word' id='word_1_137' title='bbox 347 1766 530 1820; x_wconf 81' lang='lat' dir='ltr'>versantur.</span> <span class='ocrx_word' id='word_1_138' title='bbox 547 1760 588 1821; x_wconf 84' lang='lat' dir='ltr'>At</span> <span class='ocrx_word' id='word_1_139' title='bbox 613 1759 647 1820; x_wconf 90' lang='lat' dir='ltr'>ui</span> <span class='ocrx_word' id='word_1_140' title='bbox 667 1755 830 1819; x_wconf 89' lang='lat' dir='ltr'>obiectum</span> <span class='ocrx_word' id='word_1_141' title='bbox 856 1754 982 1839; x_wconf 87' lang='lat' dir='ltr'>logicae</span> <span class='ocrx_word' id='word_1_142' title='bbox 1005 1752 1047 1818; x_wconf 88' lang='lat' dir='ltr'>ah</span> <span class='ocrx_word' id='word_1_143' title='bbox 1069 1750 1202 1817; x_wconf 89' lang='lat' dir='ltr'>obiectis</span> 
     </span>
     <span class='ocr_line' id='line_1_21' title="bbox 131 1775 1201 1921; baseline -0.009 -20"><span class='ocrx_word' id='word_1_144' title='bbox 131 1838 336 1919; x_wconf 88' lang='lat' dir='ltr'>reliquarum</span> <span class='ocrx_word' id='word_1_145' title='bbox 358 1836 566 1901; x_wconf 90' lang='lat' dir='ltr'>scientiarum</span> <span class='ocrx_word' id='word_1_146' title='bbox 589 1775 820 1921; x_wconf 81' lang='lat' dir='ltr'>distinguitur3</span> <span class='ocrx_word' id='word_1_147' title='bbox 843 1855 917 1898; x_wconf 90' lang='lat' dir='ltr'>nam</span> <span class='ocrx_word' id='word_1_148' title='bbox 938 1836 1045 1920; x_wconf 87' lang='lat' dir='ltr'>logica</span> <span class='ocrx_word' id='word_1_149' title='bbox 1067 1833 1201 1897; x_wconf 89' lang='lat' dir='ltr'>modum</span> 
     </span>
     <span class='ocr_line' id='line_1_22' title="bbox 131 1915 1202 2002; baseline -0.008 -20"><span class='ocrx_word' id='word_1_150' title='bbox 131 1917 324 1983; x_wconf 85' lang='lat' dir='ltr'>conficiendi</span> <span class='ocrx_word' id='word_1_151' title='bbox 347 1918 611 1983; x_wconf 88' lang='lat' dir='ltr'>ratiocinationes</span> <span class='ocrx_word' id='word_1_152' title='bbox 627 1922 806 2002; x_wconf 86' lang='lat' dir='ltr'>generatim</span> <span class='ocrx_word' id='word_1_153' title='bbox 824 1915 937 1989; x_wconf 87' lang='lat' dir='ltr'>tradit,</span> <span class='ocrx_word' id='word_1_154' title='bbox 950 1937 1013 1979; x_wconf 92' lang='lat' dir='ltr'>uon</span> <span class='ocrx_word' id='word_1_155' title='bbox 1028 1936 1108 1979; x_wconf 82' lang='lat' dir='ltr'>rere</span> <span class='ocrx_word' id='word_1_156' title='bbox 1131 1932 1202 1977; x_wconf 89' lang='lat' dir='ltr'>cou-</span> 
     </span>
     <span class='ocr_line' id='line_1_23' title="bbox 132 1993 1202 2085; baseline -0.01 -21"><span class='ocrx_word' id='word_1_157' title='bbox 132 2000 201 2064; x_wconf 88' lang='lat' dir='ltr'>licit</span> <span class='ocrx_word' id='word_1_158' title='bbox 217 2001 430 2085; x_wconf 79' lang='lat' dir='ltr'>syllogismos,</span> <span class='ocrx_word' id='word_1_159' title='bbox 445 2020 502 2063; x_wconf 91' lang='lat' dir='ltr'>seu</span> <span class='ocrx_word' id='word_1_160' title='bbox 517 1999 796 2072; x_wconf 89' lang='lat' dir='ltr'>ratiocinationes,</span> <span class='ocrx_word' id='word_1_161' title='bbox 809 2017 948 2082; x_wconf 90' lang='lat' dir='ltr'>quarum</span> <span class='ocrx_word' id='word_1_162' title='bbox 963 2018 1024 2081; x_wconf 90' lang='lat' dir='ltr'>ope</span> <span class='ocrx_word' id='word_1_163' title='bbox 1039 1993 1202 2081; x_wconf 89' lang='lat' dir='ltr'>quaelibet</span> 
     </span>
     <span class='ocr_line' id='line_1_24' title="bbox 134 2077 1203 2177; baseline -0.007 -34"><span class='ocrx_word' id='word_1_164' title='bbox 134 2082 270 2148; x_wconf 89' lang='lat' dir='ltr'>scientia</span> <span class='ocrx_word' id='word_1_165' title='bbox 292 2082 379 2143; x_wconf 89' lang='lat' dir='ltr'>circa</span> <span class='ocrx_word' id='word_1_166' title='bbox 401 2082 568 2177; x_wconf 91' lang='lat' dir='ltr'>propriam</span> <span class='ocrx_word' id='word_1_167' title='bbox 584 2081 753 2145; x_wconf 89' lang='lat' dir='ltr'>materiam</span> <span class='ocrx_word' id='word_1_168' title='bbox 769 2079 953 2162; x_wconf 86' lang='lat' dir='ltr'>assequitur</span> <span class='ocrx_word' id='word_1_169' title='bbox 966 2098 1092 2141; x_wconf 81' lang='lat' dir='ltr'>rerum.</span> <span class='ocrx_word' id='word_1_170' title='bbox 1118 2077 1203 2156; x_wconf 85' lang='lat' dir='ltr'>Ergo</span> 
     </span>
     <span class='ocr_line' id='line_1_25' title="bbox 132 2156 1203 2245; baseline -0.01 -19"><span class='ocrx_word' id='word_1_171' title='bbox 132 2164 240 2245; x_wconf 87' lang='lat' dir='ltr'>logica</span> <span class='ocrx_word' id='word_1_172' title='bbox 256 2184 274 2225; x_wconf 89' lang='lat' dir='ltr'>a</span> <span class='ocrx_word' id='word_1_173' title='bbox 290 2160 426 2245; x_wconf 81' lang='lat' dir='ltr'>reliquas</span> <span class='ocrx_word' id='word_1_174' title='bbox 449 2163 593 2225; x_wconf 86' lang='lat' dir='ltr'>scientiis</span> <span class='ocrx_word' id='word_1_175' title='bbox 616 2158 845 2244; x_wconf 88' lang='lat' dir='ltr'>distinguenda</span> <span class='ocrx_word' id='word_1_176' title='bbox 868 2168 926 2222; x_wconf 88' lang='lat' dir='ltr'>est.</span> <span class='ocrx_word' id='word_1_177' title='bbox 950 2160 1001 2222; x_wconf 81' lang='lat' dir='ltr'>Ex</span> <span class='ocrx_word' id='word_1_178' title='bbox 1021 2158 1070 2222; x_wconf 91' lang='lat' dir='ltr'>his</span> <span class='ocrx_word' id='word_1_179' title='bbox 1085 2156 1203 2242; x_wconf 89' lang='lat' dir='ltr'>perspi-</span> 
     </span>
     <span class='ocr_line' id='line_1_26' title="bbox 134 2240 1203 2335; baseline -0.01 -29"><span class='ocrx_word' id='word_1_180' title='bbox 134 2243 221 2308; x_wconf 87' lang='lat' dir='ltr'>citur</span> <span class='ocrx_word' id='word_1_181' title='bbox 249 2242 410 2327; x_wconf 91' lang='lat' dir='ltr'>logicam‚</span> <span class='ocrx_word' id='word_1_182' title='bbox 434 2243 492 2306; x_wconf 90' lang='lat' dir='ltr'>etsi</span> <span class='ocrx_word' id='word_1_183' title='bbox 522 2253 596 2325; x_wconf 87' lang='lat' dir='ltr'>agat</span> <span class='ocrx_word' id='word_1_184' title='bbox 623 2241 662 2305; x_wconf 91' lang='lat' dir='ltr'>de</span> <span class='ocrx_word' id='word_1_185' title='bbox 690 2240 959 2314; x_wconf 89' lang='lat' dir='ltr'>ratiocinatione,</span> <span class='ocrx_word' id='word_1_186' title='bbox 989 2259 1052 2335; x_wconf 92' lang='lat' dir='ltr'>qua</span> <span class='ocrx_word' id='word_1_187' title='bbox 1080 2250 1203 2302; x_wconf 89' lang='lat' dir='ltr'>ceterae</span> 
     </span>
     <span class='ocr_line' id='line_1_27' title="bbox 134 2319 1204 2419; baseline -0.007 -31"><span class='ocrx_word' id='word_1_188' title='bbox 134 2326 289 2389; x_wconf 89' lang='lat' dir='ltr'>scientiae</span> <span class='ocrx_word' id='word_1_189' title='bbox 313 2331 470 2399; x_wconf 91' lang='lat' dir='ltr'>utuntur,</span> <span class='ocrx_word' id='word_1_190' title='bbox 496 2333 603 2387; x_wconf 89' lang='lat' dir='ltr'>tamen</span> <span class='ocrx_word' id='word_1_191' title='bbox 633 2324 737 2419; x_wconf 86' lang='lat' dir='ltr'>ipsam</span> <span class='ocrx_word' id='word_1_192' title='bbox 762 2321 870 2405; x_wconf 90' lang='lat' dir='ltr'>potius</span> <span class='ocrx_word' id='word_1_193' title='bbox 897 2321 1065 2384; x_wconf 76' lang='lat' dir='ltr'>scientiam</span> <span class='ocrx_word' id='word_1_194' title='bbox 1090 2319 1204 2381; x_wconf 89' lang='lat' dir='ltr'>instru-</span> 
     </span>
     <span class='ocr_line' id='line_1_28' title="bbox 135 2396 1207 2487; baseline -0.011 -17"><span class='ocrx_word' id='word_1_195' title='bbox 135 2408 237 2470; x_wconf 90' lang='lat' dir='ltr'>menti</span> <span class='ocrx_word' id='word_1_196' title='bbox 270 2405 504 2479; x_wconf 90' lang='lat' dir='ltr'>scientiarum,</span> <span class='ocrx_word' id='word_1_197' title='bbox 533 2424 632 2487; x_wconf 93' lang='lat' dir='ltr'>quam</span> <span class='ocrx_word' id='word_1_198' title='bbox 654 2410 906 2468; x_wconf 80' lang='lat' dir='ltr'>instrumentum</span> <span class='ocrx_word' id='word_1_199' title='bbox 927 2401 1139 2465; x_wconf 88' lang='lat' dir='ltr'>scientiarum</span> <span class='ocrx_word' id='word_1_200' title='bbox 1160 2396 1207 2459; x_wconf 93' lang='lat' dir='ltr'>di·</span> 
     </span>
     <span class='ocr_line' id='line_1_29' title="bbox 136 2486 674 2550; baseline -0.007 -1"><span class='ocrx_word' id='word_1_201' title='bbox 136 2486 271 2550; x_wconf 88' lang='lat' dir='ltr'>cendam</span> <span class='ocrx_word' id='word_1_202' title='bbox 296 2506 376 2549; x_wconf 87' lang='lat' dir='ltr'>esse.</span> <span class='ocrx_word' id='word_1_203' title='bbox 672 2529 674 2534; x_wconf 80' lang='lat'><em>·</em></span> 
     </span>
    </p>

    <p class='ocr_par' dir='ltr' id='par_1_5' title="bbox 135 2562 1210 3051">
     <span class='ocr_line' id='line_1_30' title="bbox 177 2562 1205 2648; baseline -0.013 -16"><span class='ocrx_word' id='word_1_204' title='bbox 177 2568 209 2632; x_wconf 88' lang='grc'>6.</span> <span class='ocrx_word' id='word_1_205' title='bbox 233 2567 315 2631; x_wconf 89' lang='lat' dir='ltr'>Cum</span> <span class='ocrx_word' id='word_1_206' title='bbox 337 2567 416 2629; x_wconf 91' lang='lat' dir='ltr'>haec</span> <span class='ocrx_word' id='word_1_207' title='bbox 438 2567 479 2628; x_wconf 92' lang='lat' dir='ltr'>sit</span> <span class='ocrx_word' id='word_1_208' title='bbox 504 2563 629 2648; x_wconf 88' lang='lat' dir='ltr'>logicae</span> <span class='ocrx_word' id='word_1_209' title='bbox 652 2574 778 2638; x_wconf 89' lang='lat' dir='ltr'>natura,</span> <span class='ocrx_word' id='word_1_210' title='bbox 802 2564 871 2646; x_wconf 88' lang='lat' dir='ltr'>ipsa</span> <span class='ocrx_word' id='word_1_211' title='bbox 896 2562 1036 2626; x_wconf 91' lang='lat' dir='ltr'>immane</span> <span class='ocrx_word' id='word_1_212' title='bbox 1049 2569 1205 2643; x_wconf 91' lang='lat' dir='ltr'>quantum</span> 
     </span>
     <span class='ocr_line' id='line_1_31' title="bbox 135 2637 1207 2783; baseline -0.012 -70"><span class='ocrx_word' id='word_1_213' title='bbox 135 2648 286 2714; x_wconf 89' lang='lat' dir='ltr'>utilitatis</span> <span class='ocrx_word' id='word_1_214' title='bbox 309 2647 341 2710; x_wconf 95' lang='lat' dir='ltr'>in</span> <span class='ocrx_word' id='word_1_215' title='bbox 364 2646 508 2729; x_wconf 89' lang='lat' dir='ltr'>reliquas</span> <span class='ocrx_word' id='word_1_216' title='bbox 537 2646 687 2710; x_wconf 89' lang='lat' dir='ltr'>scientias</span> <span class='ocrx_word' id='word_1_217' title='bbox 715 2644 851 2708; x_wconf 84' lang='lat' dir='ltr'>confert.</span> <span class='ocrx_word' id='word_1_218' title='bbox 881 2644 1034 2719; x_wconf 88' lang='lat' dir='ltr'>Etenim,</span> <span class='ocrx_word' id='word_1_219' title='bbox 1056 2637 1207 2783; x_wconf 87' lang='lat' dir='ltr'>quemad-</span> 
     </span>
     <span class='ocr_line' id='line_1_32' title="bbox 136 2722 1207 2813; baseline -0.013 -19"><span class='ocrx_word' id='word_1_220' title='bbox 136 2730 270 2793; x_wconf 92' lang='lat' dir='ltr'>modum</span> <span class='ocrx_word' id='word_1_221' title='bbox 293 2728 414 2791; x_wconf 78' lang='lat' dir='ltr'>artilex</span> <span class='ocrx_word' id='word_1_222' title='bbox 435 2746 474 2790; x_wconf 92' lang='lat' dir='ltr'>eo</span> <span class='ocrx_word' id='word_1_223' title='bbox 496 2726 693 2809; x_wconf 87' lang='lat' dir='ltr'>perlectiora</span> <span class='ocrx_word' id='word_1_224' title='bbox 708 2745 807 2813; x_wconf 89' lang='lat' dir='ltr'>opera</span> <span class='ocrx_word' id='word_1_225' title='bbox 822 2722 1015 2787; x_wconf 87' lang='lat' dir='ltr'>concinnare</span> <span class='ocrx_word' id='word_1_226' title='bbox 1033 2742 1072 2787; x_wconf 83' lang='lat' dir='ltr'>ra</span> <span class='ocrx_word' id='word_1_227' title='bbox 1085 2733 1131 2797; x_wconf 91' lang='lat' dir='ltr'>et,</span> <span class='ocrx_word' id='word_1_228' title='bbox 1146 2738 1207 2804; x_wconf 91' lang='lat' dir='ltr'>quo</span> 
     </span>
     <span class='ocr_line' id='line_1_33' title="bbox 136 2802 1209 2899; baseline -0.008 -27"><span class='ocrx_word' id='word_1_229' title='bbox 136 2811 254 2875; x_wconf 89' lang='lat' dir='ltr'>melius</span> <span class='ocrx_word' id='word_1_230' title='bbox 277 2810 488 2873; x_wconf 89' lang='lat' dir='ltr'>instrumenta</span> <span class='ocrx_word' id='word_1_231' title='bbox 516 2808 594 2871; x_wconf 90' lang='lat' dir='ltr'>artis</span> <span class='ocrx_word' id='word_1_232' title='bbox 616 2827 692 2870; x_wconf 89' lang='lat' dir='ltr'>suae</span> <span class='ocrx_word' id='word_1_233' title='bbox 714 2806 821 2879; x_wconf 78' lang='lat' dir='ltr'>norit3</span> <span class='ocrx_word' id='word_1_234' title='bbox 845 2806 890 2867; x_wconf 88' lang='lat' dir='ltr'>ita</span> <span class='ocrx_word' id='word_1_235' title='bbox 911 2805 1049 2899; x_wconf 91' lang='lat' dir='ltr'>quisque</span> <span class='ocrx_word' id='word_1_236' title='bbox 1071 2823 1110 2867; x_wconf 90' lang='lat' dir='ltr'>eo</span> <span class='ocrx_word' id='word_1_237' title='bbox 1133 2802 1209 2864; x_wconf 82' lang='lat' dir='ltr'>laci·</span> 
     </span>
     <span class='ocr_line' id='line_1_34' title="bbox 137 2881 1210 2982; baseline -0.011 -27"><span class='ocrx_word' id='word_1_238' title='bbox 137 2891 214 2967; x_wconf 89' lang='lat' dir='ltr'>lius,</span> <span class='ocrx_word' id='word_1_239' title='bbox 238 2898 271 2953; x_wconf 89' lang='lat' dir='ltr'>et</span> <span class='ocrx_word' id='word_1_240' title='bbox 292 2888 413 2953; x_wconf 89' lang='lat' dir='ltr'>rectius</span> <span class='ocrx_word' id='word_1_241' title='bbox 435 2889 585 2952; x_wconf 89' lang='lat' dir='ltr'>scientias</span> <span class='ocrx_word' id='word_1_242' title='bbox 602 2887 799 2982; x_wconf 89' lang='lat' dir='ltr'>assequitur,</span> <span class='ocrx_word' id='word_1_243' title='bbox 822 2904 887 2969; x_wconf 91' lang='lat' dir='ltr'>quo</span> <span class='ocrx_word' id='word_1_244' title='bbox 908 2886 1102 2966; x_wconf 78' lang='lat' dir='ltr'>penitiorem</span> <span class='ocrx_word' id='word_1_245' title='bbox 1117 2881 1210 2946; x_wconf 86' lang='lat' dir='ltr'>hahet</span> 
     </span>
     <span class='ocr_line' id='line_1_35' title="bbox 138 2962 1210 3051; baseline -0.01 -16"><span class='ocrx_word' id='word_1_246' title='bbox 138 2972 287 3036; x_wconf 90' lang='lat' dir='ltr'>notitiam</span> <span class='ocrx_word' id='word_1_247' title='bbox 311 2971 613 3045; x_wconf 85' lang='lat' dir='ltr'>instrumentorum,</span> <span class='ocrx_word' id='word_1_248' title='bbox 637 2966 757 3051; x_wconf 80' lang='lat' dir='ltr'>quibus</span> <span class='ocrx_word' id='word_1_249' title='bbox 778 2964 852 3029; x_wconf 89' lang='lat' dir='ltr'>illae</span> <span class='ocrx_word' id='word_1_250' title='bbox 872 2972 1020 3029; x_wconf 90' lang='lat' dir='ltr'>utuntur.</span> <span class='ocrx_word' id='word_1_251' title='bbox 1044 2965 1145 3048; x_wconf 76' lang='lat' dir='ltr'>Atqui</span> <span class='ocrx_word' id='word_1_252' title='bbox 1167 2962 1210 3025; x_wconf 90' lang='lat' dir='ltr'>lo-</span> 
     </span>
    </p>
   </div>
   <div class='ocr_carea' id='block_1_3' title="bbox 140 3198 1216 3699">
    <p class='ocr_par' dir='ltr' id='par_1_6' title="bbox 178 3198 757 3271">
     <span class='ocr_line' id='line_1_36' title="bbox 178 3198 757 3271; baseline -0.019 -11"><span class='ocrx_word' id='word_1_253' title='bbox 178 3210 186 3245; x_wconf 70' lang='lat' dir='ltr'>l</span> <span class='ocrx_word' id='word_1_254' title='bbox 207 3210 261 3259; x_wconf 78' lang='lat' dir='ltr'>Ars</span> <span class='ocrx_word' id='word_1_255' title='bbox 279 3207 416 3271; x_wconf 74' lang='lat' dir='ltr'>cogitandi,</span> <span class='ocrx_word' id='word_1_256' title='bbox 438 3218 465 3266; x_wconf 89' lang='lat' dir='ltr'>p.</span> <span class='ocrx_word' id='word_1_257' title='bbox 487 3205 512 3260; x_wconf 88' lang='lat' dir='ltr'>l,</span> <span class='ocrx_word' id='word_1_258' title='bbox 535 3198 655 3265; x_wconf 78' lang='lat' dir='ltr'>Lugduni</span> <span class='ocrx_word' id='word_1_259' title='bbox 676 3200 757 3250; x_wconf 81' lang='lat' dir='ltr'>tros.</span> 
     </span>
    </p>

    <p class='ocr_par' dir='ltr' id='par_1_7' title="bbox 140 3263 1216 3699">
     <span class='ocr_line' id='line_1_37' title="bbox 177 3263 1212 3335; baseline -0.015 -3"><span class='ocrx_word' id='word_1_260' title='bbox 177 3279 189 3315; x_wconf 77' lang='lat'><strong>²</strong></span> <span class='ocrx_word' id='word_1_261' title='bbox 207 3279 276 3331; x_wconf 89' lang='lat' dir='ltr'>ltlud</span> <span class='ocrx_word' id='word_1_262' title='bbox 295 3289 358 3327; x_wconf 86' lang='lat' dir='ltr'>vero</span> <span class='ocrx_word' id='word_1_263' title='bbox 378 3275 519 3326; x_wconf 86' lang='lat' dir='ltr'>tacendum</span> <span class='ocrx_word' id='word_1_264' title='bbox 540 3288 592 3323; x_wconf 90' lang='lat' dir='ltr'>non</span> <span class='ocrx_word' id='word_1_265' title='bbox 612 3278 664 3331; x_wconf 83' lang='lat' dir='ltr'>eat,</span> <span class='ocrx_word' id='word_1_266' title='bbox 678 3273 804 3335; x_wconf 82' lang='lat' dir='ltr'>logicam,</span> <span class='ocrx_word' id='word_1_267' title='bbox 819 3269 1045 3333; x_wconf 86' lang='lat' dir='ltr'>quemadmodum</span> <span class='ocrx_word' id='word_1_268' title='bbox 1059 3283 1082 3318; x_wconf 84' lang='lat' dir='ltr'>a.</span> <span class='ocrx_word' id='word_1_269' title='bbox 1097 3263 1212 3318; x_wconf 82' lang='lat' dir='ltr'>Thomas</span> 
     </span>
     <span class='ocr_line' id='line_1_38' title="bbox 140 3335 1212 3418; baseline -0.015 -15"><span class='ocrx_word' id='word_1_270' title='bbox 140 3352 245 3403; x_wconf 89' lang='lat' dir='ltr'>monuit</span> <span class='ocrx_word' id='word_1_271' title='bbox 264 3346 364 3418; x_wconf 84' lang='lat' dir='ltr'>(Super</span> <span class='ocrx_word' id='word_1_272' title='bbox 383 3348 455 3398; x_wconf 76' lang='lat' dir='ltr'>Bate.</span> <span class='ocrx_word' id='word_1_273' title='bbox 477 3348 515 3396; x_wconf 85' lang='lat' dir='ltr'>De</span> <span class='ocrx_word' id='word_1_274' title='bbox 535 3347 621 3405; x_wconf 69' lang='lat' dir='ltr'>Irim,</span> <span class='ocrx_word' id='word_1_275' title='bbox 642 3346 705 3393; x_wconf 90' lang='lat' dir='ltr'>lect.</span> <span class='ocrx_word' id='word_1_276' title='bbox 726 3341 762 3401; x_wconf 92' lang='lat' dir='ltr'>ll,</span> <span class='ocrx_word' id='word_1_277' title='bbox 782 3356 811 3404; x_wconf 91' lang='lat' dir='ltr'>q.</span> <span class='ocrx_word' id='word_1_278' title='bbox 831 3339 853 3400; x_wconf 94' lang='lat' dir='ltr'>l,</span> <span class='ocrx_word' id='word_1_279' title='bbox 873 3355 900 3391; x_wconf 81' lang='lat' dir='ltr'>a.</span> <span class='ocrx_word' id='word_1_280' title='bbox 923 3341 934 3390; x_wconf 89' lang='lat' dir='ltr'>l</span> <span class='ocrx_word' id='word_1_281' title='bbox 957 3341 991 3390; x_wconf 84' lang='lat' dir='ltr'>ad</span> <span class='ocrx_word' id='word_1_282' title='bbox 1010 3335 1055 3407; x_wconf 88' lang='lat'>3),</span> <span class='ocrx_word' id='word_1_283' title='bbox 1075 3340 1108 3389; x_wconf 88' lang='lat' dir='ltr'>ad</span> <span class='ocrx_word' id='word_1_284' title='bbox 1126 3344 1212 3388; x_wconf 82' lang='lat' dir='ltr'>artem</span> 
     </span>
     <span class='ocr_line' id='line_1_39' title="bbox 142 3411 1214 3489; baseline -0.017 -14"><span class='ocrx_word' id='word_1_285' title='bbox 142 3421 338 3489; x_wconf 88' lang='lat' dir='ltr'>quodammodo</span> <span class='ocrx_word' id='word_1_286' title='bbox 357 3420 498 3475; x_wconf 83' lang='lat' dir='ltr'>accedere,</span> <span class='ocrx_word' id='word_1_287' title='bbox 519 3418 617 3479; x_wconf 86' lang='lat' dir='ltr'>quippe</span> <span class='ocrx_word' id='word_1_288' title='bbox 637 3415 719 3479; x_wconf 88' lang='lat' dir='ltr'>quod,</span> <span class='ocrx_word' id='word_1_289' title='bbox 739 3426 802 3465; x_wconf 87' lang='lat' dir='ltr'>cum</span> <span class='ocrx_word' id='word_1_290' title='bbox 822 3415 878 3475; x_wconf 85' lang='lat' dir='ltr'>lpsa</span> <span class='ocrx_word' id='word_1_291' title='bbox 898 3412 990 3461; x_wconf 85' lang='lat' dir='ltr'>modos</span> <span class='ocrx_word' id='word_1_292' title='bbox 1012 3411 1168 3461; x_wconf 76' lang='lat' dir='ltr'>condolendi</span> <span class='ocrx_word' id='word_1_293' title='bbox 1186 3423 1214 3457; x_wconf 85' lang='lat' dir='ltr'>e-</span> 
     </span>
     <span class='ocr_line' id='line_1_40' title="bbox 141 3483 1215 3554; baseline -0.017 -7"><span class='ocrx_word' id='word_1_294' title='bbox 141 3494 355 3549; x_wconf 85' lang='lat' dir='ltr'>nunciationem,</span> <span class='ocrx_word' id='word_1_295' title='bbox 376 3492 573 3554; x_wconf 71' lang='lat' dir='ltr'>syllogismum,</span> <span class='ocrx_word' id='word_1_296' title='bbox 593 3488 724 3550; x_wconf 85' lang='lat' dir='ltr'>aliasque,</span> <span class='ocrx_word' id='word_1_297' title='bbox 745 3498 814 3547; x_wconf 89' lang='lat' dir='ltr'>qnae</span> <span class='ocrx_word' id='word_1_298' title='bbox 833 3484 867 3532; x_wconf 86' lang='lat' dir='ltr'>ab</span> <span class='ocrx_word' id='word_1_299' title='bbox 885 3483 926 3532; x_wconf 84' lang='lat' dir='ltr'>his</span> <span class='ocrx_word' id='word_1_300' title='bbox 945 3485 1085 3541; x_wconf 82' lang='lat' dir='ltr'>oriuntur,</span> <span class='ocrx_word' id='word_1_301' title='bbox 1106 3488 1133 3531; x_wconf 87' lang='lat' dir='ltr'>et</span> <span class='ocrx_word' id='word_1_302' title='bbox 1152 3493 1215 3542; x_wconf 85' lang='lat' dir='ltr'>pen·</span> 
     </span>
     <span class='ocr_line' id='line_1_41' title="bbox 142 3552 1216 3629; baseline -0.015 -12"><span class='ocrx_word' id='word_1_303' title='bbox 142 3570 216 3623; x_wconf 86' lang='lat' dir='ltr'>dent.</span> <span class='ocrx_word' id='word_1_304' title='bbox 237 3564 404 3629; x_wconf 79' lang='lat' dir='ltr'>cogitationis</span> <span class='ocrx_word' id='word_1_305' title='bbox 424 3562 533 3617; x_wconf 77' lang='lat' dir='ltr'>formas,</span> <span class='ocrx_word' id='word_1_306' title='bbox 554 3572 631 3611; x_wconf 89' lang='lat' dir='ltr'>secus</span> <span class='ocrx_word' id='word_1_307' title='bbox 651 3573 682 3609; x_wconf 87' lang='lat' dir='ltr'>ac</span> <span class='ocrx_word' id='word_1_308' title='bbox 702 3561 808 3610; x_wconf 87' lang='lat' dir='ltr'>ceterae</span> <span class='ocrx_word' id='word_1_309' title='bbox 821 3555 960 3613; x_wconf 83' lang='lat' dir='ltr'>actantiae,</span> <span class='ocrx_word' id='word_1_310' title='bbox 974 3554 1073 3613; x_wconf 84' lang='lat' dir='ltr'>tradat,</span> <span class='ocrx_word' id='word_1_311' title='bbox 1087 3552 1216 3625; x_wconf 84' lang='lat' dir='ltr'>quodant-</span> 
     </span>
     <span class='ocr_line' id='line_1_42' title="bbox 143 3636 553 3699; baseline -0.024 -9"><span class='ocrx_word' id='word_1_312' title='bbox 143 3640 223 3690; x_wconf 88' lang='lat' dir='ltr'>modo</span> <span class='ocrx_word' id='word_1_313' title='bbox 243 3639 315 3689; x_wconf 83' lang='lat' dir='ltr'>cirea</span> <span class='ocrx_word' id='word_1_314' title='bbox 335 3648 401 3699; x_wconf 86' lang='lat' dir='ltr'>opus</span> <span class='ocrx_word' id='word_1_315' title='bbox 420 3636 553 3685; x_wconf 75' lang='lat' dir='ltr'>versatur.</span> 
     </span>
    </p>
   </div>
   <div class='ocr_carea' id='block_1_4' title="bbox 0 0 1265 3909">
    <p class='ocr_par' dir='ltr' id='par_1_8' title="bbox 0 0 1265 3909">
     <span class='ocr_line' id='line_1_43' title="bbox 0 0 1265 3909; baseline 0 0"><span class='ocrx_word' id='word_1_316' title='bbox 0 0 1265 3909; x_wconf 95' lang='lat' dir='ltr'> </span> 
     </span>
    </p>
   </div>
  </div>
 </body>
</html>
