2475 3909
448 183 530 232 raus
552 182 683 231 ,turm
1017 172 1059 239 63
1102 203 1106 214 =

44 266 237 356 triangulum
260 267 509 353 aequilaterum,
531 268 725 366 quadratum
746 281 807 337 etc.
825 283 899 339 sunt
912 271 1099 358 affictiones,

44 352 83 417 tel
105 355 218 439 ipsum
240 350 439 435 triangulum
457 352 695 447 aequilaterum
709 362 759 417 est
772 351 965 433 subiectum,
981 376 1101 442 aequa-

43 436 104 501 litas
128 432 323 519 angulomm
345 442 393 497 est
415 433 542 499 allectio
555 434 579 509 ¹3
601 430 637 499 3⁰
658 432 797 518 denique
811 436 983 501 nonnullae
998 458 1100 505 enun-

43 518 193 587 tiationes
207 515 419 592 universales,
434 535 517 600 quae
532 516 600 581 sine
617 513 889 582 demonstratione
903 538 1084 604 coguoseun

44 614 110 675 tur,
133 610 167 665 et
189 596 372 681 exquibus
392 598 745 665 allectionessubiecto
767 599 872 665 inesse
894 600 1100 687 intelligitur;

42 695 132 827 dulae
153 681 215 745 hae
236 681 479 776 enunciatioues
500 680 653 747 dicuutur
670 680 845 765 principie,
867 702 909 746 ex
930 682 1048 768 quibus
1065 683 1101 751 lit
1134 704 1140 709 ·

57 772 278 829 amonstratro.

1 892 2 926 ᾖ
74 845 126 910 t5.
151 845 220 909 lam
242 845 469 929 praenotioues
490 856 658 911 versantur
684 844 772 909 circa
796 843 1001 925 subiectum,
1024 848 1102 913 alle·
1179 907 1181 910 .

1 934 2 1029 p
42 930 185 1003 ctioues,
208 939 240 991 et
261 926 434 1011 principia.
458 927 500 992 Et
520 948 618 1004 sane,
646 925 921 1012 quemadmodum
948 930 1099 1017 quisquis

1 1032 2 1073 t
42 1010 74 1074 de
96 1009 171 1075 loco
194 1009 228 1072 iu
250 1007 355 1073 locum
375 1009 536 1092 emigrare
551 1010 631 1083 vult,
647 1026 739 1073 nosse
754 1008 850 1075 debet
872 1020 905 1074 et
926 1008 1011 1076 uude
1025 1032 1099 1098 pro-

1 1082 2 1157 l
42 1092 206 1165 ficiscitur,
228 1101 344 1186 etque
366 1101 499 1176 spectat,
521 1100 554 1156 et
573 1094 627 1155 cui
642 1092 713 1155 viae
727 1091 790 1176 ipsi
806 1090 1020 1157 insistendum
1041 1096 1096 1170 sit;

1 1190 2 1197 ¹
43 1177 81 1239 ita
102 1176 162 1258 qui
185 1174 351 1237 scientiam
378 1173 521 1257 aliquam
550 1174 778 1258 persequitur,
808 1184 916 1239 noscat
943 1177 1103 1259 quodam·

43 1257 135 1321 modo
158 1276 288 1320 neeesse
310 1265 356 1320 est
377 1277 458 1330 rem,
474 1276 571 1340 quam
593 1255 675 1319 scire
695 1255 798 1341 eupit,
812 1254 885 1319 eius
900 1255 1102 1334 affectiones,

42 1360 118 1423 quas
142 1338 271 1421 assequi
293 1336 410 1414 studet,
425 1348 457 1403 et
472 1338 646 1422 principia,
660 1358 802 1421 quorum
816 1355 878 1421 ope
893 1336 933 1400 ab
947 1360 999 1417 eo,
1013 1342 1102 1427 quod

43 1424 77 1485 de
98 1442 136 1484 re
158 1422 258 1495 novit,
280 1418 321 1483 ad
343 1439 392 1496 ea,
414 1438 497 1503 quae
521 1421 660 1505 ignorat,
684 1420 853 1504 pervenire
875 1418 991 1486 valeat.

78 1504 132 1568 to.
157 1502 388 1567 Praenotioues
408 1504 494 1566 eirca
517 1500 699 1566 subiectum
721 1511 816 1575 sunt,
837 1500 914 1596 quid
938 1504 1102 1588 sipuifieet,

44 1596 72 1649 et
92 1586 175 1671 quod
197 1584 248 1648 sit.
271 1583 368 1649 Prior
393 1594 442 1649 est
469 1582 639 1658 definitio,
668 1604 752 1667 quae
780 1582 900 1647 dicitur
921 1586 1103 1663 uouiualis,

44 1688 158 1753 nempe
180 1667 299 1743 oratio,
321 1687 402 1750 quae
423 1667 565 1753 explicat
580 1664 660 1750 quid
681 1686 734 1730 res
756 1663 927 1750 significet3
944 1670 1106 1752 posterior
1196 1680 1200 1689 ’

44 1759 152 1814 autem
173 1750 356 1833 suppetitia,
378 1750 456 1833 quia
478 1749 633 1845 supponit
655 1769 722 1811 rem
743 1745 883 1831 aliquam
906 1768 986 1825 esse,
1012 1771 1041 1815 e.
1058 1772 1103 1837 g.,

1 1852 2 1855 ’
44 1852 100 1896 esse
123 1840 255 1895 motum.
272 1832 313 1896 Et
327 1852 414 1907 sane,
432 1851 586 1917 quomam
600 1828 783 1895 subiectum
797 1839 845 1892 est
860 1827 1104 1897 fundamentum

1 1918 2 1923 ’
43 1916 144 1980 totius
165 1914 332 1989 scientiae,
355 1911 423 1978 lieri
447 1934 510 1977 uon
532 1920 654 1998 potest,
678 1911 768 1976 utin
791 1909 846 1973 illa
867 1912 936 1995 ipsa
957 1914 1104 1991 seientia,

46 1998 137 2061 cuius
158 1994 341 2061 subiectum
361 2005 426 2072 est,
449 1993 685 2060 demonstretur
706 2013 765 2077 per
786 1989 929 2061 medium
952 1994 1101 2060 intrinse-

46 2099 117 2142 cum
139 2090 173 2143 et
194 2100 212 2141 u
227 2078 358 2162 priori²
380 2080 486 2163 ipsum
507 2096 581 2142 vere
596 2096 677 2148 esse,
693 2095 730 2138 ac
744 2071 879 2159 proinde
893 2086 1018 2160 oportet
1032 2098 1107 2163 sup-

51 2180 166 2245 ponere
189 2161 268 2244 quod
288 2160 342 2224 sit.

83 2242 135 2307 l'l.
157 2241 252 2319 Quod
275 2243 390 2308 attinet
410 2240 449 2306 ad
472 2242 657 2306 allectioues
678 2236 828 2315 subiecti,
847 2258 1028 2386 praenosse
1050 2264 1107 2306 ue-

49 2344 133 2391 cesse
155 2335 204 2390 est
224 2324 304 2409 quid
327 2326 413 2421 ipsae
432 2322 626 2409 significent,
642 2342 716 2385 nam
735 2321 763 2385 si
788 2320 846 2385 illu
884 2323 1005 2407 ipsum,
1019 2322 1107 2409 quod

48 2428 161 2471 nomeu
184 2406 362 2473 allectionis
383 2406 524 2480 denotat,
548 2424 605 2469 nos
626 2396 751 2480 lateret,
773 2416 849 2468 sane
870 2403 955 2469 haud
977 2405 1108 2478 demon·

49 2502 148 2553 strare
164 2508 330 2574 possemus
354 2488 442 2554 illam
464 2487 608 2552 subiecto
626 2487 739 2550 inesse.
755 2484 1034 2553 Praeuoseendum
1049 2510 1106 2553 en-

49 2584 111 2637 tem
133 2590 199 2635 uou
222 2569 373 2657 estquod
395 2570 522 2635 allectio
538 2568 673 2641 subiecti
697 2569 751 2645 sit,
772 2588 830 2631 seu
852 2566 1000 2635 subiecto
1015 2570 1106 2646 insit,
1206 2634 1224 2663 θ

49 2675 121 2717 nam
143 2654 250 2717 omnis
271 2652 498 2717 demonstratio
520 2672 559 2717 eo
581 2659 715 2734 spectat,
731 2658 768 2715 ut
782 2652 946 2747 propriam
965 2652 1109 2718 allectio-

49 2756 120 2799 nem
143 2733 290 2801 subieeto
312 2735 415 2802 inesse
441 2732 637 2821 patelaeiat,
659 2752 697 2795 ac
719 2730 856 2816 prorude
878 2732 906 2796 si
930 2733 995 2797 iam
1016 2755 1108 2820 prae-

49 2830 298 2903 cognosceretur
319 2816 518 2884 affectionem
540 2814 676 2880 subiecti
699 2816 804 2899 reipsa
825 2836 897 2891 esse,
913 2816 979 2883 sive
1001 2816 1109 2883 subie-

49 2912 98 2965 cto
122 2900 237 2975 inesse,
259 2900 366 2963 omnis
386 2898 557 2995 inquisitio
579 2916 815 2981 supervacanea
837 2894 932 2962 loret.

86 2983 141 3049 48.
164 2979 313 3067 Denique
335 2979 374 3046 de
398 2980 585 3067 principiis,
608 2976 789 3061 exquibus
810 2978 846 3045 lit
867 2978 1108 3055 demonstratio,

50 3072 178 3147 oportet
200 3082 420 3149 praenoscere:
438 3062 471 3126 1⁰
492 3062 572 3147 quid
594 3060 788 3145 significent,
808 3063 885 3147 quia
900 3082 1110 3147 praenoscere

53 3166 183 3211 necesse
205 3158 253 3210 est
274 3146 451 3223 terminos,
474 3142 656 3229 exquibus
682 3144 751 3227 ipsa
777 3153 941 3219 constaut;
967 3141 1001 3206 2⁰
1023 3144 1110 3228 quod

386 3287 713 3306 ψ

85 3368 95 3407 ¹
117 3374 149 3421 ln
168 3372 213 3422 tu.
237 3372 380 3427 lPoster„
403 3370 467 3419 lect.
489 3365 522 3417 ll.

80 3445 93 3479 ²
114 3442 233 3495 Diximus
252 3458 300 3507 per
313 3442 429 3494 medium
441 3444 609 3493 intrinsecum
622 3445 650 3490 et
662 3454 678 3489 u
689 3443 783 3503 priori,
794 3441 855 3505 quia
870 3444 956 3504 potest
968 3442 1111 3506 aliquando

51 3517 154 3577 probari
173 3532 209 3569 uu
228 3520 262 3569 stt
281 3518 307 3567 tu
327 3518 416 3579 attqua
437 3514 583 3565 scientiae
601 3515 750 3575 posteriori,
771 3515 813 3564 rel
826 3526 858 3563 ex
871 3516 1000 3565 mutuatis
1013 3516 1045 3565 ab
1059 3518 1112 3567 alia

50 3590 169 3641 seientia.
191 3588 230 3642 lta
250 3584 403 3653 Theologia,
424 3588 539 3639 rationes
559 3586 704 3636 mutuando
716 3600 732 3636 a
745 3582 936 3650 ttetapoysua,
957 3585 1042 3639 Deum
1054 3601 1112 3639 ease

50 3662 149 3723 probat.
