2475 3909
408 171 725 263 nn‘enrnosoenrnu
1044 198 1064 265 3

42 308 83 362 est
96 318 151 363 uos
161 298 212 363 hic
227 316 324 382 agere
338 295 378 361 de
394 298 598 384 philosophia
612 300 792 377 theoretico,
808 299 841 363 in
855 319 919 384 qua
934 298 1108 366 traduntur

43 410 86 465 ea,
106 394 235 476 quaein
251 390 522 476 contemplatione
542 414 652 457 rerum
674 405 857 467 versantur,
880 413 943 456 nen
967 415 1044 457 vero
1065 393 1106 459 de

45 481 235 568 philosophia
248 483 492 567 practico,quae
508 484 665 569 appellari
681 483 925 560 salutationes
940 495 1054 551 tractat
1068 485 1108 549 de

45 573 90 649 iis,
112 595 195 659 quae
209 572 250 637 ad
265 575 488 658 operationem
510 577 684 661 pertinent,
699 577 768 640 sire
787 575 826 640 de
842 576 968 661 legibus
978 579 1108 642 univer-

44 664 155 732 salibus
174 688 317 744 morum,
340 666 380 731 ad
401 690 482 753 quas
502 669 600 735 homo
614 672 756 734 actiones
772 690 847 734 suas
860 670 1107 736 accommodare

43 752 177 833 debehat
190 755 288 821 finem
299 756 455 823 ultimum
467 757 530 824 sibi
545 760 645 826 aDeo
659 763 888 845 praestitutum
903 772 1105 845 assequatur.

76 849 105 911 6.
126 848 195 914 lam
218 848 421 935 philosophia
441 853 617 926 theoretica
639 852 868 939 complectitur
890 854 1033 936 topicam,
1051 855 1108 939 dq-
1141 888 1148 893 ·

42 940 251 1022 mailoc-tam,
274 942 475 1025 ontoloqiom,
503 944 736 1028 cosmoloqc'anm
763 945 1049 1029 anthropoloqt'am,
1073 954 1106 1011 et

43 1029 216 1113 theoloqiom
245 1033 429 1097 aceretem.
459 1038 576 1119 Loqica
603 1037 740 1121 exponit
766 1047 915 1101 naturam
943 1036 1108 1101 actionum

8 1136 14 1199 t
47 1136 167 1188 nostrae
189 1125 319 1202 mentiS,
340 1125 449 1211 leges,
474 1128 594 1212 quibus
616 1129 706 1214 ipsae
739 1127 938 1217 exercendae
961 1142 1051 1205 sunt,
1074 1140 1107 1195 et

43 1213 207 1291 ordinem,
231 1236 298 1299 quo
321 1228 395 1283 sunt
417 1217 617 1284 adhibendae
647 1220 681 1283 in
710 1219 926 1303 inquisitione
948 1221 1105 1286 veritatis.
1228 1263 1229 1274 ,

44 1304 260 1389 Dynamiloqin
282 1317 396 1375 tractat
417 1308 456 1373 de
478 1309 688 1377 facultatibus
709 1311 849 1387 animae,
867 1322 963 1395 etque
985 1312 1019 1374 in
1042 1314 1109 1395 pri·
1228 1341 1230 1358 ·

43 1399 99 1463 mis
120 1398 278 1486 expendit
299 1402 444 1487 ipsarum
467 1413 628 1482 naturam,
644 1402 811 1468 obiectum
832 1403 971 1487 singulis
991 1425 1107 1469 earum

44 1494 219 1577 proprium,
246 1503 279 1558 et
299 1495 443 1575 modum,
467 1517 532 1582 quo
554 1516 629 1562 suas
649 1499 792 1561 actiones
810 1505 973 1572 exercent3
988 1494 1106 1560 deinde

42 1604 78 1645 ex
98 1585 214 1649 horum
238 1586 484 1671 investigatione
498 1589 584 1653 viam
606 1586 669 1653 sibi
684 1590 797 1652 sternit
810 1585 850 1650 ad
871 1586 952 1652 duas
967 1587 1107 1652 maximi

43 1678 189 1741 momenti
206 1678 425 1757 mactationes
442 1680 476 1744 in
491 1701 629 1765 quarum
644 1682 764 1766 prima,
781 1700 864 1764 quae
879 1679 1001 1746 dicitur
1017 1680 1107 1744 Idea·

43 1766 130 1849 topia,
153 1769 294 1855 inquirit
306 1772 469 1855 quomodo
485 1773 677 1839 facultatum
698 1770 845 1837 subsidio
860 1772 982 1857 primns
997 1771 1109 1853 cogni-

46 1862 139 1927 tiones
152 1884 267 1927 rerum
281 1864 376 1929 nobis
390 1885 628 1952 comparemus,
645 1868 677 1932 in
693 1866 794 1930 altera
815 1876 939 1942 autem,
960 1884 1045 1948 quae
1059 1864 1108 1926 di-

43 1952 122 2017 citur
137 1952 382 2040 Critcrioloqie,
414 1957 559 2046 disputat
573 1960 611 2024 de
631 1962 678 2035 vi,
700 1980 798 2043 quam
822 1960 912 2042 ipsae
933 1956 1051 2024 habent
1069 1956 1109 2022 ad

43 2049 208 2114 ueritatem
232 2070 343 2117 rerum
365 2053 460 2118 nohis
482 2052 751 2139 patefaciendam.
774 2052 937 2135 Outoloqc'c
958 2063 1108 2118 uersatur

43 2140 123 2204 circa
146 2140 219 2205 illa's
245 2142 445 2209 universales
465 2146 635 2221 uotiuum,
656 2144 776 2228 quibus
804 2152 928 2209 ceterae
950 2143 1105 2207 scientiae

46 2230 235 2297 innituntur.
254 2232 446 2317 Cosmoloqc'e
467 2235 506 2301 de
528 2234 648 2300 mundo
668 2237 984 2320 universespectato
1004 2233 1105 2298 disse-

43 2324 101 2400 rit,
124 2324 367 2409 Anthropolopio
394 2337 545 2394 naturam
573 2326 713 2391 hominis
740 2325 909 2411 expendit.
941 2328 969 2390 Τ
971 2325 1108 2406 bcoloqa'o
1152 2377 1160 2395 ,

43 2418 195 2483 amaretis
208 2418 254 2499 de
265 2417 497 2505 Deo‚‘Eiasque
521 2418 686 2487 attributis
700 2440 741 2483 ex
754 2418 898 2486 naturali
913 2420 1038 2483 lumine
1061 2436 1110 2479 rn-

43 2512 136 2575 tienis
157 2509 314 2595 disputat,
327 2521 485 2597 quantum
505 2512 677 2578 infirmitas
698 2512 814 2577 mentis
835 2512 995 2576 humanae
1018 2508 1106 2571 sinit.

78 2608 107 2670 7.
130 2604 279 2690 Denique
301 2608 518 2691 praestantia,
546 2616 579 2672 et
606 2606 734 2673 utilitas
762 2606 859 2670 huius
888 2603 1043 2669 scientiae
1065 2620 1109 2663 ex

42 2698 120 2780 ipsa,
142 2717 241 2782 quam
263 2697 513 2783 explicavimus,
537 2700 606 2763 eius
630 2707 745 2763 natura
765 2697 971 2783 perspicitur.
996 2693 1110 2758 Enim-

43 2808 114 2855 rero
143 2788 198 2854 illa
225 2791 363 2855 seientia
392 2792 509 2855 ceteris
536 2791 688 2856 humanis
716 2791 861 2857 scientiis
889 2795 1056 2874 praestat,
1077 2792 1111 2848 et

42 2880 214 2960 maximam
228 2881 404 2947 utilitatem
426 2883 459 2945 in
481 2902 535 2945 eas
557 2880 696 2958 confert,
711 2902 794 2966 qnae
817 2880 857 2945 de
878 2880 919 2943 iis
940 2879 1019 2963 agit,
1035 2876 1110 2960 qui·

42 2973 97 3040 bus
116 2996 207 3040 mens
226 2984 337 3041 nostra
356 2996 439 3059 opus
460 2975 567 3053 babet,
586 2986 623 3042 nt
644 2976 820 3059 perlectam
835 2975 1058 3061 cognitionem
1073 2972 1109 3035 in

42 3066 151 3131 ceteris
172 3066 318 3130 scientiis
334 3063 546 3149 adipiscatur.
564 3066 666 3150 Atqui
681 3064 879 3141 huiusmodi,
895 3074 932 3129 ut
946 3064 1105 3135 diximus,

43 3166 85 3219 est
104 3154 321 3241 philosophia.
339 3156 426 3239 Ergo
442 3156 582 3219 maxima
597 3165 646 3221 est
660 3156 882 3242 philosophiae
897 3155 1108 3240 praestantia,

44 3256 71 3309 et
91 3243 225 3310 utilitas.
250 3242 365 3331 Neque
387 3246 538 3311 scientiae
559 3245 741 3326 dumtaxat,
756 3247 813 3312 sed
832 3248 931 3312 etiam
955 3256 1039 3310 artes
1061 3246 1111 3309 in-

45 3356 173 3420 genuae,
196 3344 245 3413 ut,
269 3356 298 3399 e.
315 3358 361 3421 g,
385 3335 556 3416 rethorica,
580 3341 699 3424 poesis,
722 3337 947 3423 grammatica,
964 3333 1110 3402 subsidio

47 3428 261 3515 philosophiae
283 3427 443 3515 indigent.
460 3429 544 3495 Nam
564 3431 712 3516 regulae,
727 3451 811 3515 quae
833 3430 867 3494 in
881 3426 1027 3515 qualibet
1041 3438 1109 3493 arte

47 3518 235 3597 traduntur,
258 3530 295 3584 nt
316 3519 479 3605 quoddam
507 3543 591 3607 opus
612 3534 699 3589 recte
723 3520 922 3606 perficiatur,
945 3530 1055 3595 tutae,
1079 3527 1111 3583 et

48 3622 145 3681 rectae
167 3632 237 3678 esse
261 3632 326 3677 non
350 3621 494 3697 possunt,
512 3614 573 3680 nisi
596 3613 789 3684 deriventur
809 3634 850 3678 ex
874 3609 1045 3696 principiis
1059 3630 1109 3673 rc·

8 3730 9 3735 ,
910 3705 925 3735 ἡ
