<?xml version="1.0" encoding="UTF-8"?>
<!DOCTYPE html PUBLIC "-//W3C//DTD XHTML 1.0 Transitional//EN"
    "http://www.w3.org/TR/xhtml1/DTD/xhtml1-transitional.dtd">
<html xmlns="http://www.w3.org/1999/xhtml" xml:lang="en" lang="en">
 <head>
  <title>
</title>
<meta http-equiv="Content-Type" content="text/html;charset=utf-8" />
  <meta name='ocr-system' content='tesseract 3.04.00' />
  <meta name='ocr-capabilities' content='ocr_page ocr_carea ocr_par ocr_line ocrx_word'/>
</head>
<body>
  <div class='ocr_page' id='page_1' title='image "./philosophiachri00sansgoog_0263.png"; bbox 0 0 2475 3909; ppageno 0'>
   <div class='ocr_carea' id='block_1_1' title="bbox 496 173 1105 239">
    <p class='ocr_par' dir='ltr' id='par_1_1' title="bbox 496 173 1105 239">
     <span class='ocr_line' id='line_1_1' title="bbox 496 173 1105 239; baseline 0.003 -4"><span class='ocrx_word' id='word_1_1' title='bbox 496 187 746 237; x_wconf 76' lang='lat' dir='ltr'>currentonontx</span> <span class='ocrx_word' id='word_1_2' title='bbox 1047 173 1105 239; x_wconf 73' lang='lat'>951</span> 
     </span>
    </p>
   </div>
   <div class='ocr_carea' id='block_1_2' title="bbox 75 271 1158 1665">
    <p class='ocr_par' dir='ltr' id='par_1_2' title="bbox 75 271 1153 1175">
     <span class='ocr_line' id='line_1_2' title="bbox 75 271 1150 359; baseline 0.001 -21"><span class='ocrx_word' id='word_1_3' title='bbox 75 282 162 338; x_wconf 86' lang='lat' dir='ltr'>tura.</span> <span class='ocrx_word' id='word_1_4' title='bbox 187 273 229 338; x_wconf 85' lang='lat' dir='ltr'>Et</span> <span class='ocrx_word' id='word_1_5' title='bbox 248 292 323 337; x_wconf 88' lang='lat' dir='ltr'>sane</span> <span class='ocrx_word' id='word_1_6' title='bbox 347 292 364 333; x_wconf 81' lang='lat' dir='ltr'>s</span> <span class='ocrx_word' id='word_1_7' title='bbox 387 271 557 348; x_wconf 90' lang='lat' dir='ltr'>eomodo,</span> <span class='ocrx_word' id='word_1_8' title='bbox 582 274 689 357; x_wconf 91' lang='lat' dir='ltr'>inquit</span> <span class='ocrx_word' id='word_1_9' title='bbox 712 296 736 337; x_wconf 91' lang='lat' dir='ltr'>s.</span> <span class='ocrx_word' id='word_1_10' title='bbox 754 276 903 350; x_wconf 81' lang='lat' dir='ltr'><strong>Thomas,</strong></span> <span class='ocrx_word' id='word_1_11' title='bbox 927 272 1050 359; x_wconf 92' lang='lat' dir='ltr'>aliquid</span> <span class='ocrx_word' id='word_1_12' title='bbox 1072 296 1150 359; x_wconf 91' lang='lat' dir='ltr'>ope·</span> 
     </span>
     <span class='ocr_line' id='line_1_3' title="bbox 75 353 1147 441; baseline 0 -21"><span class='ocrx_word' id='word_1_13' title='bbox 75 366 180 430; x_wconf 84' lang='lat' dir='ltr'>ratur,</span> <span class='ocrx_word' id='word_1_14' title='bbox 195 375 261 439; x_wconf 92' lang='lat' dir='ltr'>quo</span> <span class='ocrx_word' id='word_1_15' title='bbox 275 363 323 418; x_wconf 89' lang='lat' dir='ltr'>est</span> <span class='ocrx_word' id='word_1_16' title='bbox 339 354 383 427; x_wconf 82' lang='lat'>¹»,</span> <span class='ocrx_word' id='word_1_17' title='bbox 399 353 469 416; x_wconf 86' lang='lat' dir='ltr'>sive</span> <span class='ocrx_word' id='word_1_18' title='bbox 485 377 501 413; x_wconf 90' lang='lat'>«</span> <span class='ocrx_word' id='word_1_19' title='bbox 515 353 669 419; x_wconf 91' lang='lat' dir='ltr'>similiter</span> <span class='ocrx_word' id='word_1_20' title='bbox 682 378 783 422; x_wconf 88' lang='lat' dir='ltr'>unum</span> <span class='ocrx_word' id='word_1_21' title='bbox 808 355 936 441; x_wconf 88' lang='lat' dir='ltr'>uodque</span> <span class='ocrx_word' id='word_1_22' title='bbox 958 355 1054 421; x_wconf 88' lang='lat' dir='ltr'>habet</span> <span class='ocrx_word' id='word_1_23' title='bbox 1067 377 1147 430; x_wconf 88' lang='lat' dir='ltr'>esse,</span> 
     </span>
     <span class='ocr_line' id='line_1_4' title="bbox 75 378 1148 522; baseline 0 -21"><span class='ocrx_word' id='word_1_24' title='bbox 75 447 107 502; x_wconf 91' lang='lat' dir='ltr'>et</span> <span class='ocrx_word' id='word_1_25' title='bbox 121 436 369 522; x_wconf 87' lang='lat' dir='ltr'>operationem²</span> <span class='ocrx_word' id='word_1_26' title='bbox 386 459 415 497; x_wconf 77' lang='lat' dir='ltr'>n.</span> <span class='ocrx_word' id='word_1_27' title='bbox 432 436 532 518; x_wconf 79' lang='lat' dir='ltr'>Atqui</span> <span class='ocrx_word' id='word_1_28' title='bbox 549 456 666 500; x_wconf 88' lang='lat' dir='ltr'>causac</span> <span class='ocrx_word' id='word_1_29' title='bbox 681 378 845 502; x_wconf 78' lang='lat' dir='ltr'>uaturdles</span> <span class='ocrx_word' id='word_1_30' title='bbox 858 437 1045 501; x_wconf 91' lang='lat' dir='ltr'>huiusmodi</span> <span class='ocrx_word' id='word_1_31' title='bbox 1063 449 1148 510; x_wconf 86' lang='lat' dir='ltr'>sunt,</span> 
     </span>
     <span class='ocr_line' id='line_1_5' title="bbox 75 515 1151 605; baseline -0.002 -22"><span class='ocrx_word' id='word_1_32' title='bbox 75 530 113 585; x_wconf 91' lang='lat' dir='ltr'>ut</span> <span class='ocrx_word' id='word_1_33' title='bbox 134 518 302 582; x_wconf 81' lang='lat' dir='ltr'><strong>electionis</strong></span> <span class='ocrx_word' id='word_1_34' title='bbox 325 518 355 580; x_wconf 83' lang='lat' dir='ltr'>vi</span> <span class='ocrx_word' id='word_1_35' title='bbox 380 515 609 582; x_wconf 71' lang='lat' dir='ltr'>destituantur.</span> <span class='ocrx_word' id='word_1_36' title='bbox 628 520 715 603; x_wconf 83' lang='lat' dir='ltr'>Ergo</span> <span class='ocrx_word' id='word_1_37' title='bbox 737 530 875 605; x_wconf 87' lang='lat' dir='ltr'>oportet,</span> <span class='ocrx_word' id='word_1_38' title='bbox 900 530 935 584; x_wconf 87' lang='lat' dir='ltr'>ut</span> <span class='ocrx_word' id='word_1_39' title='bbox 957 519 990 582; x_wconf 92' lang='lat' dir='ltr'>in</span> <span class='ocrx_word' id='word_1_40' title='bbox 1015 520 1092 603; x_wconf 93' lang='lat' dir='ltr'>ipsis</span> <span class='ocrx_word' id='word_1_41' title='bbox 1108 520 1151 582; x_wconf 88' lang='lat' dir='ltr'>sit</span> 
     </span>
     <span class='ocr_line' id='line_1_6' title="bbox 78 597 1149 685; baseline 0.001 -23"><span class='ocrx_word' id='word_1_42' title='bbox 78 626 95 662; x_wconf 81' lang='lat' dir='ltr'>e</span> <span class='ocrx_word' id='word_1_43' title='bbox 119 602 225 665; x_wconf 82' lang='lat' dir='ltr'>virtus</span> <span class='ocrx_word' id='word_1_44' title='bbox 250 600 419 682; x_wconf 77' lang='lat' dir='ltr'>operativa</span> <span class='ocrx_word' id='word_1_45' title='bbox 446 598 661 668; x_wconf 89' lang='lat' dir='ltr'>determinata</span> <span class='ocrx_word' id='word_1_46' title='bbox 684 600 723 665; x_wconf 89' lang='lat' dir='ltr'>ad</span> <span class='ocrx_word' id='word_1_47' title='bbox 748 603 872 665; x_wconf 77' lang='lat' dir='ltr'>unum³</span> <span class='ocrx_word' id='word_1_48' title='bbox 888 620 928 679; x_wconf 82' lang='lat' dir='ltr'>n;</span> <span class='ocrx_word' id='word_1_49' title='bbox 953 621 989 663; x_wconf 90' lang='lat' dir='ltr'>ac</span> <span class='ocrx_word' id='word_1_50' title='bbox 1013 597 1149 685; x_wconf 83' lang='lat' dir='ltr'>proinde</span> 
     </span>
     <span class='ocr_line' id='line_1_7' title="bbox 77 681 1152 767; baseline -0.004 -20"><span class='ocrx_word' id='word_1_51' title='bbox 77 684 207 767; x_wconf 87' lang='lat' dir='ltr'>quoties</span> <span class='ocrx_word' id='word_1_52' title='bbox 234 702 330 745; x_wconf 91' lang='lat' dir='ltr'>causa</span> <span class='ocrx_word' id='word_1_53' title='bbox 356 681 513 745; x_wconf 90' lang='lat' dir='ltr'>naturalis</span> <span class='ocrx_word' id='word_1_54' title='bbox 537 683 569 744; x_wconf 92' lang='lat' dir='ltr'>iu</span> <span class='ocrx_word' id='word_1_55' title='bbox 592 682 707 747; x_wconf 89' lang='lat' dir='ltr'>eadem</span> <span class='ocrx_word' id='word_1_56' title='bbox 734 703 845 746; x_wconf 92' lang='lat' dir='ltr'>rerum</span> <span class='ocrx_word' id='word_1_57' title='bbox 872 681 1058 748; x_wconf 88' lang='lat' dir='ltr'>conditione</span> <span class='ocrx_word' id='word_1_58' title='bbox 1080 702 1152 745; x_wconf 86' lang='lat' dir='ltr'>ver-</span> 
     </span>
     <span class='ocr_line' id='line_1_8' title="bbox 78 762 1150 849; baseline -0.004 -20"><span class='ocrx_word' id='word_1_59' title='bbox 78 775 182 839; x_wconf 89' lang='lat' dir='ltr'>satur,</span> <span class='ocrx_word' id='word_1_60' title='bbox 199 763 293 831; x_wconf 89' lang='lat' dir='ltr'>toties</span> <span class='ocrx_word' id='word_1_61' title='bbox 314 762 465 827; x_wconf 89' lang='lat' dir='ltr'>eumdem</span> <span class='ocrx_word' id='word_1_62' title='bbox 488 764 640 830; x_wconf 82' lang='lat' dir='ltr'>ellectum</span> <span class='ocrx_word' id='word_1_63' title='bbox 665 762 826 849; x_wconf 87' lang='lat' dir='ltr'>producit,</span> <span class='ocrx_word' id='word_1_64' title='bbox 843 765 904 828; x_wconf 94' lang='lat' dir='ltr'>nisi</span> <span class='ocrx_word' id='word_1_65' title='bbox 928 784 1025 828; x_wconf 91' lang='lat' dir='ltr'>causa</span> <span class='ocrx_word' id='word_1_66' title='bbox 1042 762 1150 847; x_wconf 92' lang='lat' dir='ltr'>aliqua</span> 
     </span>
     <span class='ocr_line' id='line_1_9' title="bbox 76 844 1153 931; baseline -0.004 -20"><span class='ocrx_word' id='word_1_67' title='bbox 76 848 222 913; x_wconf 83' lang='lat' dir='ltr'>exterior</span> <span class='ocrx_word' id='word_1_68' title='bbox 243 846 313 909; x_wconf 89' lang='lat' dir='ltr'>eius</span> <span class='ocrx_word' id='word_1_69' title='bbox 334 844 452 908; x_wconf 91' lang='lat' dir='ltr'>actioni</span> <span class='ocrx_word' id='word_1_70' title='bbox 475 844 604 909; x_wconf 91' lang='lat' dir='ltr'>obicem</span> <span class='ocrx_word' id='word_1_71' title='bbox 625 847 803 930; x_wconf 78' lang='lat' dir='ltr'>opponat‘.</span> <span class='ocrx_word' id='word_1_72' title='bbox 817 848 919 931; x_wconf 82' lang='lat' dir='ltr'>Atqui</span> <span class='ocrx_word' id='word_1_73' title='bbox 942 867 984 910; x_wconf 91' lang='lat' dir='ltr'>ex</span> <span class='ocrx_word' id='word_1_74' title='bbox 1006 865 1083 917; x_wconf 91' lang='lat' dir='ltr'>uuo,</span> <span class='ocrx_word' id='word_1_75' title='bbox 1100 864 1153 909; x_wconf 91' lang='lat' dir='ltr'>eo-</span> 
     </span>
     <span class='ocr_line' id='line_1_10' title="bbox 80 924 1152 1013; baseline 0 -22"><span class='ocrx_word' id='word_1_76' title='bbox 80 928 220 1013; x_wconf 81' lang='lat' dir='ltr'>demque</span> <span class='ocrx_word' id='word_1_77' title='bbox 236 925 344 1001; x_wconf 91' lang='lat' dir='ltr'>modo,</span> <span class='ocrx_word' id='word_1_78' title='bbox 357 946 423 1009; x_wconf 91' lang='lat' dir='ltr'>quo</span> <span class='ocrx_word' id='word_1_79' title='bbox 438 948 609 991; x_wconf 85' lang='lat' dir='ltr'>causarum</span> <span class='ocrx_word' id='word_1_80' title='bbox 625 927 823 993; x_wconf 80' lang='lat' dir='ltr'>naturalium</span> <span class='ocrx_word' id='word_1_81' title='bbox 838 929 1045 1013; x_wconf 83' lang='lat' dir='ltr'>operationes</span> <span class='ocrx_word' id='word_1_82' title='bbox 1059 924 1152 997; x_wconf 87' lang='lat' dir='ltr'>fiunt,</span> 
     </span>
     <span class='ocr_line' id='line_1_11' title="bbox 79 1006 1153 1095; baseline -0.003 -21"><span class='ocrx_word' id='word_1_83' title='bbox 79 1009 217 1075; x_wconf 84' lang='lat' dir='ltr'>firmitas</span> <span class='ocrx_word' id='word_1_84' title='bbox 239 1007 365 1072; x_wconf 92' lang='lat' dir='ltr'>ordinis</span> <span class='ocrx_word' id='word_1_85' title='bbox 386 1009 540 1071; x_wconf 90' lang='lat' dir='ltr'>mundani</span> <span class='ocrx_word' id='word_1_86' title='bbox 564 1012 708 1095; x_wconf 81' lang='lat' dir='ltr'>exurgit.</span> <span class='ocrx_word' id='word_1_87' title='bbox 725 1010 813 1093; x_wconf 81' lang='lat' dir='ltr'>Ergo</span> <span class='ocrx_word' id='word_1_88' title='bbox 829 1009 869 1075; x_wconf 90' lang='lat' dir='ltr'>de</span> <span class='ocrx_word' id='word_1_89' title='bbox 891 1009 1044 1075; x_wconf 87' lang='lat' dir='ltr'>firmitate</span> <span class='ocrx_word' id='word_1_90' title='bbox 1067 1006 1153 1072; x_wconf 92' lang='lat' dir='ltr'>ordi·</span> 
     </span>
     <span class='ocr_line' id='line_1_12' title="bbox 81 1088 702 1175; baseline -0.002 -20"><span class='ocrx_word' id='word_1_91' title='bbox 81 1094 133 1157; x_wconf 91' lang='lat' dir='ltr'>nis</span> <span class='ocrx_word' id='word_1_92' title='bbox 155 1089 310 1155; x_wconf 92' lang='lat' dir='ltr'>mundani</span> <span class='ocrx_word' id='word_1_93' title='bbox 334 1088 475 1155; x_wconf 87' lang='lat' dir='ltr'>dubitari</span> <span class='ocrx_word' id='word_1_94' title='bbox 499 1111 562 1153; x_wconf 94' lang='lat' dir='ltr'>non</span> <span class='ocrx_word' id='word_1_95' title='bbox 588 1102 702 1175; x_wconf 89' lang='lat' dir='ltr'>potest.</span> 
     </span>
    </p>

    <p class='ocr_par' dir='ltr' id='par_1_3' title="bbox 82 1168 1158 1665">
     <span class='ocr_line' id='line_1_13' title="bbox 124 1168 1154 1256; baseline -0.009 -16"><span class='ocrx_word' id='word_1_96' title='bbox 124 1176 175 1240; x_wconf 79' lang='lat'>59.</span> <span class='ocrx_word' id='word_1_97' title='bbox 201 1174 308 1237; x_wconf 87' lang='lat' dir='ltr'>liuius</span> <span class='ocrx_word' id='word_1_98' title='bbox 335 1171 518 1254; x_wconf 78' lang='lat' dir='ltr'>argumenti</span> <span class='ocrx_word' id='word_1_99' title='bbox 548 1174 598 1235; x_wconf 86' lang='lat' dir='ltr'>vis</span> <span class='ocrx_word' id='word_1_100' title='bbox 622 1172 707 1238; x_wconf 86' lang='lat' dir='ltr'>haud</span> <span class='ocrx_word' id='word_1_101' title='bbox 737 1170 894 1238; x_wconf 87' lang='lat' dir='ltr'>minuitur</span> <span class='ocrx_word' id='word_1_102' title='bbox 921 1194 961 1236; x_wconf 88' lang='lat' dir='ltr'>ex</span> <span class='ocrx_word' id='word_1_103' title='bbox 984 1193 1044 1248; x_wconf 92' lang='lat' dir='ltr'>eo,</span> <span class='ocrx_word' id='word_1_104' title='bbox 1067 1168 1154 1256; x_wconf 93' lang='lat' dir='ltr'>quod</span> 
     </span>
     <span class='ocr_line' id='line_1_14' title="bbox 82 1253 1154 1340; baseline -0.004 -22"><span class='ocrx_word' id='word_1_105' title='bbox 82 1253 258 1340; x_wconf 92' lang='lat' dir='ltr'>aliquando</span> <span class='ocrx_word' id='word_1_106' title='bbox 279 1274 394 1317; x_wconf 89' lang='lat' dir='ltr'>causae</span> <span class='ocrx_word' id='word_1_107' title='bbox 422 1253 597 1330; x_wconf 84' lang='lat' dir='ltr'>naturales,</span> <span class='ocrx_word' id='word_1_108' title='bbox 624 1266 659 1320; x_wconf 91' lang='lat' dir='ltr'>ut</span> <span class='ocrx_word' id='word_1_109' title='bbox 682 1254 842 1330; x_wconf 85' lang='lat' dir='ltr'>diximus,</span> <span class='ocrx_word' id='word_1_110' title='bbox 866 1254 906 1318; x_wconf 87' lang='lat' dir='ltr'>ab</span> <span class='ocrx_word' id='word_1_111' title='bbox 929 1254 1038 1338; x_wconf 88' lang='lat' dir='ltr'>aliqua</span> <span class='ocrx_word' id='word_1_112' title='bbox 1059 1272 1154 1316; x_wconf 84' lang='lat' dir='ltr'>causa</span> 
     </span>
     <span class='ocr_line' id='line_1_15' title="bbox 82 1332 1157 1431; baseline -0.002 -32"><span class='ocrx_word' id='word_1_113' title='bbox 82 1337 240 1402; x_wconf 78' lang='lat' dir='ltr'>exteriori</span> <span class='ocrx_word' id='word_1_114' title='bbox 266 1333 511 1417; x_wconf 88' lang='lat' dir='ltr'>impediuntur,</span> <span class='ocrx_word' id='word_1_115' title='bbox 539 1338 716 1431; x_wconf 84' lang='lat' dir='ltr'>quominus</span> <span class='ocrx_word' id='word_1_116' title='bbox 743 1336 895 1401; x_wconf 77' lang='lat' dir='ltr'>ellectum</span> <span class='ocrx_word' id='word_1_117' title='bbox 917 1356 1010 1398; x_wconf 91' lang='lat' dir='ltr'>suum</span> <span class='ocrx_word' id='word_1_118' title='bbox 1038 1332 1157 1420; x_wconf 91' lang='lat' dir='ltr'>produ-</span> 
     </span>
     <span class='ocr_line' id='line_1_16' title="bbox 82 1414 1158 1502; baseline -0.003 -21"><span class='ocrx_word' id='word_1_119' title='bbox 82 1419 196 1484; x_wconf 60' lang='lat' dir='ltr'>canti.</span> <span class='ocrx_word' id='word_1_120' title='bbox 220 1420 349 1481; x_wconf 89' lang='lat' dir='ltr'>Etenim</span> <span class='ocrx_word' id='word_1_121' title='bbox 372 1415 412 1478; x_wconf 93' lang='lat' dir='ltr'>ad</span> <span class='ocrx_word' id='word_1_122' title='bbox 436 1414 656 1481; x_wconf 75' lang='lat' dir='ltr'>inductionem</span> <span class='ocrx_word' id='word_1_123' title='bbox 678 1428 801 1502; x_wconf 90' lang='lat' dir='ltr'>spectat</span> <span class='ocrx_word' id='word_1_124' title='bbox 816 1438 879 1482; x_wconf 93' lang='lat' dir='ltr'>non</span> <span class='ocrx_word' id='word_1_125' title='bbox 901 1424 1035 1481; x_wconf 83' lang='lat' dir='ltr'>eventus</span> <span class='ocrx_word' id='word_1_126' title='bbox 1059 1416 1158 1500; x_wconf 90' lang='lat' dir='ltr'>parti-</span> 
     </span>
     <span class='ocr_line' id='line_1_17' title="bbox 82 1496 1153 1641; baseline -0.004 -79"><span class='ocrx_word' id='word_1_127' title='bbox 82 1503 230 1574; x_wconf 87' lang='lat' dir='ltr'>culares,</span> <span class='ocrx_word' id='word_1_128' title='bbox 253 1496 308 1562; x_wconf 93' lang='lat' dir='ltr'>sed</span> <span class='ocrx_word' id='word_1_129' title='bbox 328 1497 416 1641; x_wconf 73' lang='lat' dir='ltr'>lepos</span> <span class='ocrx_word' id='word_1_130' title='bbox 437 1498 635 1563; x_wconf 89' lang='lat' dir='ltr'>universales</span> <span class='ocrx_word' id='word_1_131' title='bbox 662 1511 795 1565; x_wconf 90' lang='lat' dir='ltr'>naturae</span> <span class='ocrx_word' id='word_1_132' title='bbox 816 1497 909 1563; x_wconf 90' lang='lat' dir='ltr'>uobis</span> <span class='ocrx_word' id='word_1_133' title='bbox 931 1497 1153 1571; x_wconf 82' lang='lat' dir='ltr'>manifestare,</span> 
     </span>
     <span class='ocr_line' id='line_1_18' title="bbox 82 1578 1154 1665; baseline -0.002 -20"><span class='ocrx_word' id='word_1_134' title='bbox 82 1584 162 1665; x_wconf 87' lang='lat' dir='ltr'>quia</span> <span class='ocrx_word' id='word_1_135' title='bbox 184 1581 256 1644; x_wconf 92' lang='lat' dir='ltr'>eius</span> <span class='ocrx_word' id='word_1_136' title='bbox 277 1600 356 1643; x_wconf 88' lang='lat' dir='ltr'>conc</span> <span class='ocrx_word' id='word_1_137' title='bbox 371 1579 459 1655; x_wconf 90' lang='lat' dir='ltr'>usic,</span> <span class='ocrx_word' id='word_1_138' title='bbox 475 1590 511 1644; x_wconf 90' lang='lat' dir='ltr'>ut</span> <span class='ocrx_word' id='word_1_139' title='bbox 533 1578 678 1646; x_wconf 91' lang='lat' dir='ltr'>diximus</span> <span class='ocrx_word' id='word_1_140' title='bbox 692 1585 717 1657; x_wconf 68' lang='lat'>⁶,</span> <span class='ocrx_word' id='word_1_141' title='bbox 733 1591 781 1647; x_wconf 88' lang='lat' dir='ltr'>cst</span> <span class='ocrx_word' id='word_1_142' title='bbox 802 1599 930 1665; x_wconf 91' lang='lat' dir='ltr'>semper</span> <span class='ocrx_word' id='word_1_143' title='bbox 949 1578 1154 1645; x_wconf 89' lang='lat' dir='ltr'>universalis.</span> 
     </span>
    </p>
   </div>
   <div class='ocr_carea' id='block_1_3' title="bbox 83 1660 1160 2054">
    <p class='ocr_par' dir='ltr' id='par_1_4' title="bbox 83 1660 1160 2054">
     <span class='ocr_line' id='line_1_19' title="bbox 83 1660 1158 1748; baseline -0.001 -22"><span class='ocrx_word' id='word_1_144' title='bbox 83 1664 184 1748; x_wconf 77' lang='lat' dir='ltr'>Atqui</span> <span class='ocrx_word' id='word_1_145' title='bbox 207 1682 321 1726; x_wconf 91' lang='lat' dir='ltr'>causae</span> <span class='ocrx_word' id='word_1_146' title='bbox 344 1660 508 1725; x_wconf 83' lang='lat' dir='ltr'>naturales</span> <span class='ocrx_word' id='word_1_147' title='bbox 531 1662 630 1726; x_wconf 90' lang='lat' dir='ltr'>etiarn</span> <span class='ocrx_word' id='word_1_148' title='bbox 657 1663 787 1746; x_wconf 90' lang='lat' dir='ltr'>quando</span> <span class='ocrx_word' id='word_1_149' title='bbox 810 1660 1055 1747; x_wconf 93' lang='lat' dir='ltr'>impediuntur,</span> <span class='ocrx_word' id='word_1_150' title='bbox 1100 1681 1158 1725; x_wconf 93' lang='lat' dir='ltr'>uo-</span> 
     </span>
     <span class='ocr_line' id='line_1_20' title="bbox 84 1680 1100 1829; baseline 0 -22"><span class='ocrx_word' id='word_1_151' title='bbox 84 1746 196 1807; x_wconf 89' lang='lat' dir='ltr'>minus</span> <span class='ocrx_word' id='word_1_152' title='bbox 209 1742 359 1807; x_wconf 83' lang='lat' dir='ltr'>ellectum</span> <span class='ocrx_word' id='word_1_153' title='bbox 381 1762 476 1806; x_wconf 89' lang='lat' dir='ltr'>suum</span> <span class='ocrx_word' id='word_1_154' title='bbox 491 1742 685 1826; x_wconf 86' lang='lat' dir='ltr'>producant,</span> <span class='ocrx_word' id='word_1_155' title='bbox 703 1745 821 1811; x_wconf 89' lang='lat' dir='ltr'>virtute</span> <span class='ocrx_word' id='word_1_156' title='bbox 844 1740 1043 1829; x_wconf 90' lang='lat' dir='ltr'>producendi</span> <span class='ocrx_word' id='word_1_157' title='bbox 1065 1680 1100 1807; x_wconf 91' lang='lat' dir='ltr'>ill</span> 
     </span>
     <span class='ocr_line' id='line_1_21' title="bbox 84 1821 1156 1912; baseline -0.003 -23"><span class='ocrx_word' id='word_1_158' title='bbox 84 1825 239 1891; x_wconf 76' lang='lat' dir='ltr'>enectum</span> <span class='ocrx_word' id='word_1_159' title='bbox 271 1821 356 1888; x_wconf 90' lang='lat' dir='ltr'>haud</span> <span class='ocrx_word' id='word_1_160' title='bbox 383 1821 629 1900; x_wconf 89' lang='lat' dir='ltr'>destituuntur;</span> <span class='ocrx_word' id='word_1_161' title='bbox 658 1847 695 1891; x_wconf 91' lang='lat' dir='ltr'>ac</span> <span class='ocrx_word' id='word_1_162' title='bbox 723 1824 858 1912; x_wconf 87' lang='lat' dir='ltr'>proinde</span> <span class='ocrx_word' id='word_1_163' title='bbox 885 1824 1080 1888; x_wconf 78' lang='lat' dir='ltr'>universalis</span> <span class='ocrx_word' id='word_1_164' title='bbox 1102 1824 1156 1887; x_wconf 90' lang='lat' dir='ltr'>lex</span> 
     </span>
     <span class='ocr_line' id='line_1_22' title="bbox 84 1904 1160 2054; baseline -0.003 -83"><span class='ocrx_word' id='word_1_165' title='bbox 84 1918 245 1983; x_wconf 86' lang='lat' dir='ltr'>naturae,</span> <span class='ocrx_word' id='word_1_166' title='bbox 267 1904 353 2054; x_wconf 84' lang='lat' dir='ltr'>quod</span> <span class='ocrx_word' id='word_1_167' title='bbox 375 1926 490 1989; x_wconf 85' lang='lat' dir='ltr'>nempe</span> <span class='ocrx_word' id='word_1_168' title='bbox 517 1905 678 1992; x_wconf 88' lang='lat' dir='ltr'>quaedam</span> <span class='ocrx_word' id='word_1_169' title='bbox 706 1929 802 1972; x_wconf 88' lang='lat' dir='ltr'>causa</span> <span class='ocrx_word' id='word_1_170' title='bbox 823 1906 863 1969; x_wconf 86' lang='lat' dir='ltr'>ad</span> <span class='ocrx_word' id='word_1_171' title='bbox 885 1906 1060 1989; x_wconf 91' lang='lat' dir='ltr'>quemdam</span> <span class='ocrx_word' id='word_1_172' title='bbox 1081 1904 1160 1969; x_wconf 77' lang='lat' dir='ltr'>&#39;elle-</span> 
     </span>
    </p>
   </div>
   <div class='ocr_carea' id='block_1_4' title="bbox 1102 1764 1159 1806">
    <p class='ocr_par' dir='ltr' id='par_1_5' title="bbox 1102 1764 1159 1806">
     <span class='ocr_line' id='line_1_23' title="bbox 1102 1764 1159 1806; baseline 0 0"><span class='ocrx_word' id='word_1_173' title='bbox 1102 1764 1159 1806; x_wconf 87' lang='lat' dir='ltr'>um</span> 
     </span>
    </p>
   </div>
   <div class='ocr_carea' id='block_1_5' title="bbox 86 1984 1165 2890">
    <p class='ocr_par' dir='ltr' id='par_1_6' title="bbox 86 1984 1165 2641">
     <span class='ocr_line' id='line_1_24' title="bbox 86 1984 1161 2071; baseline -0.003 -20"><span class='ocrx_word' id='word_1_174' title='bbox 86 1999 177 2053; x_wconf 91' lang='lat' dir='ltr'>ctum</span> <span class='ocrx_word' id='word_1_175' title='bbox 211 2008 269 2071; x_wconf 89' lang='lat' dir='ltr'>pro</span> <span class='ocrx_word' id='word_1_176' title='bbox 295 1984 454 2051; x_wconf 91' lang='lat' dir='ltr'>ucendum</span> <span class='ocrx_word' id='word_1_177' title='bbox 488 1988 700 2053; x_wconf 89' lang='lat' dir='ltr'>determinata</span> <span class='ocrx_word' id='word_1_178' title='bbox 726 2000 796 2065; x_wconf 88' lang='lat' dir='ltr'>est,</span> <span class='ocrx_word' id='word_1_179' title='bbox 820 1988 938 2061; x_wconf 85' lang='lat' dir='ltr'>firma,</span> <span class='ocrx_word' id='word_1_180' title='bbox 962 1988 1161 2071; x_wconf 88' lang='lat' dir='ltr'>immotaque</span> 
     </span>
     <span class='ocr_line' id='line_1_25' title="bbox 87 2068 1163 2157; baseline -0.003 -24"><span class='ocrx_word' id='word_1_181' title='bbox 87 2080 209 2136; x_wconf 87' lang='lat' dir='ltr'>manet.</span> <span class='ocrx_word' id='word_1_182' title='bbox 232 2071 271 2134; x_wconf 84' lang='lat' dir='ltr'>E.</span> <span class='ocrx_word' id='word_1_183' title='bbox 297 2090 341 2153; x_wconf 67' lang='lat' dir='ltr'>g„</span> <span class='ocrx_word' id='word_1_184' title='bbox 365 2070 424 2133; x_wconf 92' lang='lat' dir='ltr'>etsi</span> <span class='ocrx_word' id='word_1_185' title='bbox 454 2090 537 2155; x_wconf 90' lang='lat' dir='ltr'>aqua</span> <span class='ocrx_word' id='word_1_186' title='bbox 560 2068 603 2133; x_wconf 88' lang='lat' dir='ltr'>ob</span> <span class='ocrx_word' id='word_1_187' title='bbox 626 2070 793 2146; x_wconf 90' lang='lat' dir='ltr'>morbum,</span> <span class='ocrx_word' id='word_1_188' title='bbox 816 2091 879 2154; x_wconf 93' lang='lat' dir='ltr'>quo</span> <span class='ocrx_word' id='word_1_189' title='bbox 902 2089 1020 2152; x_wconf 84' lang='lat' dir='ltr'>corpus</span> <span class='ocrx_word' id='word_1_190' title='bbox 1042 2068 1163 2157; x_wconf 53' lang='lat' dir='ltr'>hydro*</span> 
     </span>
     <span class='ocr_line' id='line_1_26' title="bbox 86 2148 1157 2248; baseline -0.006 -33"><span class='ocrx_word' id='word_1_191' title='bbox 86 2152 155 2248; x_wconf 91' lang='lat' dir='ltr'>pici</span> <span class='ocrx_word' id='word_1_192' title='bbox 169 2148 306 2222; x_wconf 86' lang='lat' dir='ltr'>laborat,</span> <span class='ocrx_word' id='word_1_193' title='bbox 322 2151 392 2215; x_wconf 92' lang='lat' dir='ltr'>eius</span> <span class='ocrx_word' id='word_1_194' title='bbox 412 2150 501 2214; x_wconf 90' lang='lat' dir='ltr'>sitim</span> <span class='ocrx_word' id='word_1_195' title='bbox 525 2171 588 2214; x_wconf 94' lang='lat' dir='ltr'>non</span> <span class='ocrx_word' id='word_1_196' title='bbox 604 2153 797 2237; x_wconf 83' lang='lat' dir='ltr'>restinguat,</span> <span class='ocrx_word' id='word_1_197' title='bbox 821 2150 876 2215; x_wconf 90' lang='lat' dir='ltr'>sed</span> <span class='ocrx_word' id='word_1_198' title='bbox 897 2160 1028 2235; x_wconf 59' lang='lat' dir='ltr'>augeae</span> <span class='ocrx_word' id='word_1_199' title='bbox 1052 2159 1157 2214; x_wconf 88' lang='lat' dir='ltr'>tamon</span> 
     </span>
     <span class='ocr_line' id='line_1_27' title="bbox 88 2230 1163 2326; baseline -0.006 -28"><span class='ocrx_word' id='word_1_200' title='bbox 88 2254 162 2318; x_wconf 89' lang='lat' dir='ltr'>1psa</span> <span class='ocrx_word' id='word_1_201' title='bbox 197 2232 262 2295; x_wconf 83' lang='lat' dir='ltr'>vim</span> <span class='ocrx_word' id='word_1_202' title='bbox 285 2230 510 2326; x_wconf 73' lang='lat' dir='ltr'>restinguendi</span> <span class='ocrx_word' id='word_1_203' title='bbox 533 2234 623 2297; x_wconf 92' lang='lat' dir='ltr'>sitim</span> <span class='ocrx_word' id='word_1_204' title='bbox 646 2255 709 2298; x_wconf 92' lang='lat' dir='ltr'>non</span> <span class='ocrx_word' id='word_1_205' title='bbox 733 2234 876 2307; x_wconf 89' lang='lat' dir='ltr'>amittit,</span> <span class='ocrx_word' id='word_1_206' title='bbox 901 2234 945 2295; x_wconf 90' lang='lat' dir='ltr'>ita</span> <span class='ocrx_word' id='word_1_207' title='bbox 974 2240 1012 2295; x_wconf 92' lang='lat' dir='ltr'>ut</span> <span class='ocrx_word' id='word_1_208' title='bbox 1032 2250 1163 2317; x_wconf 89' lang='lat' dir='ltr'>semper</span> 
     </span>
     <span class='ocr_line' id='line_1_28' title="bbox 90 2312 1160 2408; baseline -0.004 -30"><span class='ocrx_word' id='word_1_209' title='bbox 90 2324 217 2379; x_wconf 85' lang='lat' dir='ltr'>certum</span> <span class='ocrx_word' id='word_1_210' title='bbox 247 2312 340 2377; x_wconf 90' lang='lat' dir='ltr'>nobis</span> <span class='ocrx_word' id='word_1_211' title='bbox 372 2322 416 2375; x_wconf 83' lang='lat' dir='ltr'>stt</span> <span class='ocrx_word' id='word_1_212' title='bbox 437 2332 556 2408; x_wconf 89' lang='lat' dir='ltr'>aquam</span> <span class='ocrx_word' id='word_1_213' title='bbox 590 2314 622 2377; x_wconf 81' lang='lat' dir='ltr'>vi</span> <span class='ocrx_word' id='word_1_214' title='bbox 651 2314 872 2399; x_wconf 79' lang='lat' dir='ltr'>restinguendi</span> <span class='ocrx_word' id='word_1_215' title='bbox 905 2314 994 2378; x_wconf 89' lang='lat' dir='ltr'>sitim</span> <span class='ocrx_word' id='word_1_216' title='bbox 1027 2313 1160 2398; x_wconf 89' lang='lat' dir='ltr'>pollere.</span> 
     </span>
     <span class='ocr_line' id='line_1_29' title="bbox 89 2392 1161 2489; baseline -0.005 -27"><span class='ocrx_word' id='word_1_217' title='bbox 89 2398 181 2479; x_wconf 82' lang='lat' dir='ltr'>Ergo</span> <span class='ocrx_word' id='word_1_218' title='bbox 203 2415 244 2457; x_wconf 88' lang='lat' dir='ltr'>ex</span> <span class='ocrx_word' id='word_1_219' title='bbox 267 2416 332 2470; x_wconf 91' lang='lat' dir='ltr'>eo,</span> <span class='ocrx_word' id='word_1_220' title='bbox 354 2392 440 2489; x_wconf 90' lang='lat' dir='ltr'>quod</span> <span class='ocrx_word' id='word_1_221' title='bbox 467 2392 737 2481; x_wconf 77' lang='lat' dir='ltr'>impedimentum</span> <span class='ocrx_word' id='word_1_222' title='bbox 766 2395 885 2461; x_wconf 88' lang='lat' dir='ltr'>actioni</span> <span class='ocrx_word' id='word_1_223' title='bbox 911 2414 1082 2458; x_wconf 85' lang='lat' dir='ltr'>causarum</span> <span class='ocrx_word' id='word_1_224' title='bbox 1107 2414 1161 2457; x_wconf 89' lang='lat' dir='ltr'>na-</span> 
     </span>
     <span class='ocr_line' id='line_1_30' title="bbox 90 2474 1165 2558; baseline -0.004 -16"><span class='ocrx_word' id='word_1_225' title='bbox 90 2477 249 2542; x_wconf 88' lang='lat' dir='ltr'>turalium</span> <span class='ocrx_word' id='word_1_226' title='bbox 271 2475 371 2540; x_wconf 75' lang='lat' dir='ltr'>obiici</span> <span class='ocrx_word' id='word_1_227' title='bbox 395 2478 515 2558; x_wconf 89' lang='lat' dir='ltr'>possit,</span> <span class='ocrx_word' id='word_1_228' title='bbox 531 2476 611 2540; x_wconf 91' lang='lat' dir='ltr'>nihil</span> <span class='ocrx_word' id='word_1_229' title='bbox 635 2490 746 2543; x_wconf 84' lang='lat' dir='ltr'>contra</span> <span class='ocrx_word' id='word_1_230' title='bbox 768 2478 940 2543; x_wconf 88' lang='lat' dir='ltr'>veritatem</span> <span class='ocrx_word' id='word_1_231' title='bbox 962 2474 1165 2541; x_wconf 90' lang='lat' dir='ltr'>enunciatio-</span> 
     </span>
     <span class='ocr_line' id='line_1_31' title="bbox 90 2554 1163 2641; baseline -0.002 -19"><span class='ocrx_word' id='word_1_232' title='bbox 90 2579 185 2635; x_wconf 88' lang='lat' dir='ltr'>nnm,</span> <span class='ocrx_word' id='word_1_233' title='bbox 231 2578 291 2620; x_wconf 92' lang='lat' dir='ltr'>uae</span> <span class='ocrx_word' id='word_1_234' title='bbox 314 2554 503 2622; x_wconf 90' lang='lat' dir='ltr'>inductione</span> <span class='ocrx_word' id='word_1_235' title='bbox 526 2570 770 2641; x_wconf 87' lang='lat' dir='ltr'>comparantur,</span> <span class='ocrx_word' id='word_1_236' title='bbox 795 2557 870 2623; x_wconf 92' lang='lat' dir='ltr'>inde</span> <span class='ocrx_word' id='word_1_237' title='bbox 892 2555 1050 2621; x_wconf 88' lang='lat' dir='ltr'>conficere</span> <span class='ocrx_word' id='word_1_238' title='bbox 1073 2556 1163 2623; x_wconf 90' lang='lat' dir='ltr'>licet.</span> 
     </span>
    </p>

    <p class='ocr_par' dir='ltr' id='par_1_7' title="bbox 90 2640 1164 2890">
     <span class='ocr_line' id='line_1_32' title="bbox 131 2640 1164 2727; baseline -0.001 -23"><span class='ocrx_word' id='word_1_239' title='bbox 131 2640 186 2704; x_wconf 85' lang='grc'>60,</span> <span class='ocrx_word' id='word_1_240' title='bbox 243 2640 390 2713; x_wconf 91' lang='lat' dir='ltr'>iximus‚</span> <span class='ocrx_word' id='word_1_241' title='bbox 413 2658 490 2723; x_wconf 82' lang='lat' dir='ltr'>quoe</span> <span class='ocrx_word' id='word_1_242' title='bbox 511 2640 712 2723; x_wconf 76' lang='lat' dir='ltr'>mfficientem</span> <span class='ocrx_word' id='word_1_243' title='bbox 736 2643 880 2727; x_wconf 85' lang='lat' dir='ltr'>partium</span> <span class='ocrx_word' id='word_1_244' title='bbox 908 2642 1164 2703; x_wconf 80' lang='lat' dir='ltr'>enumerationem</span> 
     </span>
     <span class='ocr_line' id='line_1_33' title="bbox 91 2719 1161 2807; baseline 0.002 -26"><span class='ocrx_word' id='word_1_245' title='bbox 91 2720 233 2795; x_wconf 61' lang='lat' dir='ltr'>altilem</span> <span class='ocrx_word' id='word_1_246' title='bbox 257 2740 344 2795; x_wconf 89' lang='lat' dir='ltr'>nam,</span> <span class='ocrx_word' id='word_1_247' title='bbox 368 2729 404 2785; x_wconf 91' lang='lat' dir='ltr'>ut</span> <span class='ocrx_word' id='word_1_248' title='bbox 425 2730 550 2786; x_wconf 88' lang='lat' dir='ltr'>constat</span> <span class='ocrx_word' id='word_1_249' title='bbox 572 2742 614 2785; x_wconf 91' lang='lat' dir='ltr'>ex</span> <span class='ocrx_word' id='word_1_250' title='bbox 636 2722 690 2798; x_wconf 86' lang='lat' dir='ltr'>iis,</span> <span class='ocrx_word' id='word_1_251' title='bbox 706 2744 790 2807; x_wconf 88' lang='lat' dir='ltr'>quae</span> <span class='ocrx_word' id='word_1_252' title='bbox 812 2724 844 2788; x_wconf 94' lang='lat' dir='ltr'>in</span> <span class='ocrx_word' id='word_1_253' title='bbox 869 2721 983 2805; x_wconf 79' lang='lat' dir='ltr'>Loqica</span> <span class='ocrx_word' id='word_1_254' title='bbox 1004 2719 1161 2797; x_wconf 85' lang='lat' dir='ltr'>diximus,</span> 
     </span>
     <span class='ocr_line' id='line_1_34' title="bbox 90 2799 1163 2890; baseline 0.003 -25"><span class='ocrx_word' id='word_1_255' title='bbox 90 2804 119 2865; x_wconf 92' lang='lat' dir='ltr'>si</span> <span class='ocrx_word' id='word_1_256' title='bbox 141 2799 318 2888; x_wconf 90' lang='lat' dir='ltr'>quamdam</span> <span class='ocrx_word' id='word_1_257' title='bbox 341 2801 531 2885; x_wconf 87' lang='lat' dir='ltr'>qualitatem</span> <span class='ocrx_word' id='word_1_258' title='bbox 555 2804 587 2867; x_wconf 91' lang='lat' dir='ltr'>in</span> <span class='ocrx_word' id='word_1_259' title='bbox 609 2806 739 2890; x_wconf 89' lang='lat' dir='ltr'>paucis,</span> <span class='ocrx_word' id='word_1_260' title='bbox 757 2826 819 2869; x_wconf 93' lang='lat' dir='ltr'>non</span> <span class='ocrx_word' id='word_1_261' title='bbox 843 2825 921 2868; x_wconf 86' lang='lat' dir='ltr'>vero</span> <span class='ocrx_word' id='word_1_262' title='bbox 944 2804 977 2868; x_wconf 90' lang='lat' dir='ltr'>in</span> <span class='ocrx_word' id='word_1_263' title='bbox 1000 2802 1163 2889; x_wconf 90' lang='lat' dir='ltr'>plerisque</span> 
     </span>
    </p>
   </div>
   <div class='ocr_carea' id='block_1_6' title="bbox 700 2987 810 2998">
    <p class='ocr_par' dir='ltr' id='par_1_8' title="bbox 700 2987 810 2998">
     <span class='ocr_line' id='line_1_35' title="bbox 700 2987 810 2998; baseline -0.009 -1"><span class='ocrx_word' id='word_1_264' title='bbox 700 2987 810 2998; x_wconf 54' lang='grc' dir='ltr'><em>..ᾳ--</em></span> 
     </span>
    </p>
   </div>
   <div class='ocr_carea' id='block_1_7' title="bbox 93 3064 1174 3627">
    <p class='ocr_par' dir='ltr' id='par_1_9' title="bbox 133 3064 485 3133">
     <span class='ocr_line' id='line_1_36' title="bbox 133 3064 485 3133; baseline -0.02 -12"><span class='ocrx_word' id='word_1_265' title='bbox 133 3070 182 3129; x_wconf 87' lang='lat' dir='ltr'>¹l,</span> <span class='ocrx_word' id='word_1_266' title='bbox 203 3086 231 3133; x_wconf 88' lang='lat' dir='ltr'>q.</span> <span class='ocrx_word' id='word_1_267' title='bbox 252 3065 357 3125; x_wconf 75' lang='lat' dir='ltr'>lxxv,</span> <span class='ocrx_word' id='word_1_268' title='bbox 377 3081 403 3116; x_wconf 86' lang='lat' dir='ltr'>a.</span> <span class='ocrx_word' id='word_1_269' title='bbox 423 3064 439 3115; x_wconf 73' lang='grc' dir='ltr'>Ξ</span> <span class='ocrx_word' id='word_1_270' title='bbox 460 3079 485 3116; x_wconf 92' lang='lat' dir='ltr'>c.</span> 
     </span>
    </p>

    <p class='ocr_par' dir='ltr' id='par_1_10' title="bbox 130 3132 817 3200">
     <span class='ocr_line' id='line_1_37' title="bbox 130 3132 817 3200; baseline -0.016 -6"><span class='ocrx_word' id='word_1_271' title='bbox 130 3143 244 3200; x_wconf 64' lang='lat' dir='ltr'>Uolo„</span> <span class='ocrx_word' id='word_1_272' title='bbox 265 3155 292 3190; x_wconf 84' lang='lat' dir='ltr'>a.</span> <span class='ocrx_word' id='word_1_273' title='bbox 312 3139 329 3189; x_wconf 88' lang='grc'><strong>3</strong></span> <span class='ocrx_word' id='word_1_274' title='bbox 348 3137 437 3188; x_wconf 77' lang='lat' dir='ltr'>c.-⁸</span> <span class='ocrx_word' id='word_1_275' title='bbox 458 3133 480 3193; x_wconf 89' lang='lat' dir='ltr'>l.</span> <span class='ocrx_word' id='word_1_276' title='bbox 500 3151 528 3200; x_wconf 85' lang='lat' dir='ltr'>q.</span> <span class='ocrx_word' id='word_1_277' title='bbox 548 3132 634 3194; x_wconf 82' lang='lat' dir='ltr'>llllll,</span> <span class='ocrx_word' id='word_1_278' title='bbox 655 3148 681 3183; x_wconf 87' lang='lat' dir='ltr'>e.</span> <span class='ocrx_word' id='word_1_279' title='bbox 702 3133 718 3184; x_wconf 71' lang='grc' dir='ltr'><strong>Ξ</strong></span> <span class='ocrx_word' id='word_1_280' title='bbox 737 3134 769 3183; x_wconf 84' lang='lat' dir='ltr'>ad</span> <span class='ocrx_word' id='word_1_281' title='bbox 789 3134 817 3183; x_wconf 79' lang='lat' dir='ltr'>l.</span> 
     </span>
    </p>

    <p class='ocr_par' dir='ltr' id='par_1_11' title="bbox 93 3204 1169 3416">
     <span class='ocr_line' id='line_1_38' title="bbox 129 3204 1169 3271; baseline -0.009 -8"><span class='ocrx_word' id='word_1_282' title='bbox 129 3214 143 3252; x_wconf 79' lang='lat'><strong>⁴</strong></span> <span class='ocrx_word' id='word_1_283' title='bbox 166 3234 177 3257; x_wconf 82' lang='grc' dir='ltr'>ι</span> <span class='ocrx_word' id='word_1_284' title='bbox 200 3212 318 3263; x_wconf 84' lang='lat' dir='ltr'>Pertinet</span> <span class='ocrx_word' id='word_1_285' title='bbox 337 3211 368 3259; x_wconf 86' lang='lat' dir='ltr'>ad</span> <span class='ocrx_word' id='word_1_286' title='bbox 388 3222 468 3271; x_wconf 76' lang='lat' dir='ltr'>agens</span> <span class='ocrx_word' id='word_1_287' title='bbox 488 3208 626 3263; x_wconf 74' lang='lat' dir='ltr'>naturale,</span> <span class='ocrx_word' id='word_1_288' title='bbox 648 3210 676 3254; x_wconf 91' lang='lat' dir='ltr'>ut</span> <span class='ocrx_word' id='word_1_289' title='bbox 696 3219 773 3255; x_wconf 87' lang='lat' dir='ltr'>suum</span> <span class='ocrx_word' id='word_1_290' title='bbox 793 3204 917 3254; x_wconf 85' lang='lat' dir='ltr'>ellectum</span> <span class='ocrx_word' id='word_1_291' title='bbox 939 3204 1084 3267; x_wconf 85' lang='lat' dir='ltr'>producat,</span> <span class='ocrx_word' id='word_1_292' title='bbox 1105 3204 1169 3267; x_wconf 84' lang='lat' dir='ltr'>quia</span> 
     </span>
     <span class='ocr_line' id='line_1_39' title="bbox 93 3272 1168 3341; baseline -0.011 -4"><span class='ocrx_word' id='word_1_293' title='bbox 93 3293 192 3338; x_wconf 75' lang='lat' dir='ltr'>natura</span> <span class='ocrx_word' id='word_1_294' title='bbox 212 3298 277 3340; x_wconf 89' lang='lat' dir='ltr'>uno,</span> <span class='ocrx_word' id='word_1_295' title='bbox 297 3282 437 3332; x_wconf 67' lang='lat' dir='ltr'>eteoclem</span> <span class='ocrx_word' id='word_1_296' title='bbox 458 3281 535 3328; x_wconf 88' lang='lat' dir='ltr'>modo</span> <span class='ocrx_word' id='word_1_297' title='bbox 554 3284 691 3341; x_wconf 89' lang='lat' dir='ltr'>operatur,</span> <span class='ocrx_word' id='word_1_298' title='bbox 714 3279 761 3327; x_wconf 87' lang='lat' dir='ltr'>nist</span> <span class='ocrx_word' id='word_1_299' title='bbox 783 3277 944 3341; x_wconf 79' lang='lat' dir='ltr'>impedietur</span> <span class='ocrx_word' id='word_1_300' title='bbox 960 3295 984 3335; x_wconf 75' lang='lat' dir='ltr'>’t</span> <span class='ocrx_word' id='word_1_301' title='bbox 1007 3274 1028 3333; x_wconf 89' lang='lat' dir='ltr'>l,</span> <span class='ocrx_word' id='word_1_302' title='bbox 1048 3290 1075 3339; x_wconf 92' lang='lat' dir='ltr'>q.</span> <span class='ocrx_word' id='word_1_303' title='bbox 1095 3272 1168 3335; x_wconf 75' lang='lat' dir='ltr'>xlx,</span> 
     </span>
     <span class='ocr_line' id='line_1_40' title="bbox 94 3346 1049 3416; baseline -0.014 -7"><span class='ocrx_word' id='word_1_304' title='bbox 94 3374 123 3409; x_wconf 83' lang='lat' dir='ltr'>e.</span> <span class='ocrx_word' id='word_1_305' title='bbox 144 3360 163 3408; x_wconf 76' lang='lat' dir='ltr'>t</span> <span class='ocrx_word' id='word_1_306' title='bbox 181 3372 208 3407; x_wconf 91' lang='lat' dir='ltr'>c.</span> <span class='ocrx_word' id='word_1_307' title='bbox 230 3352 265 3407; x_wconf 80' lang='lat' dir='ltr'>Gt</span> <span class='ocrx_word' id='word_1_308' title='bbox 281 3371 303 3404; x_wconf 84' lang='lat' dir='ltr'>s.</span> <span class='ocrx_word' id='word_1_309' title='bbox 325 3352 406 3416; x_wconf 75' lang='lat' dir='ltr'>llug..</span> <span class='ocrx_word' id='word_1_310' title='bbox 429 3355 467 3401; x_wconf 84' lang='lat' dir='ltr'>De</span> <span class='ocrx_word' id='word_1_311' title='bbox 486 3355 550 3403; x_wconf 85' lang='lat' dir='ltr'>Gen.</span> <span class='ocrx_word' id='word_1_312' title='bbox 572 3354 606 3400; x_wconf 80' lang='lat' dir='ltr'>cd</span> <span class='ocrx_word' id='word_1_313' title='bbox 626 3352 684 3405; x_wconf 73' lang='lat' dir='ltr'>tlte,</span> <span class='ocrx_word' id='word_1_314' title='bbox 706 3350 751 3399; x_wconf 88' lang='lat' dir='ltr'>lib.</span> <span class='ocrx_word' id='word_1_315' title='bbox 775 3346 819 3406; x_wconf 85' lang='lat' dir='ltr'>lll.</span> <span class='ocrx_word' id='word_1_316' title='bbox 840 3364 866 3398; x_wconf 88' lang='lat' dir='ltr'>e.</span> <span class='ocrx_word' id='word_1_317' title='bbox 891 3348 934 3406; x_wconf 82' lang='lat' dir='ltr'>tt,</span> <span class='ocrx_word' id='word_1_318' title='bbox 955 3363 982 3396; x_wconf 85' lang='lat' dir='ltr'>u.</span> <span class='ocrx_word' id='word_1_319' title='bbox 1003 3348 1049 3397; x_wconf 68' lang='lat'>32.</span> 
     </span>
    </p>

    <p class='ocr_par' dir='ltr' id='par_1_12' title="bbox 96 3420 1174 3627">
     <span class='ocr_line' id='line_1_41' title="bbox 131 3420 1170 3487; baseline -0.009 -8"><span class='ocrx_word' id='word_1_320' title='bbox 131 3433 144 3467; x_wconf 71' lang='lat'>³</span> <span class='ocrx_word' id='word_1_321' title='bbox 166 3427 322 3479; x_wconf 66' lang='lat' dir='ltr'>Huiusmodi</span> <span class='ocrx_word' id='word_1_322' title='bbox 344 3424 564 3487; x_wconf 88' lang='lat' dir='ltr'>lmpedlmcutum</span> <span class='ocrx_word' id='word_1_323' title='bbox 590 3422 713 3473; x_wconf 83' lang='lat' dir='ltr'>accidere</span> <span class='ocrx_word' id='word_1_324' title='bbox 740 3426 826 3483; x_wconf 80' lang='lat' dir='ltr'>potest</span> <span class='ocrx_word' id='word_1_325' title='bbox 853 3420 892 3470; x_wconf 83' lang='lat' dir='ltr'>rel</span> <span class='ocrx_word' id='word_1_326' title='bbox 920 3420 1067 3469; x_wconf 88' lang='lat' dir='ltr'>secuudum</span> <span class='ocrx_word' id='word_1_327' title='bbox 1087 3420 1170 3483; x_wconf 82' lang='lat' dir='ltr'>leges,</span> 
     </span>
     <span class='ocr_line' id='line_1_42' title="bbox 96 3491 1172 3567; baseline -0.009 -14"><span class='ocrx_word' id='word_1_328' title='bbox 96 3502 195 3567; x_wconf 81' lang='lat' dir='ltr'>quibus</span> <span class='ocrx_word' id='word_1_329' title='bbox 214 3506 325 3550; x_wconf 86' lang='lat' dir='ltr'>mutuae</span> <span class='ocrx_word' id='word_1_330' title='bbox 352 3499 472 3547; x_wconf 79' lang='lat' dir='ltr'>actiones</span> <span class='ocrx_word' id='word_1_331' title='bbox 497 3509 641 3546; x_wconf 79' lang='lat' dir='ltr'>causarum</span> <span class='ocrx_word' id='word_1_332' title='bbox 668 3491 828 3543; x_wconf 85' lang='lat' dir='ltr'>naturalium</span> <span class='ocrx_word' id='word_1_333' title='bbox 855 3496 1004 3555; x_wconf 81' lang='lat' dir='ltr'>reguntur,</span> <span class='ocrx_word' id='word_1_334' title='bbox 1024 3493 1065 3542; x_wconf 85' lang='lat' dir='ltr'>rel</span> <span class='ocrx_word' id='word_1_335' title='bbox 1085 3500 1172 3555; x_wconf 82' lang='lat' dir='ltr'>potest</span> 
     </span>
     <span class='ocr_line' id='line_1_43' title="bbox 96 3564 1174 3627; baseline -0.007 -2"><span class='ocrx_word' id='word_1_336' title='bbox 96 3576 163 3625; x_wconf 83' lang='lat' dir='ltr'>oriri</span> <span class='ocrx_word' id='word_1_337' title='bbox 184 3575 218 3623; x_wconf 84' lang='lat' dir='ltr'>ab</span> <span class='ocrx_word' id='word_1_338' title='bbox 239 3572 393 3621; x_wconf 84' lang='lat' dir='ltr'>immediata</span> <span class='ocrx_word' id='word_1_339' title='bbox 408 3566 454 3619; x_wconf 84' lang='lat' dir='ltr'>Dei</span> <span class='ocrx_word' id='word_1_340' title='bbox 468 3570 585 3627; x_wconf 73' lang='lat' dir='ltr'>actione,</span> <span class='ocrx_word' id='word_1_341' title='bbox 606 3572 634 3616; x_wconf 87' lang='lat' dir='ltr'>et</span> <span class='ocrx_word' id='word_1_342' title='bbox 653 3570 728 3624; x_wconf 90' lang='lat' dir='ltr'>tunc,</span> <span class='ocrx_word' id='word_1_343' title='bbox 749 3570 779 3614; x_wconf 87' lang='lat' dir='ltr'>ut</span> <span class='ocrx_word' id='word_1_344' title='bbox 798 3564 864 3615; x_wconf 81' lang='lat' dir='ltr'>elias</span> <span class='ocrx_word' id='word_1_345' title='bbox 884 3564 1041 3626; x_wconf 81' lang='lat' dir='ltr'>videbimus,</span> <span class='ocrx_word' id='word_1_346' title='bbox 1056 3566 1174 3622; x_wconf 81' lang='lat' dir='ltr'>existunt</span> 
     </span>
    </p>
   </div>
   <div class='ocr_carea' id='block_1_8' title="bbox 96 3636 983 3716">
    <p class='ocr_par' dir='ltr' id='par_1_13' title="bbox 96 3636 983 3716">
     <span class='ocr_line' id='line_1_44' title="bbox 96 3636 983 3716; baseline -0.01 -16"><span class='ocrx_word' id='word_1_347' title='bbox 96 3647 172 3703; x_wconf 75' lang='lat' dir='ltr'>caen</span> <span class='ocrx_word' id='word_1_348' title='bbox 190 3640 475 3716; x_wconf 67' lang='lat' dir='ltr'>superaeternum-³</span> <span class='ocrx_word' id='word_1_349' title='bbox 494 3642 571 3709; x_wconf 68' lang='lat' dir='ltr'>top„</span> <span class='ocrx_word' id='word_1_350' title='bbox 591 3642 644 3693; x_wconf 87' lang='lat' dir='ltr'>loc.</span> <span class='ocrx_word' id='word_1_351' title='bbox 666 3638 725 3703; x_wconf 73' lang='lat' dir='ltr'>cit,</span> <span class='ocrx_word' id='word_1_352' title='bbox 746 3652 772 3693; x_wconf 85' lang='lat' dir='ltr'>a.</span> <span class='ocrx_word' id='word_1_353' title='bbox 792 3636 820 3701; x_wconf 77' lang='lat'>2,</span> <span class='ocrx_word' id='word_1_354' title='bbox 840 3652 867 3707; x_wconf 87' lang='lat' dir='ltr'>p.</span> <span class='ocrx_word' id='word_1_355' title='bbox 889 3636 983 3693; x_wconf 79' lang='lat' dir='ltr'>att-to.</span> 
     </span>
    </p>
   </div>
   <div class='ocr_carea' id='block_1_9' title="bbox 0 0 1267 3909">
    <p class='ocr_par' dir='ltr' id='par_1_14' title="bbox 0 0 1267 3909">
     <span class='ocr_line' id='line_1_45' title="bbox 0 0 1267 3909; baseline 0 0"><span class='ocrx_word' id='word_1_356' title='bbox 0 0 1267 3909; x_wconf 95' lang='lat' dir='ltr'> </span> 
     </span>
    </p>
   </div>
  </div>
 </body>
</html>
