2475 3909
191 503 494 594 tornoovcno
523 504 584 589 ln
613 442 939 595 rnrtosoeunn

79 761 105 824 1.
127 710 363 845 Philosophiae
384 761 543 827 elementa
564 760 708 826 scrihere
730 763 957 848 aggredientes
979 764 1042 830 tria
1066 765 1099 828 in

42 852 147 933 primis
169 853 403 934 investigemus
422 872 553 917 neccsse
581 862 651 917 est:
681 850 714 916 1⁰
739 874 900 937 quaenam
929 853 973 920 sit
999 854 1100 924 huius

41 947 183 1011 scientiae
205 954 332 1021 natura,
355 955 471 1029 etqua
494 946 527 1010 in
549 967 585 1011 re
607 968 627 1011 a
647 946 784 1033 reliquis
797 949 944 1014 scientiis
958 947 1099 1026 differat,

39 1034 71 1098 2⁰
90 1046 167 1121 quot
188 1037 223 1100 in
246 1046 354 1122 partes
381 1035 570 1116 dividatur,
593 1037 628 1104 3⁰
656 1058 815 1123 quaenam
842 1041 886 1107 sit
910 1039 982 1105 cius
1007 1060 1101 1126 prae·

39 1129 163 1208 stantia,
182 1139 214 1196 et
235 1129 370 1195 utilitas.

74 1223 101 1285 2.
123 1220 216 1300 Quod
240 1222 356 1287 attinet
377 1222 416 1287 ad
440 1222 596 1308 primum,
611 1232 762 1287 naturam
778 1222 1001 1309 philosophiae
1023 1246 1099 1311 per-

38 1317 153 1400 spicere
176 1314 263 1379 idem
284 1325 345 1392 est,
360 1336 398 1379 ac
411 1316 483 1379 eius
499 1312 720 1380 definitionem
736 1315 874 1381 tradere.
890 1316 1100 1403 Philosophia

37 1430 73 1473 ex
93 1411 123 1475 ni
147 1409 290 1473 nominis
313 1409 451 1473 stodiam
473 1407 523 1473 vel
545 1429 682 1472 amorem
696 1410 863 1493 sapientiae
877 1408 1051 1494 significat,
1065 1407 1099 1472 id

38 1503 119 1567 enirn
135 1506 276 1567 innuunt
298 1500 352 1565 illa
376 1499 474 1565 verba
487 1512 581 1585 petae,
596 1511 630 1566 et
643 1529 732 1587 σοφια,
747 1501 923 1586 exquibus
939 1507 1063 1565 constat
1074 1498 1099 1562 ⁴.

37 1595 98 1657 lam
120 1593 248 1678 antiqui
270 1590 469 1658 definiebant
491 1592 741 1679 philosophiam,
757 1595 917 1657 scientiam
930 1610 1038 1656 rernm
1053 1589 1101 1654 di·

36 1690 192 1765 rinarnm,
214 1698 303 1772 atque
324 1687 553 1766 humanorum,
574 1708 819 1773 caesarumque,
841 1688 953 1774 quihus
975 1688 1031 1751 hcc
1049 1705 1100 1750 res

36 1781 236 1844 continenter.
255 1779 320 1863 lpsi
344 1780 433 1843 enirn
448 1778 579 1843 nomine
594 1778 820 1865 philosophiae
835 1782 984 1844 omnium
997 1780 1101 1844 scien·

37 1874 151 1937 tiarum
173 1872 436 1956 complexionem
459 1868 684 1955 designabant,
700 1872 769 1936 sive
782 1871 968 1948 universam
988 1870 1102 1935 huma·

34 1986 103 2027 nam
125 1964 344 2046 sapientiam,
372 1972 403 2029 et
429 1962 637 2049 philosophos
660 1961 866 2046 appellabant
887 1982 965 2040 cos,
987 1963 1045 2048 qui
1068 1984 1102 2029 o-

34 2055 155 2118 mnium
177 2074 289 2117 rerum
311 2053 453 2118 rationes
473 2050 610 2117 reddere
632 2050 801 2117 callebant.

69 2148 99 2214 3.
123 2148 166 2212 At
189 2167 268 2211 vero
290 2145 377 2230 apud
400 2146 598 2212 recentiores
625 2143 850 2230 philosophiae
878 2146 1011 2211 nomine
1040 2166 1102 2211 non

35 2238 179 2303 universa
202 2239 347 2321 cognitio
369 2238 522 2315 humana,
546 2235 602 2302 sed
625 2235 790 2322 peculiare
812 2237 976 2320 quoddam
1000 2259 1102 2323 genus

34 2330 224 2417 cognitionis
247 2330 431 2397 denotatur.
454 2332 585 2397 Etenim
606 2330 671 2413 ipsi
694 2328 930 2413 philosophiam
952 2352 1013 2415 pro
1035 2331 1102 2413 pri·

34 2422 237 2488 nescientia
259 2422 401 2499 hahent,
425 2422 516 2497 sive,
539 2420 627 2507 quod
651 2420 737 2485 idern
764 2430 836 2498 est,
867 2442 927 2507 pro
953 2422 1107 2499 scientia,

32 2536 111 2599 quae
134 2514 232 2580 finem
255 2514 318 2579 sihi
343 2516 530 2601 praestituit
550 2512 699 2579 tradendi
715 2533 866 2596 ea,quae
888 2514 970 2581 scitu
993 2534 1102 2577 neces-

32 2608 113 2671 saria
135 2614 224 2681 sunt,
238 2614 275 2670 ut
289 2624 380 2670 mens
401 2604 543 2670 humana
557 2603 778 2689 cognitionem
794 2602 973 2689 perfectam
988 2625 1100 2669 rerum

32 2698 63 2761 in
84 2696 226 2763 dirersis
247 2694 392 2761 scientiis
416 2704 619 2780 assequatur.
637 2694 725 2759 llaec
739 2700 848 2757 autem
870 2704 946 2761 sunt
965 2694 1101 2759 ultimae

32 2792 190 2867 rationes,
212 2810 297 2874 quae
320 2787 360 2853 ad
384 2786 616 2869 explicandum
644 2785 752 2852 valent
774 2792 842 2852 tum
865 2789 969 2874 ipsam
991 2788 1103 2874 cogni·

32 2882 163 2957 tionem,
185 2900 252 2963 qua
273 2900 363 2944 mens
387 2900 499 2945 verum
523 2879 556 2951 in
579 2879 726 2944 scientiis
746 2880 945 2964 speculatur,
962 2891 1031 2947 tum
1045 2880 1102 2946 ob-

31 2974 213 3048 iectorum,
242 2972 329 3037 circa
356 2992 441 3056 quae
469 2972 626 3037 scientiae
655 2982 838 3038 versantur.
868 2974 937 3037 lam
965 2973 1101 3039 ultimae

31 3068 173 3133 rationes
199 3076 274 3131 suut
301 3085 454 3151 suprema
483 3063 666 3151 principia,
694 3086 753 3129 seu
774 3085 914 3141 causae,
936 3062 1101 3150 siquidem

31 3175 156 3233 causac,
178 3164 340 3240 quatenus
361 3177 379 3219 a
402 3153 496 3219 nobis
516 3163 768 3239 cognoscuntur,
784 3155 924 3220 rationes
938 3155 1103 3242 appellan-

32 3254 97 3327 tur,
119 3258 157 3316 et
177 3266 293 3311 causae
315 3266 505 3333 supremae,
534 3248 657 3333 quippe
677 3268 761 3333 quae
781 3256 945 3334 postremo
967 3269 984 3312 a
1007 3247 1102 3313 nobis

60 3478 150 3535 ‘noe
169 3495 301 3534 nomena
321 3480 490 3547 Pythagora,
517 3484 563 3547 qui
586 3482 608 3536 l)
632 3484 740 3536 circiter
763 3490 825 3536 ante
849 3480 986 3536 Christum
1009 3492 1103 3537 natum

34 3566 104 3627 altit,
125 3572 266 3621 inuectum
283 3566 345 3619 tuit.
366 3568 434 3620 Ante
455 3570 530 3623 illurn
551 3571 717 3636 philosophia
737 3574 923 3638 appellabatur
947 3576 1055 3637 sophin,
1076 3580 1104 3623 et

36 3648 178 3713 ahrtewpht
198 3646 358 3699 dicehaatnr
376 3652 460 3711 sophi.

97 3737 209 3791 mnas.
222 3733 332 3791 cucur.
345 3741 484 3806 Compend.
501 3740 524 3793 l.
947 3743 957 3791 l
974 3742 986 3776 ⁸
