2475 3909
518 253 723 304 cosunnocn
1050 237 1109 307 rot

78 340 217 420 lerrum,
241 361 305 405 non
327 361 405 406 vero
426 359 555 416 aarum,
573 352 631 407 aut
651 363 686 406 ar
709 348 833 415 cuturn,
848 347 905 406 aut
918 337 1005 404 aliud
1029 342 1149 409 simile.

77 425 144 488 lam
174 422 364 492 scholastici
397 441 511 510 causas
541 361 743 488 uniuersales
774 443 884 488 rerum
906 423 1017 504 proci
1041 425 1094 498 ia,
1117 437 1150 492 ct

77 527 192 571 causas
215 503 429 592 particulares
454 505 598 568 elemento
624 504 839 590 appellarunt.
873 505 912 570 Ε.
930 524 981 588 g,
1023 507 1151 590 paropa-

75 590 180 664 or'um,
203 600 235 654 et
256 587 442 670 cappanium
465 597 539 652 sunt
549 587 714 662 elemento,
728 607 769 650 ex
783 586 903 670 quibus
916 605 1046 672 corpus,
1062 591 1149 673 quod

76 669 201 736 dicitnr
214 691 314 755 upon,
333 668 479 752 enargia
495 669 612 744 'Quam
632 678 701 732 tum
711 669 888 814 principio,
904 679 977 734 tum
992 670 1148 748 ehmento,

76 762 154 816 sunt
175 771 290 816 causae
314 751 508 814 intrinsecae
521 752 535 788 ·¹
559 770 756 835 corporum,
778 770 811 814 se
852 749 913 814 illa
930 761 1009 816 sunt
1029 773 1148 818 causae

78 832 299 908 universales,
322 832 401 896 haec
423 843 532 897 autem
555 831 778 915 particulares,
804 843 973 916 propterea
996 833 1083 917 quod
1106 857 1150 900 ex

77 915 145 979 illis
168 927 283 981 natura
305 914 452 976 omnium
467 933 644 997 corporum
658 913 841 977 communis
850 914 1077 991 constituitur,
1102 929 1148 983 at·

74 1019 140 1082 one
162 1019 203 1060 er
222 999 276 1062 -lris
293 995 353 1060 illa
379 1005 497 1060 natura
513 994 740 1079 singularibus
766 995 1021 1084 proprietatibus
1041 997 1148 1065 deter-

75 1081 198 1144 minata
221 1079 378 1164 gignitur.

115 1159 151 1223 2ο
175 1159 357 1234 Elementa,
380 1178 454 1221 cunr
472 1154 659 1222 conllentnr
681 1179 723 1222 ex
745 1159 939 1242 principiis,
963 1163 1147 1248 exquibus

73 1263 133 1306 cor
145 1263 194 1306 ms
227 1243 259 1304 in
292 1240 478 1303 uni-vorsum
512 1240 719 1305 constituitur
732 1241 758 1313 ²,
774 1249 856 1304 sunt
883 1262 1031 1325 corpora.
1054 1245 1145 1310 Unde

73 1345 100 1388 s.
126 1261 264 1388 'ihomas
278 1321 444 1386 :elementa
459 1320 632 1385 delinivit:
654 1345 672 1382 «
696 1341 845 1406 corpora,
864 1323 895 1384 in
910 1342 995 1403 qnae
1017 1327 1080 1391 alia
1095 1350 1145 1392 re·

75 1406 257 1480 solnuntur,
282 1407 352 1488 ipsa
375 1423 453 1467 vero
475 1425 537 1468 noo
557 1403 765 1467 resolvuntur
789 1404 821 1466 in
843 1403 907 1467 alia
923 1407 935 1440 ³
951 1428 980 1467 n.

115 1485 149 1553 3⁰
168 1487 254 1552 Cum
268 1485 417 1570 quaestio
431 1482 650 1570 metaphysica
664 1483 705 1548 de
719 1486 952 1551 constitutione
964 1507 1142 1572 corporum

74 1569 269 1642 instituitur,
292 1587 408 1630 causae
435 1564 634 1630 universales
655 1587 792 1640 eornm,
816 1587 878 1630 non
903 1589 979 1632 vern
998 1571 1143 1652 particu-

73 1649 159 1714 lares
179 1657 405 1734 quaeruntur,
428 1648 506 1732 quia
538 1646 653 1710 harum
687 1648 895 1792 inrestipatio
919 1649 964 1713 od
982 1652 1142 1734 speciales

72 1733 228 1796 scientias
255 1731 425 1819 physicas,
448 1749 511 1793 non
534 1747 611 1792 vero
634 1728 673 1793 ad
696 1729 958 1814 Gosmoopiarn,
985 1753 1069 1816 quae
1092 1743 1144 1798 est

73 1813 290 1899 metaplrysica
315 1813 476 1900 physicae,
499 1818 634 1896 spectat.
656 1812 728 1888 Qua
746 1809 790 1874 sle
810 1831 847 1874 re
870 1811 995 1876 theoria
1017 1815 1144 1879 Schola·

71 1897 244 1970 sticarum,
268 1913 366 1978 quarn
390 1893 569 1976 exposituri
592 1913 718 1965 sununs,
739 1912 804 1956 uon
819 1891 866 1956 ule
878 1893 1063 1973 elcmermis,
1081 1896 1145 1962 sed

72 1978 115 2042 de
140 1976 313 2062 principiis
333 1995 510 2059 corporum
527 1985 682 2041 versatur„
697 1974 860 2051 Quoniam
882 1985 992 2039 antem
1016 1979 1085 2063 ’ψει
1109 2002 1144 2044 e·

72 2061 223 2133 lementa,
245 2067 280 2122 nt
302 2055 461 2131 dirimas,
482 2064 556 2120 sunt
571 2076 726 2142 corpora,
741 2058 985 2138 haecquaestio
1005 2081 1068 2123 non
1089 2081 1144 2124 so·

73 2141 140 2204 lum
164 2160 299 2225 corpora
321 2140 447 2214 mixta,
464 2137 526 2201 sed
548 2139 648 2202 etiarn
663 2138 854 2223 :emption
871 2159 921 2202 ¹ex
934 2138 1061 2224 «quibus
1083 2142 1140 2206 illa

70 2231 325 2309 crnnponuntun,
342 2219 585 2304 complectitur.

187 2347 254 2400 Aer.
271 2347 305 2397 V.
317 2377 350 2386 —
361 2343 481 2413 systema
501 2344 876 2399 Aristotelian-scholasticum
889 2351 1036 2413 ‘exponitur

112 2457 165 2522 28.
188 2455 374 2542 Systematis
396 2453 790 2520 aristotelico-scholastici
822 2474 947 2520 summa
970 2458 1049 2522 haec
1070 2471 1140 2526 est:

69 2537 221 2621 Corpus,
245 2556 302 2600 seu
325 2536 541 2620 compositum
564 2534 712 2600 naturale
733 2535 934 2601 considerari
953 2551 1061 2623 ,potest
1090 2545 1142 2607 vel

70 2621 107 2683 r'n
125 2639 173 2693 aa,
198 2639 314 2702 nempe
339 2627 436 2703 prout
457 2616 559 2683 intelli
586 2617 653 2682 itur
669 2615 858 2682 seiunctum
884 2616 927 2681 ab
943 2641 1031 2696 esse,
1054 2625 1144 2706 quod

71 2701 107 2765 in
122 2721 233 2764 rerum
257 2711 370 2766 nutura
391 2697 505 2775 lrahet,
518 2637 722 2780 ueiirasocto
742 2720 814 2776 esse,
831 2719 949 2784 nempe
966 2715 1069 2785 prout
1081 2727 1143 2770 aare

71 2782 139 2846 iarn
163 2781 298 2876 accepit,
323 2779 374 2846 vel
396 2780 431 2844 io
450 2781 537 2864 fieri,
559 2799 675 2864 nempe
696 2792 794 2864 prout
812 2801 876 2845 ereo
898 2783 932 2846 in
952 2803 1065 2851 rerum
1088 2807 1144 2853 na·

70 2871 361 3028 tuz.airi¹iiiipus
379 2945 491 3027 primo
512 2941 611 3006 modo
633 2949 810 3027 spectetur,
833 2942 872 3008 ad
894 2945 966 3009 eins
986 2951 1142 3016 ¹constitu-

70 3027 196 3092 tionem
217 3025 339 3110 duplex
361 3022 570 3090 substantiale
592 3023 796 3109 principium
810 3046 1007 3093 concurrere
1021 3030 1142 3096 intelli-

69 3118 168 3193 gatnr
187 3117 325 3195 oportet,
341 3127 520 3191 eorumque
544 3127 646 3170 unum
668 3117 717 3172 est
730 3108 910 3190 passivum,
925 3131 968 3174 ex
988 3131 1065 3195 qno,
1081 3134 1143 3180 ceu

421 3219 787 3238 Ἣ

109 3281 117 3316 ¹
139 3283 306 3340 lntrtnraeoe,
327 3282 473 3344 inquimus,
494 3284 523 3329 ut
544 3279 603 3330 titas
622 3280 844 3345 distingueremus
862 3297 877 3333 a
896 3283 1101 3344 censeamus,
1114 3287 1143 3332 et

67 3353 156 3410 tincti,
177 3366 247 3415 qnae
267 3367 319 3404 non
338 3352 522 3416 ingrediuntur
541 3353 762 3415 compositionem
782 3356 910 3418 corporis,
925 3354 971 3404 aad
983 3357 1065 3404 extra
1083 3367 1144 3404 cor·

68 3424 224 3491 pnnquod
243 3425 403 3486 producunt,
423 3425 549 3474 existunt.

106 3494 211 3546 ²llaoo
230 3497 371 3560 princlpia,
393 3499 421 3546 ut
441 3501 531 3558 postea
551 3496 682 3556 dicemus,
701 3501 764 3548 aunt
783 3497 905 3556 materta,
922 3502 952 3548 st
969 3497 1067 3548 torma.
1084 3495 1142 3548 «ln

65 3570 111 3620 ele
128 3563 291 3635 (summan).
306 3569 393 3632 lnquit
405 3582 428 3618 r.
443 3564 567 3628 Thomas,
582 3572 623 3618 est
635 3570 793 3634 compositio
806 3571 945 3631 materias,
959 3575 986 3621 et
998 3569 1101 3624 termae
1115 3589 1139 3630 ·;

67 3643 164 3694 contr,
184 3641 270 3698 aean,
293 3642 339 3692 lib.
361 3638 406 3698 lll,
424 3654 452 3689 c.
473 3639 520 3690 23.

105 3710 119 3752 ¹
139 3714 170 3767 ln
189 3713 236 3765 tn.
258 3715 301 3768 m
318 3717 356 3768 De
376 3713 460 3774 Coelo,
481 3713 544 3764 lect.
566 3709 638 3766 Vlll.
