2475 3909
124 109 185 173 230
490 128 741 179 cnrrunmuoam

85 212 267 295 detegatur.
283 213 382 297 Atqui
400 212 433 275 in
448 214 730 279 enunciationibus
745 214 932 282 immediate
947 214 1159 282 evidentibus

84 294 401 369 disconvenientia,
425 307 482 360 aut
503 296 721 381 discrepantia
744 297 824 361 adeo
848 297 1019 363 manifesta
1041 311 1101 373 est,
1120 312 1159 367 ut

85 396 150 439 non
173 374 277 438 solum
301 378 404 473 ipsam
427 376 533 461 detegi
557 399 688 443 necesse
711 400 775 443 nou
798 380 855 455 sit,
878 378 931 443 sed
956 381 1056 445 etiam
1077 402 1159 446 con-

84 456 222 522 trarium
237 456 298 535 bis,
315 468 399 521 mter
421 479 505 542 quae
528 458 584 523 illa
606 462 845 535 convenientia,
861 470 918 525 aut
938 462 1158 548 discrepantia

86 537 294 624 perspicitur,
316 540 460 623 cogitare
483 560 579 605 nemo
600 562 757 626 umquam
780 541 882 625 possit
896 543 920 606 ¹.
945 545 1043 627 Ergo.

125 620 178 684 54.
195 619 403 685 protutura
420 643 505 708 pars.
529 622 703 699 Quaelibet
724 621 958 690 demonstratio
983 624 1160 711 principiis

86 722 146 799 per
168 722 200 765 se
222 701 430 768 evidentibus
451 705 621 781 innititur;
638 726 675 769 ac
690 704 825 788 proinde
845 707 902 789 qui
927 709 1159 772 auctoritatem

86 781 294 848 immediatae
316 785 501 852 evidentiae
529 787 749 853 demonstrare
778 786 872 862 vult,
894 788 961 850 iam
990 797 1161 873 tamquam

87 877 173 929 certa
197 886 325 931 sumere
347 867 444 932 debet
466 869 629 953 principia
655 890 764 953 perse
787 868 963 945 evidentia,
979 868 1160 953 exquibus

87 950 167 1011 haec
193 946 424 1014 demonstratio
454 949 681 1033 proficiscitur.
706 953 748 1015 At
771 951 807 1014 ui
835 948 1097 1027 demonstratio,
1123 952 1158 1014 in

88 1049 152 1113 qua
171 1047 234 1173 ppo
256 1042 343 1097 certo
366 1033 507 1097 sumitur
527 1031 583 1109 id,
605 1030 691 1115 quod
716 970 784 1096 rallt
805 1030 1044 1111 demonstrari,
1068 1032 1159 1096 nulla

88 1122 147 1175 est.
202 1130 270 1173 reo.

128 1190 180 1257 55.
205 1158 363 1257 tirotator
384 1192 418 1261 3²
442 1215 528 1278 pars.
553 1196 656 1259 Error
682 1214 786 1258 exeo
813 1194 1011 1262 inurentem
1039 1191 1159 1259 cadere

89 1284 206 1357 potest,
229 1274 317 1359 quod
343 1276 411 1359 ipsa
435 1274 599 1339 interdum
625 1276 732 1339 medio
755 1283 940 1361 opportuno
969 1277 1165 1341 nonutitur

90 1355 130 1419 ad
153 1358 200 1419 rei
223 1357 392 1422 veritatem
413 1356 676 1433 diiudicandam;
700 1356 801 1433 binc,
825 1358 953 1441 quoties
976 1378 1066 1421 mens
1089 1378 1161 1420 rem

90 1439 160 1503 sine
184 1439 252 1505 ullo
275 1439 393 1513 medio,
417 1437 469 1503 sed
495 1440 564 1534 ipsa
586 1460 646 1526 per
668 1460 700 1503 se
724 1440 907 1522 cognoscit,
924 1439 1032 1503 nullus
1053 1438 1162 1503 errori

90 1520 181 1585 locus
204 1542 271 1584 esse
294 1531 407 1604 potest.
425 1525 524 1603 Atqui
549 1521 581 1582 in
598 1520 898 1595 enunciationihus,
914 1519 954 1585 de
970 1520 1087 1605 quibus
1108 1520 1165 1583 hic

91 1603 234 1700 agimus,
256 1623 346 1666 mens
368 1602 601 1665 connexionem
627 1604 709 1666 inter
733 1603 891 1667 terminos
913 1603 983 1687 sine
1004 1602 1072 1666 ullo
1095 1620 1166 1664 me-

91 1684 148 1750 dro
167 1706 206 1748 co
231 1686 345 1750 noscit.
369 1686 457 1768 Ergo
482 1683 513 1746 iu
537 1682 724 1748 huiusmodi
745 1684 1030 1749 enunciationibus
1053 1682 1165 1747 nullus

91 1769 195 1832 errori
209 1706 309 1832 llocus
331 1786 400 1839 esse
424 1766 564 1850 potest².

384 1890 452 1945 dur.
473 1890 598 1943 ll.·-llc
619 1892 720 1942 ratione
742 1892 872 1942 inductiva

133 2004 184 2069 56.
208 2003 318 2079 Ratio,
344 2011 441 2086 prout
461 2022 502 2065 ex
524 1998 720 2065 veritatibus
743 1998 995 2083 particularibus
1020 2000 1165 2082 aliquam

94 2086 265 2150 veritatem
288 2083 472 2165 generalem
489 2102 547 2166 per
562 2082 770 2144 inductionem
786 2080 924 2163 colligit,
940 2082 1102 2145 inductiva
1116 2081 1169 2145 di·

95 2168 242 2240 citur,et
257 2165 395 2228 babetur
418 2184 475 2248 pro
497 2164 633 2227 criterio
656 2163 830 2227 veritatum
854 2161 1065 2228 deductarum
1089 2184 1167 2226 con-

96 2248 304 2332 tingentium.
321 2247 384 2309 llic
398 2256 505 2309 autem
522 2245 690 2326 loquimur
703 2242 743 2307 de
765 2242 952 2309 inductione
969 2245 1069 2309 incarn
1092 2244 1164 2319 leta,

95 2350 170 2394 nam
205 2329 427 2393 inductionem
450 2326 631 2409 completam
667 2323 761 2388 nobis
794 2325 907 2422 largiri
937 2326 1051 2390 certitu
1079 2327 1166 2390 incm

95 2411 305 2497 perspicuum
328 2431 369 2473 ex
391 2430 424 2472 se
447 2419 518 2482 est;
542 2404 704 2549 signidem
734 2416 800 2471 tota
823 2427 895 2471 etus
918 2407 966 2470 vis
990 2408 1021 2470 in
1045 2428 1085 2471 eo
1109 2427 1168 2491 po-

97 2493 156 2559 sita
179 2504 238 2568 est,
261 2502 297 2555 ut
320 2492 376 2557 toti
401 2490 510 2573 generi
535 2489 576 2552 tri
603 2500 702 2552 uatur
722 2488 755 2552 id
778 2487 866 2570 quod
894 2498 1095 2573 compertum
1118 2502 1168 2556 est

97 2573 237 2655 siugulis
263 2570 432 2655 speciebus
462 2571 519 2634 illo
542 2590 662 2654 genere
685 2570 925 2653 comprehensis
952 2572 1166 2637 conveniret

137 2652 190 2721 57.
207 2655 304 2738 Prop.
323 2653 468 2719 inductio
488 2650 688 2733 incompleta,
705 2671 782 2735 quaa
805 2651 1003 2747 sufficientem
1019 2654 1165 2738 partium

99 2740 359 2801 enumerationem
379 2734 514 2809 exbibet,
537 2732 755 2797 certitudinem
778 2732 866 2797 nobas
892 2734 1036 2817 largitur.

140 2816 310 2881 Probatur.
338 2816 485 2880 inductio
514 2814 732 2898 incompleta,
756 2833 839 2896 quae
862 2817 1073 2881 sufficientem
1097 2835 1170 2901 par-

101 2902 184 2968 tium
211 2899 488 2962 enumerationem
515 2893 669 2969 exbibet,
696 2903 731 2965 ut
752 2894 831 2959 alibi
853 2896 1037 2974 diximus⁴,
1062 2899 1094 2961 in
1117 2897 1170 2961 lir-

101 2984 214 3049 mitate
235 2979 361 3044 ordinis
384 2977 538 3041 mundani
555 2977 718 3041 inuititur.
735 2978 834 3060 Atqui
855 2979 999 3044 dubitari
1021 3000 1084 3044 non
1099 2988 1172 3065 pot-

100 3073 149 3129 est
170 3062 209 3127 de
231 3062 382 3125 firmitate
403 3058 527 3122 ordinis
551 3057 718 3121 mundani.
743 3059 842 3143 Ergo.

141 3148 193 3214 58.
210 3145 251 3210 M
251 3145 323 3209 irwr
337 3141 576 3205 demonstratur
590 3158 632 3209 cx
648 3140 715 3223 ipsa
737 3160 849 3205 rerum
862 3141 1099 3208 mundanarum
1115 3162 1170 3205 ua-

141 3382 150 3416 ἱ
170 3377 204 3429 tt
220 3394 243 3429 s,
264 3374 370 3431 Tuom..
392 3376 421 3423 ln
440 3374 486 3423 lib.
510 3375 521 3422 l
542 3374 613 3421 Post.
634 3371 754 3435 Anaua,
775 3372 840 3421 lact.
861 3366 934 3422 lllll.

139 3448 206 3501 ²Cl
224 3450 302 3500 llenr.
323 3445 454 3501 annuat„
474 3448 592 3501 Summa,
613 3457 642 3504 q.
665 3440 698 3500 ll,
718 3457 745 3491 a.
766 3443 792 3499 3,
812 3456 842 3493 ιι.
862 3442 890 3495 8.

141 3517 207 3571 scr
223 3523 297 3583 top..
318 3523 388 3582 part.
410 3516 431 3576 l,
452 3532 479 3566 c.
499 3513 548 3573 lll,
569 3528 596 3572 a,
617 3514 646 3573 6,
667 3528 695 3581 p.
715 3514 760 3569 48.

142 3595 248 3662 chop,
269 3595 321 3645 loo.
342 3592 401 3648 cit,
422 3602 450 3655 p.
470 3587 516 3647 4⁰·
