2475 3909
478 200 693 251 coenonema·
1017 185 1076 252 139

102 280 173 350 107:
198 281 287 379 Idem
315 295 542 367 argumentum
570 285 629 350 bac
653 284 716 350 alia
744 285 868 352 ratione
889 283 1037 351 exbiberi
1068 305 1126 372 po-

60 371 138 430 test:
163 366 277 432 Omnis
297 383 350 429 res
371 366 546 432 secundum
568 387 661 432 suam
684 367 833 443 formam,
856 367 925 432 sive
947 367 1124 432 secundum

62 465 154 510 suam
179 447 318 542 speeiem
342 467 438 531 agere
459 448 578 526 debet,
601 449 679 534 quia
702 447 807 514 forma
829 459 877 514 est
897 448 1124 546 principium,

61 545 104 590 ex
125 549 192 612 quo
215 539 356 594 actiones
378 531 545 608 oriuntur;
569 540 778 617 quapropter,
802 531 828 594 si
852 550 960 594 anima
982 530 1126 596 belluina

62 619 148 674 esset
171 608 275 674 forma
298 609 492 688 subsistens,
508 613 708 699 proindeque
731 611 966 688 immaterialis,
984 613 1128 677 actiones

61 693 257 787 cognitrioes
279 693 351 756 eius
383 695 469 757 circa
493 695 707 761 immateriale
740 696 862 758 versari
884 694 1049 760 deberent.
1072 696 1126 757 at·

61 791 121 854 qur
146 793 345 858 consequens
366 786 415 839 est
437 775 575 854 laisum,
597 778 674 862 quia
696 777 840 862 cognitio
862 776 1056 853 brutorum,
1077 775 1127 842 uti

66 854 279 931 ostendimus,
296 877 394 942 supra
416 859 547 922 sensilia
569 880 632 922 non
655 859 806 943 assurgit.
823 861 911 942 Ergo
933 860 1040 921 anima
1062 855 1128 920 bel-

67 933 157 1000 luina
180 959 281 1023 genus
309 938 489 1004 formarum
513 941 731 1006 materialium
756 961 819 1002 non
842 938 1126 1025 supergreditnr².

104 1018 175 1086 108.
200 1019 313 1085 Altera
336 1041 409 1106 pars
430 1043 471 1086 ex
492 1025 678 1106 cognitione
700 1022 874 1095 sensitiva,
897 1042 980 1106 qnae
1007 1019 1129 1086 bellua-

62 1119 136 1164 rum
168 1105 302 1186 propria
324 1116 397 1180 est,
421 1103 515 1170 iacile
538 1105 714 1189 colligitur.
738 1104 913 1168 Enimvero
935 1127 951 1165 a
967 1103 1048 1168 ratio
1077 1123 1131 1166 co-

65 1183 225 1276 gnitionis
252 1206 292 1248 en
314 1188 464 1272 opposito
493 1185 645 1252 sehabet
672 1186 711 1250 ad
735 1187 894 1252 rationem
922 1184 1131 1250 materialita-

64 1275 107 1327 tis
120 1265 132 1301 ⁸
147 1287 175 1328 n.
192 1267 292 1351 Atqui
315 1288 427 1332 sensus
449 1269 573 1354 speeies
587 1289 697 1333 rerum
714 1266 917 1332 sensibilium
933 1269 1047 1351 accipit
1061 1267 1131 1352 qei-

63 1344 131 1410 dem
152 1367 223 1411 eum
244 1369 351 1414 earum
366 1349 595 1414 conditionibus
609 1349 836 1425 materialibus,
858 1346 912 1412 sed
934 1358 1042 1413 tamen
1064 1350 1130 1412 sine

66 1431 235 1494 materiai.
260 1433 376 1517 Ergo,
397 1434 483 1496 sieut
514 1432 621 1496 anima
654 1431 852 1496 intellectiva
884 1450 925 1494 ex
957 1449 1022 1506 eo,
1043 1427 1130 1514 qnod

64 1512 255 1579 «abstrahit
282 1515 423 1600 speciem
452 1535 516 1578 non
544 1515 649 1579 solum
678 1513 879 1586 amatoria,
900 1510 956 1576 sed
984 1513 1083 1575 etiam
1112 1530 1130 1572 a

65 1595 294 1662 materialibus
316 1593 557 1661 conditionibus
579 1593 863 1659 individuantibus
877 1595 889 1631 ⁵
904 1617 934 1671 a,
949 1603 998 1658 est
1018 1594 1133 1656 imma·

64 1677 209 1752 terialis;
235 1680 280 1742 ita
302 1679 409 1742 anima
432 1678 597 1755 sensitiva,
612 1679 647 1741 in
669 1697 734 1774 qna
748 1699 766 1737 a
780 1685 857 1740 sunt
877 1675 1000 1761 species
1020 1693 1131 1738 rerum

65 1757 280 1836 sensibilium,
303 1760 373 1825 sine
395 1759 538 1846 propriis
561 1760 731 1836 materiis,
753 1757 807 1821 sed
829 1768 935 1823 tamen
957 1754 1132 1820 seeundum

66 1840 353 1927 singularitatem,
377 1854 408 1907 et
430 1839 634 1905 conditiones
656 1838 896 1916 individuales,
919 1859 1002 1923 quae
1024 1857 1134 1902 conse·

65 1935 212 2008 quantur
232 1925 427 1992 materiam⁸
444 1946 474 2001 n,
498 1942 562 1986 non
590 1943 659 1988 esse
687 1919 821 2007 quidem
852 1919 956 1985 forma
986 1921 1134 1984 immate-

66 2006 185 2152 rialils,
217 2005 272 2124 sed
306 2005 346 2071 ad
375 2004 683 2070 immaterialitatem
716 2005 865 2090 proxime
899 2001 1052 2067 accedere
1084 1999 1135 2063 di·

67 2107 126 2152 een
151 2098 241 2153 aest
271 2137 278 2152 .

178 2215 246 2267 aar.
269 2213 408 2282 lV.-Qna
428 2216 530 2266 ratione
550 2215 637 2263 anima
658 2214 775 2264 belluina
795 2211 961 2263 indivisibilis
980 2215 1025 2270 sit,

528 2288 677 2350 explicator

107 2400 178 2496 109.
194 2397 369 2465 Brutorum
384 2399 493 2462 anima
513 2397 650 2542 slim
667 2404 774 2480 potest
787 2395 838 2463 vel
852 2394 1021 2460 dumtaxat
1034 2404 1133 2492 prout

65 2493 116 2550 est
138 2503 171 2546 rn
194 2502 226 2546 se
248 2482 355 2566 aliqua
376 2479 493 2557 forma,
517 2501 533 2544 a
559 2488 676 2544 straete
697 2498 715 2541 a
738 2499 898 2564 corpore,
922 2475 1009 2561 quod
1032 2474 1138 2542 rnior·

105 2664 113 2700 ¹
136 2660 162 2711 ld
183 2663 235 2712 iam
254 2656 404 2712 Gennadius
423 2652 475 2720 (De
493 2659 589 2708 anm.
611 2657 788 2718 Dogmatitus,
809 2666 835 2702 e.
858 2652 901 2709 li,
924 2649 991 2714 dep.
1011 2650 1044 2700 ad
1065 2653 1133 2716 opp.

65 2752 88 2787 s.
110 2733 181 2797 Aug.
201 2737 221 2783 t.
243 2727 327 2798 Vttt)
347 2731 475 2780 decuerat
496 2729 568 2779 bisce
587 2730 692 2792 paneis:
710 2748 720 2772 ι
738 2725 828 2776 Solum
849 2723 983 2774 bominem
1003 2725 1136 2773 credimus

64 2808 165 2858 babere
179 2807 295 2856 animam
309 2805 494 2854 substantivam
503 2837 557 2859 ...,
571 2801 728 2850 animalium
741 2811 804 2848 vero
817 2797 923 2846 animae
936 2810 988 2846 non
1002 2802 1064 2846 sunt
1076 2798 1135 2855 Μῦς

65 2884 196 2932 stantieas
211 2876 296 2926 ·.-²
317 2875 337 2932 l,
350 2890 379 2939 q.
392 2870 535 2931 LXXXIV,
549 2887 576 2922 s.
591 2873 606 2922 2
622 2887 647 2922 e.

104 2951 116 2988 ⁸
137 2951 203 3002 itia.
215 2947 266 2986 -⁴
286 2947 404 2999 teta-³
423 2949 471 3010 οφ.
485 2949 585 3008 dispe..
599 2961 628 3008 q.
642 2959 690 2994 nn.
704 2945 743 2993 De
755 2943 856 2998 Anias..
870 2954 898 2986 a.
914 2940 946 2990 ta
960 2955 986 2990 e.

102 3023 115 3061 ⁶
135 3019 235 3073 Exinde
249 3021 406 3084 nempieitnr
418 3019 534 3067 animam
548 3018 694 3067 belluinam
708 3028 758 3064 non
771 3027 829 3064 csse
841 3015 1018 3067 materialem.
1028 3011 1137 3075 pannde

65 3110 99 3147 ac
120 3094 223 3146 termae
243 3107 331 3145 rernm
350 3093 456 3142 animae
474 3091 636 3153 expertium,
649 3093 730 3152 atque
743 3087 847 3136 animae
861 3084 1057 3148 vegetabilium.
1074 3080 1138 3132 Ete-

64 3170 123 3220 nim
143 3169 258 3231 eognitio
277 3167 399 3216 sensitiva
419 3163 616 3227 supergreditur
630 3175 681 3210 non
694 3160 781 3208 solnm
794 3158 961 3220 operationes
977 3169 1067 3206 rernm
1080 3157 1137 3204 vita

64 3242 230 3303 expertium,
249 3241 310 3302 quta
332 3238 381 3286 bae
400 3241 461 3285 sunt
480 3249 493 3284 a
515 3235 646 3298 principio
658 3233 818 3286 extrinseco.
833 3230 877 3278 illa
891 3234 982 3278 autem
1000 3241 1015 3277 a
1035 3229 1135 3290 pnoei-

65 3316 113 3377 pio
133 3313 286 3365 intrinsecos
306 3309 350 3360 aad
370 3307 449 3360 etiarn
470 3309 652 3371 operationem
666 3307 770 3354 animae
784 3301 947 3363 vegetabilis.
963 3297 1029 3348 Nam
1043 3313 1139 3362 opera-

65 3388 106 3437 tio
125 3385 280 3448 vegetabilis
296 3403 306 3428 ι
323 3381 353 3433 nt
367 3395 413 3444 per
426 3393 555 3444 organum
576 3390 745 3440 corporeum,
758 3380 786 3424 et
800 3376 897 3424 virtute
911 3385 1056 3433 corporeae
1069 3385 1138 3434 qua·

65 3459 152 3508 litatis
175 3473 199 3515 v,
219 3469 311 3506 vernvn
332 3454 447 3516 cognitio
466 3453 590 3502 sensitiva
609 3449 761 3512 expostulat
777 3445 885 3510 quidem
905 3445 1032 3509 quasdam
1052 3443 1140 3506 qnali-

65 3533 139 3580 tatev
157 3541 308 3590 corporeas,
330 3547 341 3573 ι
364 3539 416 3575 non
436 3529 524 3576 tamen
544 3525 579 3574 its
599 3522 670 3586 quod
690 3521 822 3570 mediante
841 3517 938 3567 virtuts
958 3518 1051 3566 talium
1071 3529 1140 3580 qua·

66 3603 178 3650 litatem
198 3604 317 3664 operatio
337 3600 441 3649 animas
460 3597 591 3648 mavibiiis
610 3593 748 3658 prosensit
762 3592 807 3640 sed
823 3590 995 3652 requiruntur
1008 3591 1093 3644 aolutn
1106 3585 1141 3640 ad

65 3673 187 3730 debitam
205 3673 404 3742 depositionem
423 3669 516 3737 ergani
537 3687 563 3732 a,
584 3667 606 3730 i,
626 3680 654 3738 q.
674 3661 818 3728 txxvut,
837 3675 865 3718 a.
888 3663 900 3716 t
922 3676 949 3716 o.
