2475 3909
489 203 690 253 cosuoaoons
1050 186 1091 253 99

63 310 81 354 ὃ

63 307 228 436 elementis
249 367 453 453 simplicibus
486 370 633 436 extensio
662 368 760 433 realis
788 390 950 456 exurgere
972 391 1035 435 non
1058 383 1131 456 pot-

62 461 118 516 est.
133 451 233 536 Atqtn
249 451 414 528 extensio,
429 460 465 518 ut
479 463 589 537 postea
610 449 830 528 ostendemus,
846 451 957 529 realis,
973 472 1037 516 non
1051 473 1129 518 vero

64 551 221 679 appprens
242 541 300 596 est.
324 533 423 618 Ergo.

170 617 309 681 atvero
331 633 370 677 ne
393 635 409 678 a
437 615 579 700 parentis
601 612 734 701 quidem
755 615 956 680 extensionis
977 615 1061 680 ratio
1076 635 1130 680 ne-

88 717 126 761 ue
151 694 329 762 secundum
357 634 586 774 Leibnitium,
615 718 718 783 nequo
747 694 926 760 secundnm
958 697 1131 762 boschovi·

63 799 81 842 c
105 779 172 842 inm
193 776 287 843 reddi
308 788 422 862 potest.
439 778 481 844 Et
499 799 575 844 sane
592 777 626 845 1⁰
640 776 818 845 secundum
833 777 1047 856 Leibnitium,
1063 799 1131 844 mo·

65 857 174 938 uades,
195 880 278 944 quae
304 858 426 924 nullam
448 862 670 926 extensionem
692 858 822 935 babent,
839 858 893 925 sed
932 871 1131 926 unctumso

65 940 228 1006 lummodo
243 951 415 1027 occupant,
432 942 477 1006 ita
492 961 561 1008 sese
582 943 784 1028 contingunt,
800 951 837 1007 ut
852 879 977 1007 nullium
991 962 1131 1006 vacnum

66 1022 151 1086 inter
165 1022 251 1109 ipsas
272 1023 471 1088 interiacent.
489 1027 588 1110 Atqui
604 1023 669 1090 duo
685 1034 816 1109 puncta,
839 1044 922 1109 quae
946 1023 990 1088 ita
1005 1044 1039 1089 se
1054 1043 1130 1089 con·

65 1102 203 1187 tingunt,
218 1116 254 1169 ut
269 1104 394 1169 nullum
410 1106 494 1170 inter
508 1126 541 1170 se
555 1125 694 1171 vacuum
710 1105 916 1172 interiectum
931 1104 1129 1191 relinquant,

64 1183 98 1246 in
113 1204 213 1251 unum
228 1184 424 1262 coalescunt,
443 1189 617 1271 omniaque
641 1185 717 1264 alia,
733 1208 816 1273 qnae
838 1186 903 1250 illis
925 1184 1052 1252 duobus
1076 1185 1132 1252 ad·

63 1261 197 1344 duntur,
214 1267 247 1333 in
269 1268 403 1333 unicum
424 1268 517 1333 illum
532 1279 688 1355 punctum
715 1268 894 1335 coalescant
917 1289 1046 1333 necesse
1067 1281 1127 1335 est.

64 1345 153 1413 Ero
184 1369 224 1413 ne
256 1350 511 1434 phoenomenica
544 1351 677 1435 quidem
709 1351 857 1416 extensio
892 1352 924 1413 in
957 1359 1128 1437 systemate

64 1367 271 1496 Labrinum
293 1432 450 1528 explicari
466 1441 583 1528 potest.
601 1432 711 1497 Minor
726 1431 884 1516 probetur
901 1430 988 1496 bunc
1010 1432 1042 1494 in
1063 1453 1131 1496 mo·

63 1506 157 1578 dum:
172 1511 405 1591 indivisibilia,
419 1512 580 1579 cursmodi
595 1522 670 1579 sunt
691 1512 845 1578 monades
860 1514 884 1591 ¹,
899 1533 967 1577 sese
982 1532 1045 1577 uon
1065 1514 1130 1578 nisi

63 1592 241 1659 secundum
264 1615 297 1660 se
318 1605 382 1662 tota
405 1607 538 1680 tangere
568 1604 725 1680 possunt,
747 1596 851 1679 quia,
881 1616 957 1660 cum
982 1597 1129 1680 expertia

62 1677 208 1820 partium
228 1677 314 1756 sint,
342 1699 405 1742 nun
429 1677 637 1744 inveniuntur
659 1680 691 1740 in
716 1677 795 1762 ipsis
815 1689 982 1751 extrema,
1005 1687 1038 1742 et
1064 1697 1132 1742 me·

87 1756 167 1821 inm.
188 1760 302 1843 Atqui,
318 1759 344 1824 si
367 1769 502 1845 tangunt
515 1779 583 1824 sese
597 1757 776 1824 secundum
798 1779 831 1823 se
854 1769 938 1834 tota,
960 1760 1130 1824 intersese

63 1851 361 1924 componetrentur,
374 1853 469 1927 atque
491 1839 577 1905 idem
592 1840 737 1927 spatium
755 1850 915 1926 occupent
929 1860 1058 1905 necesse
1070 1852 1128 1906 est.

65 1920 153 2065 Erpp
176 1921 343 2001 monades,
365 1923 392 1988 si
414 1943 483 1988 sese
505 1933 652 2020 tangant,
670 1921 705 1986 in
726 1942 829 1986 unum
850 1923 1047 1987 coalescunt.

161 2003 344 2070 Securmum
359 2003 627 2070 Boscbovicbrum
643 2013 813 2068 mextensa
824 2003 999 2087 qnamdam
1011 2002 1132 2068 distan-
1150 2057 1157 2068 .

62 2083 144 2147 tiam
160 2085 244 2150 inter
265 2108 297 2152 se
320 2096 460 2163 servant,
481 2095 513 2150 et
528 2087 573 2151 ita
591 2087 622 2149 in
638 2086 772 2149 unicum
797 2094 951 2168 punctum
974 2106 1036 2149 non
1057 2104 1131 2149 coa·

62 2163 199 2232 lescunt.
223 2169 322 2253 Atqui
347 2189 386 2233 no
406 2167 468 2233 boc
511 2166 620 2232 uidem
635 2165 730 2231 modo
745 2166 1005 2264 phoenomennm
1020 2178 1133 2231 exten-

60 2245 164 2312 sionis
186 2250 344 2335 explicari
367 2259 483 2348 potest.
529 2269 596 2334 rgo.
614 2247 727 2313 Minor
747 2260 791 2314 tta
806 2246 1057 2315 demonstratur:
1074 2247 1132 2311 Di·

61 2330 227 2408 stantiam,
250 2343 282 2397 et
303 2331 451 2397 ordinem
473 2332 558 2396 inter
581 2332 747 2395 inextensn
766 2330 1016 2396 boschovicbius
1039 2349 1132 2415 repe·

62 2411 142 2477 tivit
163 2433 204 2476 ex
227 2413 256 2477 vi
277 2411 470 2487 attrahendi,
492 2423 524 2478 et
545 2409 737 2510 repellendi,
760 2433 859 2498 quam
878 2413 911 2476 in
927 2415 976 2477 eis
989 2411 1129 2497 agnovit.

61 2491 167 2576 Atqui
196 2507 355 2580 repugnat
378 2495 410 2560 in
432 2491 545 2559 eadem
575 2490 768 2560 indivisibili
797 2493 957 2560 molecnla
984 2492 1131 2579 corporis

60 2575 207 2640 inveniri
231 2579 361 2641 unicam
384 2576 461 2650 vim,
481 2595 565 2660 quae
581 2573 676 2639 modo
699 2575 880 2650 attractrix,
903 2573 1000 2641 modo
1022 2573 1133 2721 repul·

59 2656 133 2722 trix
153 2658 206 2733 sit,
230 2660 308 2742 qnia
330 2657 492 2733 attractio,
513 2667 546 2722 et
568 2656 713 2741 repulsio
738 2667 813 2723 sunt
833 2657 920 2722 vires
941 2667 1056 2724 natura
1070 2658 1134 2723 iter

57 2739 243 2834 oppositae.
269 2739 357 2886 Erpo
372 2756 437 2802 non
453 2748 557 2824 potest
572 2739 658 2805 inter
672 2740 840 2805 inextensa
855 2738 994 2805 inveniri
1011 2737 1135 2804 distan-

59 2829 123 2884 tia.
147 2823 189 2887 At
212 2821 248 2886 ui
262 2842 304 2885 ex
340 2840 377 2885 ac
390 2819 544 2886 distantia
564 2819 808 2906 phoenomenon
827 2821 1051 2888 continuitatis
1072 2821 1134 2884 Bo-

56 2841 269 2968 scboviclsius
282 2901 364 2969 oriri
380 2902 518 2968 censuit.
531 2902 635 2987 Ergo,
648 2902 766 2968 secund
772 2925 825 2968 um
841 2916 979 2990 systema
996 2903 1134 2970 Boscho-

58 2983 177 3062 vicbii,
200 2984 472 3070 phoenomenicae
495 2982 694 3050 extensionis
713 2988 797 3052 ratio
819 2985 913 3053 reddi
928 3007 992 3051 non
1014 2993 1131 3073 potest.

453 3138 765 3156 ψ

99 3235 113 3276 ¹
132 3235 269 3300 biennales,
287 3240 342 3289 sire
361 3241 487 3298 unitates.
508 3238 654 3290 secundom
675 3235 848 3303 [iynimicas.
869 3241 904 3289 its
924 3239 1049 3290 dicontur
1068 3239 1136 3290 indi-

56 3311 192 3370 visibiles,
214 3318 242 3362 nt
261 3313 314 3363 sint
331 3317 406 3362 extra
424 3325 507 3376 genus
525 3312 694 3376 quantitatis.
709 3310 736 3361 id
748 3326 763 3361 s
777 3313 851 3363 uobis
863 3312 1016 3370 adnotatur,
1036 3315 1066 3362 nt
1084 3313 1135 3362 bn·

58 3385 180 3434 tusmodt
199 3384 357 3436 indivisibile
377 3384 410 3434 ab
429 3385 475 3436 iilo
494 3384 683 3447 distinguatur,
696 3385 777 3449 quod,
792 3388 822 3434 nt
835 3398 857 3434 s.
872 3379 987 3434 Thomas
999 3383 1047 3442 ait,
1065 3403 1076 3429 ι
1093 3389 1136 3436 est

55 3459 196 3508 terminus
213 3457 343 3514 continui,
364 3463 394 3507 nt
412 3461 526 3521 punctus
545 3458 571 3506 in
591 3457 808 3520 permsnentibus
830 3474 842 3502 ι
862 3453 903 3525 (Ι,
922 3470 950 3520 q.
972 3452 1049 3515 viti,
1069 3470 1096 3509 s.
1116 3457 1134 3509 Ξ

55 3530 96 3581 sd
111 3527 153 3598 Ξ),
172 3531 295 3596 quodque
316 3529 424 3580 «uruat
436 3531 517 3581 situm
536 3528 742 3580 determinatum
762 3530 789 3580 in
807 3529 945 3588 contiuno,
965 3529 1135 3594 ultraquam

55 3603 164 3667 porrigi
184 3615 236 3654 non
256 3605 342 3664 potest
365 3621 376 3646 ι
398 3597 499 3670 (Cosas.
521 3602 608 3659 Gens..
629 3601 674 3652 uu
696 3599 740 3660 ii,
759 3615 786 3652 o.
807 3597 873 3668 ss),
893 3606 922 3652 et
942 3619 954 3648 ι
975 3613 1029 3651 non
1048 3607 1136 3665 potest

55 3687 124 3726 esse
142 3676 169 3725 iu
187 3675 307 3739 pluribus
325 3674 444 3737 partibus
464 3673 525 3733 toci,
546 3674 587 3724 rel
607 3675 633 3724 in
652 3674 773 3738 pluribus
792 3675 858 3726 iocis
880 3693 905 3734 ις
927 3671 948 3735 l,
968 3675 1022 3726 loo.
1042 3677 1090 3726 cit.

715 3741 984 3886 saudan

104 296 281 374 parentem,
303 307 366 352 non
388 308 466 352 vero
489 288 611 354 realem
633 308 703 353 esse
725 295 879 364 statuunt,
903 285 1066 371 siquidem
1087 309 1130 355 ex
1217 365 1222 378 .
