2475 3909
140 206 200 271 108
267 189 270 197 ’
538 224 741 274 ensuonoora

97 318 253 394 cupatum
274 315 332 372 esi.
357 308 470 392 Ergo,
493 307 521 371 si
544 329 663 406 corpus
691 330 750 393 per
777 311 1018 394 generationem
1049 311 1169 389 oritur,

99 409 201 453 unum
223 388 473 474 principiorum,
496 389 680 474 exquibus
703 391 810 474 ipsum
831 392 982 470 efficitur,
1004 391 1084 458 illud
1105 402 1167 469 est,

98 469 188 554 quod
210 471 340 535 murata
363 491 380 533 a
403 470 607 538 Scholasticis
628 472 752 536 dictum
776 470 878 538 lnit¹.

139 549 175 614 2⁰
199 552 235 616 ln
259 553 467 636 generatione
500 554 648 637 corporis
682 563 812 637 praeter
837 555 1059 639 principium,
1125 553 1169 618 od

98 630 222 699 dicitur
244 636 387 708 matema,
411 632 514 709 aliud,
536 635 622 718 quod
646 633 770 700 dicitur
789 639 902 719 sermm
930 635 1087 700 admitien
1112 656 1169 700 nm

98 724 158 780 est.
183 715 224 781 Et
245 735 333 792 sane,
349 715 388 778 ad
411 715 588 782 cuiuslibet
609 718 657 782 rei
680 720 921 802 generationem
943 727 1070 801 oportet
1092 737 1169 781 con-

99 817 231 860 currere
253 795 387 883 aliquod
410 799 624 884 pripcipium,
651 820 718 895 qno
740 820 792 862 res
815 799 854 864 nd
876 811 998 864 certam
1025 801 1168 881 speciem

98 879 181 944 entis
195 877 441 957 determinatur,
458 900 523 965 quo
538 901 556 944 n
571 891 689 946 ceteris
703 880 874 967 speciebus
890 881 980 947 entis
994 877 1169 965 distingui·

100 972 174 1038 tur,
197 971 230 1025 ct
250 982 292 1025 ex
311 981 379 1045 quo
401 966 474 1026 eius
497 963 711 1046 proprietates
733 972 895 1038 emanant,
910 963 992 1036 sire,
1005 973 1044 1029 nt
1062 963 1168 1036 aiunt,

98 1043 260 1107 resultant.
293 1044 392 1190 quui
425 1043 523 1108 hoece
552 1044 753 1129 principium
784 1042 899 1120 aliud,
924 1065 962 1107 ac
989 1043 1167 1118 materiale,

99 1144 167 1188 esse
190 1123 297 1188 debet.
352 1146 404 1188 am
426 1127 577 1202 materia,
601 1126 629 1188 si
654 1127 687 1189 in
709 1146 755 1202 se,
776 1137 810 1191 et
830 1127 979 1190 seiuncta
1005 1122 1046 1187 ab
1079 1125 1169 1188 omni

100 1204 164 1270 alio
192 1206 353 1290 principio
368 1205 602 1284 consideretur,
619 1209 941 1354 nequepriocipinm
963 1227 1031 1271 esse
1054 1215 1168 1290 potest,

99 1307 165 1366 qno
188 1309 237 1352 res
258 1286 298 1352 ad
321 1299 443 1355 certam
464 1290 605 1374 speeiem
626 1291 710 1354 entis
752 1290 980 1364 etermiuatur,
995 1290 1075 1374 quia
1098 1289 1169 1372 ipsa

83 1368 296 1454 intelligitur
316 1369 415 1436 veluti
439 1391 527 1435 mera
550 1373 706 1454 potentia;
725 1392 834 1456 noque
857 1372 1080 1456 principium,
1103 1389 1169 1454 quo

100 1472 164 1515 una
187 1473 237 1514 res
259 1450 300 1515 ab
322 1451 421 1516 ultera
454 1452 633 1517 secundum
659 1454 802 1537 speciem
822 1451 1063 1536 distinguitur,
1085 1453 1167 1534 quia

100 1545 272 1618 conceptus
296 1537 450 1598 materiae
473 1532 621 1618 aliquid,
642 1534 730 1618 quod
751 1536 876 1600 coactis
898 1533 1068 1617 speciebus
1081 1552 1170 1596 oom-

101 1617 282 1700 poaitorom
297 1615 495 1680 naturalium
510 1635 682 1680 commune
696 1627 756 1692 cst,
772 1617 902 1681 denotat
915 1621 942 1693 ²3
958 1636 1065 1700 neque
1080 1614 1170 1706 prin·

100 1698 224 1782 cipium
243 1744 252 1774 ,
274 1719 316 1762 ex
336 1719 403 1782 quo
425 1698 640 1783 proprietates
667 1699 715 1762 rei
747 1709 922 1776 emanant,
939 1700 1036 1782 quia,
1061 1705 1170 1760 arente

100 1797 126 1841 s
149 1779 397 1854 Bonavcntura,
419 1803 438 1844 n
460 1788 508 1844 est
529 1781 729 1864 principium
751 1781 943 1864 passirnm³
966 1804 996 1841 n.
1019 1779 1109 1862 Ergo
1130 1776 1170 1840 ad

101 1863 342 1943 generationem
356 1863 417 1938 rei,
434 1872 561 1947 praeter
575 1863 758 1938 materiam,
771 1861 861 1926 aliud
878 1861 1081 1946 principium
1097 1878 1173 1922 eon-

100 1961 232 2009 cnrrere
254 1942 360 2019 debet,
377 1966 419 2007 ea
439 1964 505 2027 quo
527 1941 584 2006 illa
599 1944 681 2020 tria,
696 1963 782 2026 quae
805 1942 963 2019 diximus,
977 1943 1011 2006 in
1035 1959 1171 2025 corpore

101 2023 307 2090 alliciuntur:
331 2023 519 2090 huiusmodi
541 2033 649 2088 autem
674 2024 874 2109 principium
897 2023 978 2089 illud
998 2031 1060 2101 esi,
1082 2020 1173 2107 qnod

101 2107 341 2172 aScholasticis
360 2110 472 2191 formo,
488 2106 557 2170 sive
576 2115 665 2170 aetna
684 2107 833 2169 materiae
854 2106 1048 2191 appellatur.

142 2187 176 2254 3⁰
198 2190 371 2254 Generatio
403 2189 473 2252 siue
502 2187 681 2271 priuatione
712 2186 852 2270 intelligi
885 2188 1009 2272 nequit.
1039 2186 1173 2250 Etenim

102 2267 241 2353 intelligi
274 2271 408 2353 nequit,
434 2268 599 2353 quomodo
632 2268 816 2333 subiectum
862 2269 941 2335 ossit
963 2268 1005 2332 ali
1030 2264 1097 2330 uod
1117 2287 1174 2328 no·

103 2371 179 2414 vum
202 2373 263 2416 csse
286 2350 486 2436 adquirere,
510 2351 572 2414 nisi
596 2350 800 2432 intelligatur
819 2288 899 2413 idun
922 2362 992 2413 acto
1025 2349 1088 2410 iter
1109 2369 1172 2412 non

102 2431 233 2510 habere,
256 2433 317 2498 hoe
339 2445 398 2509 est,
418 2453 456 2496 eo
467 2432 609 2516 prionri;
625 2433 779 2514 quocirca
808 2432 958 2496 trnruitnr
979 2432 1014 2492 dr
1034 2449 1174 2493 conasse

102 2513 143 2575 nd
163 2535 226 2578 csse
240 2515 308 2579 sine
333 2514 514 2599 privatione
532 2512 668 2598 intelligi
688 2515 813 2597 nequit..
829 2515 929 2597 Atqui
942 2511 1174 2596 generatioest

103 2593 158 2659 ille
181 2598 335 2660 transitos
357 2595 391 2658 dc
413 2615 475 2658 nort
495 2615 555 2656 csse
577 2595 616 2656 nd
638 2615 700 2656 esse
721 2596 746 2657 ⁸.
771 2597 858 2679 Ergo
873 2593 1039 2679 generatio
1059 2611 1175 2678 corpo-

104 2677 150 2740 ris
172 2677 240 2740 sine
257 2677 439 2760 privatione
462 2673 600 2822 intelligi
625 2676 749 2759 nequit.

144 2758 194 2824 35.
219 2757 347 2822 Exinde
369 2759 467 2824 etiam
493 2757 570 2821 intel
589 2757 692 2903 igptur
716 2757 748 2819 in
771 2775 908 2841 corpore
927 2756 997 2819 iam
1019 2763 1174 2837 generato

89 2839 311 2923 ‘privationem
332 2859 396 2902 non
419 2839 571 2902 inveniri.
634 2859 686 2900 am
709 2836 767 2901 ubi
791 2858 842 2902 res
863 2837 1030 2902 transierit
1051 2833 1091 2898 de
1114 2854 1174 2896 non

104 2941 166 2986 essa
189 2918 226 2983 ad
250 2941 321 2995 erse,
338 2941 483 2985 seucum
500 2920 636 2984 materia
658 2919 826 2983 advenerit
848 2916 965 2994 iorma,
987 2915 1176 2981 excluditur

101 3003 258 3088 privatio,
273 3023 358 3085 quoe
375 3012 428 3066 est
448 3003 592 3067 carentia
614 2999 752 3075 formam
777 3012 814 3065 ut
834 2998 914 3064 dum
935 2997 1071 3063 materia
1091 2995 1174 3082 ligni

106 3085 191 3150 iacta
226 3093 275 3152 est
297 3083 405 3169 ignis,
427 3093 530 3148 cessat
562 3083 596 3148 in
618 3101 658 3146 en
681 3083 823 3168 privatio
856 3082 963 3167 iguis3
987 3098 1173 3153 sconsam,

143 3328 151 3364 ¹
173 3321 211 3377 Εἰ
226 3323 311 3390 Orig„
331 3329 371 3378 iia
389 3328 533 3390 principiis,
553 3327 600 3376 lib.
622 3322 656 3383 ll,
676 3339 702 3376 o.
723 3327 751 3376 i.

140 3397 153 3432 ²
176 3393 314 3449 «Materia
335 3399 440 3462 prima,
458 3403 540 3461 proni
558 3399 744 3448 considerator
760 3397 831 3447 noda
851 3396 885 3443 ab
902 3396 974 3445 omni
994 3395 1100 3453 forma,
1123 3408 1177 3445 non

108 3467 190 3518 hauet
209 3468 327 3532 aliquam
345 3472 525 3521 diversitatem
542 3487 566 3524 a:
581 3471 612 3519 in
624 3471 667 3519 iit.
685 3471 793 3528 isaar„
806 3467 873 3518 urst
888 3465 960 3524 Vlll,
971 3481 1002 3530 q.
1014 3466 1039 3526 i,
1053 3480 1080 3516 a.
1095 3467 1176 3518 hei.

144 3537 205 3588 ³in
223 3539 269 3586 itt.
291 3542 405 3598 ism„
426 3540 493 3590 liiii.
513 3538 586 3597 lllll,
607 3555 634 3602 p.
655 3541 683 3597 2,
704 3555 731 3590 a.
753 3539 774 3599 l,
793 3555 821 3604 q.
843 3539 858 3589 3
878 3541 956 3589 reroi.
1195 3543 1198 3547 '

144 3603 155 3640 ⁴
176 3624 189 3649 ιι
206 3603 356 3668 Generatio,
377 3613 463 3674 lnquit
482 3625 504 3660 a.
525 3609 660 3671 Thomas,
677 3618 721 3663 est
741 3613 927 3664 transmutatio
945 3612 978 3662 de
998 3610 1179 3664 neaeman

110 3689 168 3732 esso
191 3693 216 3736 η
238 3680 285 3745 Qq.
307 3682 405 3747 dirpp„
425 3697 452 3747 q.
475 3696 519 3735 un.
541 3685 578 3736 Dc
597 3685 643 3752 Sp.
663 3699 715 3747 or.,
734 3699 760 3738 a.
781 3685 798 3737 3
818 3699 844 3736 e.
