<?xml version="1.0" encoding="UTF-8"?>
<!DOCTYPE html PUBLIC "-//W3C//DTD XHTML 1.0 Transitional//EN"
    "http://www.w3.org/TR/xhtml1/DTD/xhtml1-transitional.dtd">
<html xmlns="http://www.w3.org/1999/xhtml" xml:lang="en" lang="en">
 <head>
  <title>
</title>
<meta http-equiv="Content-Type" content="text/html;charset=utf-8" />
  <meta name='ocr-system' content='tesseract 3.04.00' />
  <meta name='ocr-capabilities' content='ocr_page ocr_carea ocr_par ocr_line ocrx_word'/>
</head>
<body>
  <div class='ocr_page' id='page_1' title='image "./philosophiachri00sansgoog_0029.png"; bbox 0 0 2475 3909; ppageno 0'>
   <div class='ocr_carea' id='block_1_1' title="bbox 484 192 1082 267">
    <p class='ocr_par' dir='ltr' id='par_1_1' title="bbox 484 192 1082 267">
     <span class='ocr_line' id='line_1_1' title="bbox 484 192 1082 267; baseline 0 -2"><span class='ocrx_word' id='word_1_1' title='bbox 484 216 566 267; x_wconf 78' lang='lat' dir='ltr'><strong>rans</strong></span> <span class='ocrx_word' id='word_1_2' title='bbox 587 213 693 266; x_wconf 71' lang='lat' dir='ltr'><strong>entus</strong></span> <span class='ocrx_word' id='word_1_3' title='bbox 1043 192 1082 265; x_wconf 82' lang='lat'><strong>13</strong></span> 
     </span>
    </p>
   </div>
   <div class='ocr_carea' id='block_1_2' title="bbox 198 346 982 415">
    <p class='ocr_par' dir='ltr' id='par_1_2' title="bbox 198 346 982 415">
     <span class='ocr_line' id='line_1_2' title="bbox 198 346 982 415; baseline -0.001 -16"><span class='ocrx_word' id='word_1_4' title='bbox 198 346 267 401; x_wconf 76' lang='lat' dir='ltr'><strong>Aer.</strong></span> <span class='ocrx_word' id='word_1_5' title='bbox 289 346 335 400; x_wconf 91' lang='lat' dir='ltr'><strong>lll.</strong></span> <span class='ocrx_word' id='word_1_6' title='bbox 347 376 381 387; x_wconf 89' lang='lat'>-</span> <span class='ocrx_word' id='word_1_7' title='bbox 393 347 428 400; x_wconf 81' lang='lat' dir='ltr'><strong>lle</strong></span> <span class='ocrx_word' id='word_1_8' title='bbox 447 364 576 415; x_wconf 73' lang='lat' dir='ltr'><strong>generum</strong></span> <span class='ocrx_word' id='word_1_9' title='bbox 595 355 624 401; x_wconf 88' lang='lat' dir='ltr'><strong>et</strong></span> <span class='ocrx_word' id='word_1_10' title='bbox 641 351 793 413; x_wconf 78' lang='lat' dir='ltr'><strong>specterum</strong></span> <span class='ocrx_word' id='word_1_11' title='bbox 812 347 982 398; x_wconf 78' lang='lat' dir='ltr'><strong>distinctione</strong></span> 
     </span>
    </p>
   </div>
   <div class='ocr_carea' id='block_1_3' title="bbox 54 446 1227 3302">
    <p class='ocr_par' dir='ltr' id='par_1_3' title="bbox 54 446 1223 2401">
     <span class='ocr_line' id='line_1_3' title="bbox 96 446 1223 534; baseline 0 -21"><span class='ocrx_word' id='word_1_12' title='bbox 96 446 145 515; x_wconf 82' lang='lat'><strong>17.</strong></span> <span class='ocrx_word' id='word_1_13' title='bbox 171 448 397 527; x_wconf 76' lang='lat' dir='ltr'><strong>Differentiae,</strong></span> <span class='ocrx_word' id='word_1_14' title='bbox 412 460 450 516; x_wconf 89' lang='lat' dir='ltr'><strong>ut</strong></span> <span class='ocrx_word' id='word_1_15' title='bbox 464 448 621 527; x_wconf 81' lang='lat' dir='ltr'><strong>diximus,</strong></span> <span class='ocrx_word' id='word_1_16' title='bbox 646 448 864 514; x_wconf 79' lang='lat' dir='ltr'><strong>determinant</strong></span> <span class='ocrx_word' id='word_1_17' title='bbox 887 468 998 534; x_wconf 89' lang='lat' dir='ltr'><strong>genus.</strong></span> <span class='ocrx_word' id='word_1_18' title='bbox 1022 446 1122 525; x_wconf 80' lang='lat' dir='ltr'><strong>Hinc,</strong></span> <span class='ocrx_word' id='word_1_19' title='bbox 1217 510 1223 520; x_wconf 82' lang='grc'><em>,</em></span> 
     </span>
     <span class='ocr_line' id='line_1_4' title="bbox 58 528 1123 623; baseline 0.002 -32"><span class='ocrx_word' id='word_1_20' title='bbox 58 538 153 623; x_wconf 90' lang='lat' dir='ltr'><strong>prout</strong></span> <span class='ocrx_word' id='word_1_21' title='bbox 174 530 296 615; x_wconf 91' lang='lat' dir='ltr'><strong>plures,</strong></span> <span class='ocrx_word' id='word_1_22' title='bbox 319 532 368 595; x_wconf 86' lang='lat' dir='ltr'><strong>rel</strong></span> <span class='ocrx_word' id='word_1_23' title='bbox 392 531 560 616; x_wconf 85' lang='lat' dir='ltr'><strong>pauciores</strong></span> <span class='ocrx_word' id='word_1_24' title='bbox 584 530 790 596; x_wconf 77' lang='lat' dir='ltr'><strong>differentiae</strong></span> <span class='ocrx_word' id='word_1_25' title='bbox 812 528 977 593; x_wconf 89' lang='lat' dir='ltr'><strong>adduntur</strong></span> <span class='ocrx_word' id='word_1_26' title='bbox 998 530 1123 613; x_wconf 80' lang='lat' dir='ltr'><strong>generi,</strong></span> 
     </span>
     <span class='ocr_line' id='line_1_5' title="bbox 55 608 1122 697; baseline 0.001 -24"><span class='ocrx_word' id='word_1_27' title='bbox 55 630 161 694; x_wconf 78' lang='lat' dir='ltr'><strong>ipsum</strong></span> <span class='ocrx_word' id='word_1_28' title='bbox 185 612 311 697; x_wconf 87' lang='lat' dir='ltr'><strong>magis,</strong></span> <span class='ocrx_word' id='word_1_29' title='bbox 334 611 384 677; x_wconf 87' lang='lat' dir='ltr'><strong>vel</strong></span> <span class='ocrx_word' id='word_1_30' title='bbox 407 613 517 676; x_wconf 89' lang='lat' dir='ltr'><strong>minus</strong></span> <span class='ocrx_word' id='word_1_31' title='bbox 539 610 787 679; x_wconf 76' lang='lat' dir='ltr'><strong>determinatur.</strong></span> <span class='ocrx_word' id='word_1_32' title='bbox 810 608 916 685; x_wconf 86' lang='lat' dir='ltr'><strong>Puta,</strong></span> <span class='ocrx_word' id='word_1_33' title='bbox 940 612 966 674; x_wconf 91' lang='lat' dir='ltr'><strong>si</strong></span> <span class='ocrx_word' id='word_1_34' title='bbox 989 611 1122 693; x_wconf 79' lang='lat' dir='ltr'><strong>generi,</strong></span> 
     </span>
     <span class='ocr_line' id='line_1_6' title="bbox 56 688 1126 778; baseline 0 -25"><span class='ocrx_word' id='word_1_35' title='bbox 56 688 243 770; x_wconf 81' lang='lat' dir='ltr'><strong>substantio,</strong></span> <span class='ocrx_word' id='word_1_36' title='bbox 266 691 354 778; x_wconf 91' lang='lat' dir='ltr'><strong>quod</strong></span> <span class='ocrx_word' id='word_1_37' title='bbox 376 692 565 759; x_wconf 78' lang='lat' dir='ltr'><strong>indifferens</strong></span> <span class='ocrx_word' id='word_1_38' title='bbox 580 692 680 760; x_wconf 89' lang='lat' dir='ltr'><strong>estad</strong></span> <span class='ocrx_word' id='word_1_39' title='bbox 698 690 909 758; x_wconf 82' lang='lat' dir='ltr'><strong>substantiam</strong></span> <span class='ocrx_word' id='word_1_40' title='bbox 923 692 991 755; x_wconf 89' lang='lat' dir='ltr'><strong>sire</strong></span> <span class='ocrx_word' id='word_1_41' title='bbox 1011 710 1126 775; x_wconf 70' lang='lat' dir='ltr'><strong>corpo=</strong></span> 
     </span>
     <span class='ocr_line' id='line_1_7' title="bbox 54 771 1200 860; baseline 0.003 -26"><span class='ocrx_word' id='word_1_42' title='bbox 54 792 155 849; x_wconf 88' lang='lat' dir='ltr'><strong>ream,</strong></span> <span class='ocrx_word' id='word_1_43' title='bbox 179 774 248 839; x_wconf 83' lang='lat' dir='ltr'><strong>sire</strong></span> <span class='ocrx_word' id='word_1_44' title='bbox 263 774 490 859; x_wconf 86' lang='lat' dir='ltr'><strong>incorpoream</strong></span> <span class='ocrx_word' id='word_1_45' title='bbox 507 772 764 860; x_wconf 87' lang='lat' dir='ltr'><strong>significandam,</strong></span> <span class='ocrx_word' id='word_1_46' title='bbox 777 772 962 837; x_wconf 88' lang='lat' dir='ltr'><strong>dillerentia</strong></span> <span class='ocrx_word' id='word_1_47' title='bbox 981 771 1126 855; x_wconf 78' lang='lat' dir='ltr'><strong>corporis</strong></span> <span class='ocrx_word' id='word_1_48' title='bbox 1195 802 1200 809; x_wconf 83' lang='grc'><em>·</em></span> 
     </span>
     <span class='ocr_line' id='line_1_8' title="bbox 54 851 1121 941; baseline -0.001 -26"><span class='ocrx_word' id='word_1_49' title='bbox 54 851 204 929; x_wconf 84' lang='lat' dir='ltr'><strong>addatur,</strong></span> <span class='ocrx_word' id='word_1_50' title='bbox 218 855 326 940; x_wconf 90' lang='lat' dir='ltr'><strong>ipsum</strong></span> <span class='ocrx_word' id='word_1_51' title='bbox 348 866 533 921; x_wconf 89' lang='lat' dir='ltr'><strong>coarctatur</strong></span> <span class='ocrx_word' id='word_1_52' title='bbox 561 855 602 921; x_wconf 93' lang='lat' dir='ltr'><strong>ad</strong></span> <span class='ocrx_word' id='word_1_53' title='bbox 617 876 718 941; x_wconf 89' lang='lat' dir='ltr'><strong>genus</strong></span> <span class='ocrx_word' id='word_1_54' title='bbox 739 854 928 918; x_wconf 79' lang='lat' dir='ltr'><strong>substantioe</strong></span> <span class='ocrx_word' id='word_1_55' title='bbox 950 871 1121 937; x_wconf 80' lang='lat' dir='ltr'><strong>corporeae.</strong></span> 
     </span>
     <span class='ocr_line' id='line_1_9' title="bbox 55 933 1126 1023; baseline 0.001 -28"><span class='ocrx_word' id='word_1_56' title='bbox 55 933 229 1000; x_wconf 85' lang='lat' dir='ltr'><strong>Praeterea</strong></span> <span class='ocrx_word' id='word_1_57' title='bbox 254 958 354 1021; x_wconf 87' lang='lat' dir='ltr'><strong>genus</strong></span> <span class='ocrx_word' id='word_1_58' title='bbox 381 937 580 1003; x_wconf 88' lang='lat' dir='ltr'><strong>substantiae</strong></span> <span class='ocrx_word' id='word_1_59' title='bbox 608 956 783 1023; x_wconf 87' lang='lat' dir='ltr'><strong>corporeae</strong></span> <span class='ocrx_word' id='word_1_60' title='bbox 814 934 1023 1019; x_wconf 86' lang='lat' dir='ltr'><strong>amplectitur</strong></span> <span class='ocrx_word' id='word_1_61' title='bbox 1054 944 1126 999; x_wconf 91' lang='lat' dir='ltr'><strong>tum</strong></span> 
     </span>
     <span class='ocr_line' id='line_1_10' title="bbox 55 1012 1127 1101; baseline -0.002 -24"><span class='ocrx_word' id='word_1_62' title='bbox 55 1034 194 1101; x_wconf 91' lang='lat' dir='ltr'><strong>corpora</strong></span> <span class='ocrx_word' id='word_1_63' title='bbox 213 1017 446 1093; x_wconf 78' lang='lat' dir='ltr'><strong>virentia,tum</strong></span> <span class='ocrx_word' id='word_1_64' title='bbox 462 1039 518 1084; x_wconf 92' lang='lat' dir='ltr'><strong>cor</strong></span> <span class='ocrx_word' id='word_1_65' title='bbox 542 1038 598 1083; x_wconf 88' lang='lat' dir='ltr'><strong>ora</strong></span> <span class='ocrx_word' id='word_1_66' title='bbox 613 1040 678 1083; x_wconf 96' lang='lat' dir='ltr'><strong>non</strong></span> <span class='ocrx_word' id='word_1_67' title='bbox 692 1016 849 1092; x_wconf 54' lang='lat' dir='ltr'><strong>virentia</strong></span> <span class='ocrx_word' id='word_1_68' title='bbox 860 1025 893 1079; x_wconf 90' lang='lat' dir='ltr'><strong>at</strong></span> <span class='ocrx_word' id='word_1_69' title='bbox 904 1015 932 1079; x_wconf 89' lang='lat' dir='ltr'><strong>st</strong></span> <span class='ocrx_word' id='word_1_70' title='bbox 943 1012 1127 1078; x_wconf 82' lang='lat' dir='ltr'><strong>dilierentia</strong></span> 
     </span>
     <span class='ocr_line' id='line_1_11' title="bbox 57 1096 1124 1184; baseline 0 -28"><span class='ocrx_word' id='word_1_71' title='bbox 57 1097 189 1159; x_wconf 74' lang='lat' dir='ltr'><strong>visentis</strong></span> <span class='ocrx_word' id='word_1_72' title='bbox 209 1098 274 1181; x_wconf 92' lang='lat' dir='ltr'><strong>ipsi</strong></span> <span class='ocrx_word' id='word_1_73' title='bbox 297 1096 458 1177; x_wconf 83' lang='lat' dir='ltr'><strong>addatur,</strong></span> <span class='ocrx_word' id='word_1_74' title='bbox 480 1124 497 1166; x_wconf 91' lang='lat' dir='ltr'><strong>e</strong></span> <span class='ocrx_word' id='word_1_75' title='bbox 533 1101 621 1165; x_wconf 91' lang='lat' dir='ltr'><strong>citur</strong></span> <span class='ocrx_word' id='word_1_76' title='bbox 643 1119 744 1184; x_wconf 88' lang='lat' dir='ltr'><strong>genus</strong></span> <span class='ocrx_word' id='word_1_77' title='bbox 769 1096 959 1159; x_wconf 79' lang='lat' dir='ltr'><strong>substantioe</strong></span> <span class='ocrx_word' id='word_1_78' title='bbox 980 1096 1124 1160; x_wconf 76' lang='lat' dir='ltr'><strong>vicentio.</strong></span> 
     </span>
     <span class='ocr_line' id='line_1_12' title="bbox 56 1176 1128 1266; baseline -0.001 -27"><span class='ocrx_word' id='word_1_79' title='bbox 56 1176 136 1241; x_wconf 86' lang='lat' dir='ltr'><strong>ltem</strong></span> <span class='ocrx_word' id='word_1_80' title='bbox 161 1176 344 1246; x_wconf 88' lang='lat' dir='ltr'><strong>substantia</strong></span> <span class='ocrx_word' id='word_1_81' title='bbox 359 1182 480 1258; x_wconf 86' lang='lat' dir='ltr'><strong>virens,</strong></span> <span class='ocrx_word' id='word_1_82' title='bbox 496 1201 578 1266; x_wconf 88' lang='lat' dir='ltr'><strong>quae</strong></span> <span class='ocrx_word' id='word_1_83' title='bbox 594 1178 800 1264; x_wconf 84' lang='lat' dir='ltr'><strong>amplectitur</strong></span> <span class='ocrx_word' id='word_1_84' title='bbox 814 1186 882 1241; x_wconf 88' lang='lat' dir='ltr'><strong>tum</strong></span> <span class='ocrx_word' id='word_1_85' title='bbox 896 1178 1038 1241; x_wconf 76' lang='lat' dir='ltr'><strong>viventia</strong></span> <span class='ocrx_word' id='word_1_86' title='bbox 1057 1196 1128 1240; x_wconf 81' lang='lat' dir='ltr'><strong>sen·</strong></span> 
     </span>
     <span class='ocr_line' id='line_1_13' title="bbox 57 1258 1126 1344; baseline -0.001 -24"><span class='ocrx_word' id='word_1_87' title='bbox 57 1278 92 1321; x_wconf 91' lang='lat' dir='ltr'><strong>su</strong></span> <span class='ocrx_word' id='word_1_88' title='bbox 113 1258 277 1344; x_wconf 89' lang='lat' dir='ltr'><strong>praedita,</strong></span> <span class='ocrx_word' id='word_1_89' title='bbox 299 1282 374 1326; x_wconf 91' lang='lat' dir='ltr'><strong>nem</strong></span> <span class='ocrx_word' id='word_1_90' title='bbox 399 1284 416 1327; x_wconf 88' lang='lat' dir='ltr'><strong>e</strong></span> <span class='ocrx_word' id='word_1_91' title='bbox 439 1262 606 1339; x_wconf 90' lang='lat' dir='ltr'><strong>animalia,</strong></span> <span class='ocrx_word' id='word_1_92' title='bbox 632 1271 702 1325; x_wconf 90' lang='lat' dir='ltr'><strong>tum</strong></span> <span class='ocrx_word' id='word_1_93' title='bbox 724 1281 820 1325; x_wconf 86' lang='lat' dir='ltr'><strong>sensu</strong></span> <span class='ocrx_word' id='word_1_94' title='bbox 839 1259 994 1335; x_wconf 87' lang='lat' dir='ltr'><strong>carentia,</strong></span> <span class='ocrx_word' id='word_1_95' title='bbox 1010 1278 1084 1323; x_wconf 90' lang='lat' dir='ltr'><strong>nem</strong></span> <span class='ocrx_word' id='word_1_96' title='bbox 1108 1275 1126 1319; x_wconf 89' lang='lat' dir='ltr'><strong>e</strong></span> 
     </span>
     <span class='ocr_line' id='line_1_14' title="bbox 58 1282 1129 1487; baseline -0.001 -85"><span class='ocrx_word' id='word_1_97' title='bbox 58 1338 276 1425; x_wconf 78' lang='lat' dir='ltr'><strong>vegetabilia,</strong></span> <span class='ocrx_word' id='word_1_98' title='bbox 296 1361 358 1487; x_wconf 67' lang='lat' dir='ltr'><strong>Ber</strong></span> <span class='ocrx_word' id='word_1_99' title='bbox 377 1282 594 1408; x_wconf 72' lang='lat' dir='ltr'><strong>differentiam</strong></span> <span class='ocrx_word' id='word_1_100' title='bbox 615 1363 721 1407; x_wconf 78' lang='lat' dir='ltr'><strong>scaeua</strong></span> <span class='ocrx_word' id='word_1_101' title='bbox 747 1340 786 1406; x_wconf 91' lang='lat' dir='ltr'><strong>ad</strong></span> <span class='ocrx_word' id='word_1_102' title='bbox 812 1361 913 1425; x_wconf 86' lang='lat' dir='ltr'><strong>genus</strong></span> <span class='ocrx_word' id='word_1_103' title='bbox 935 1339 1052 1403; x_wconf 83' lang='lat' dir='ltr'><strong>caimol</strong></span> <span class='ocrx_word' id='word_1_104' title='bbox 1094 1357 1129 1401; x_wconf 74' lang='lat' dir='ltr'><strong>e·</strong></span> 
     </span>
     <span class='ocr_line' id='line_1_15' title="bbox 58 1417 1129 1510; baseline -0.003 -25"><span class='ocrx_word' id='word_1_105' title='bbox 58 1422 265 1487; x_wconf 88' lang='lat' dir='ltr'><strong>terminatur.</strong></span> <span class='ocrx_word' id='word_1_106' title='bbox 327 1426 444 1510; x_wconf 87' lang='lat' dir='ltr'><strong>eniqne</strong></span> <span class='ocrx_word' id='word_1_107' title='bbox 467 1444 569 1510; x_wconf 89' lang='lat' dir='ltr'><strong>genus</strong></span> <span class='ocrx_word' id='word_1_108' title='bbox 589 1423 710 1487; x_wconf 80' lang='lat' dir='ltr'><strong>animal</strong></span> <span class='ocrx_word' id='word_1_109' title='bbox 725 1471 733 1501; x_wconf 91' lang='lat'><strong>,</strong></span> <span class='ocrx_word' id='word_1_110' title='bbox 764 1424 797 1487; x_wconf 93' lang='lat' dir='ltr'><strong>in</strong></span> <span class='ocrx_word' id='word_1_111' title='bbox 826 1441 892 1506; x_wconf 86' lang='lat' dir='ltr'><strong>quo</strong></span> <span class='ocrx_word' id='word_1_112' title='bbox 919 1426 1044 1506; x_wconf 89' lang='lat' dir='ltr'><strong>speeies</strong></span> <span class='ocrx_word' id='word_1_113' title='bbox 1071 1417 1129 1482; x_wconf 79' lang='lat' dir='ltr'><strong>bo-</strong></span> 
     </span>
     <span class='ocr_line' id='line_1_16' title="bbox 59 1502 1127 1590; baseline -0.005 -23"><span class='ocrx_word' id='word_1_114' title='bbox 59 1502 180 1579; x_wconf 87' lang='lat' dir='ltr'><strong>minis,</strong></span> <span class='ocrx_word' id='word_1_115' title='bbox 208 1514 242 1567; x_wconf 91' lang='lat' dir='ltr'><strong>et</strong></span> <span class='ocrx_word' id='word_1_116' title='bbox 261 1504 388 1570; x_wconf 82' lang='lat' dir='ltr'><strong>belluae</strong></span> <span class='ocrx_word' id='word_1_117' title='bbox 414 1505 645 1582; x_wconf 88' lang='lat' dir='ltr'><strong>continentur,</strong></span> <span class='ocrx_word' id='word_1_118' title='bbox 671 1525 729 1590; x_wconf 91' lang='lat' dir='ltr'><strong>per</strong></span> <span class='ocrx_word' id='word_1_119' title='bbox 757 1503 972 1569; x_wconf 85' lang='lat' dir='ltr'><strong>dillerentiam</strong></span> <span class='ocrx_word' id='word_1_120' title='bbox 993 1502 1127 1565; x_wconf 79' lang='lat' dir='ltr'><strong>rationis</strong></span> 
     </span>
     <span class='ocr_line' id='line_1_17' title="bbox 59 1580 1128 1672; baseline -0.003 -25"><span class='ocrx_word' id='word_1_121' title='bbox 59 1585 197 1669; x_wconf 87' lang='lat' dir='ltr'><strong>speciem</strong></span> <span class='ocrx_word' id='word_1_122' title='bbox 216 1585 354 1649; x_wconf 82' lang='lat' dir='ltr'><strong>domi-nis</strong></span> <span class='ocrx_word' id='word_1_123' title='bbox 376 1586 544 1652; x_wconf 82' lang='lat' dir='ltr'><strong>dumtaxat</strong></span> <span class='ocrx_word' id='word_1_124' title='bbox 567 1594 799 1672; x_wconf 87' lang='lat' dir='ltr'><strong>repraesentat.</strong></span> <span class='ocrx_word' id='word_1_125' title='bbox 816 1583 943 1651; x_wconf 80' lang='lat' dir='ltr'><strong>Exinde</strong></span> <span class='ocrx_word' id='word_1_126' title='bbox 957 1584 1065 1648; x_wconf 90' lang='lat' dir='ltr'><strong>oritur</strong></span> <span class='ocrx_word' id='word_1_127' title='bbox 1078 1580 1128 1645; x_wconf 60' lang='lat' dir='ltr'><strong>diu</strong></span> 
     </span>
     <span class='ocr_line' id='line_1_18' title="bbox 59 1664 1125 1754; baseline 0.001 -27"><span class='ocrx_word' id='word_1_128' title='bbox 59 1667 185 1731; x_wconf 86' lang='lat' dir='ltr'><strong>stinctio</strong></span> <span class='ocrx_word' id='word_1_129' title='bbox 228 1686 384 1744; x_wconf 79' lang='lat' dir='ltr'><strong>onerum,</strong></span> <span class='ocrx_word' id='word_1_130' title='bbox 407 1680 439 1735; x_wconf 93' lang='lat' dir='ltr'><strong>et</strong></span> <span class='ocrx_word' id='word_1_131' title='bbox 461 1670 642 1754; x_wconf 89' lang='lat' dir='ltr'><strong>specierum</strong></span> <span class='ocrx_word' id='word_1_132' title='bbox 666 1670 699 1732; x_wconf 92' lang='lat' dir='ltr'><strong>in</strong></span> <span class='ocrx_word' id='word_1_133' title='bbox 721 1688 875 1751; x_wconf 80' lang='lat' dir='ltr'><strong>supremo,</strong></span> <span class='ocrx_word' id='word_1_134' title='bbox 891 1664 1005 1742; x_wconf 84' lang='lat' dir='ltr'><strong>medio,</strong></span> <span class='ocrx_word' id='word_1_135' title='bbox 1028 1674 1125 1749; x_wconf 84' lang='lat' dir='ltr'><strong>atque</strong></span> 
     </span>
     <span class='ocr_line' id='line_1_19' title="bbox 60 1747 1203 1834; baseline 0.001 -25"><span class='ocrx_word' id='word_1_136' title='bbox 60 1748 177 1831; x_wconf 73' lang='lat' dir='ltr'><strong>infimo.</strong></span> <span class='ocrx_word' id='word_1_137' title='bbox 252 1770 312 1812; x_wconf 86' lang='lat' dir='ltr'><strong>uus</strong></span> <span class='ocrx_word' id='word_1_138' title='bbox 333 1769 514 1833; x_wconf 81' lang='lat' dir='ltr'><strong>supremum</strong></span> <span class='ocrx_word' id='word_1_139' title='bbox 530 1762 579 1815; x_wconf 89' lang='lat' dir='ltr'><strong>est</strong></span> <span class='ocrx_word' id='word_1_140' title='bbox 599 1748 693 1825; x_wconf 88' lang='lat' dir='ltr'><strong>illud,</strong></span> <span class='ocrx_word' id='word_1_141' title='bbox 709 1750 797 1834; x_wconf 87' lang='lat' dir='ltr'><strong>quod</strong></span> <span class='ocrx_word' id='word_1_142' title='bbox 819 1747 971 1814; x_wconf 89' lang='lat' dir='ltr'><strong>omnihus</strong></span> <span class='ocrx_word' id='word_1_143' title='bbox 985 1756 1124 1831; x_wconf 86' lang='lat' dir='ltr'><strong>praeest,</strong></span> <span class='ocrx_word' id='word_1_144' title='bbox 1198 1763 1203 1772; x_wconf 78' lang='grc'><em>“</em></span> 
     </span>
     <span class='ocr_line' id='line_1_20' title="bbox 59 1826 1123 1915; baseline -0.001 -24"><span class='ocrx_word' id='word_1_145' title='bbox 59 1842 89 1894; x_wconf 84' lang='lat' dir='ltr'><strong>st</strong></span> <span class='ocrx_word' id='word_1_146' title='bbox 113 1828 195 1893; x_wconf 92' lang='lat' dir='ltr'><strong>nulli</strong></span> <span class='ocrx_word' id='word_1_147' title='bbox 218 1830 274 1893; x_wconf 90' lang='lat' dir='ltr'><strong>alii</strong></span> <span class='ocrx_word' id='word_1_148' title='bbox 306 1832 416 1915; x_wconf 81' lang='lat' dir='ltr'><strong>generi</strong></span> <span class='ocrx_word' id='word_1_149' title='bbox 444 1831 629 1896; x_wconf 88' lang='lat' dir='ltr'><strong>subiicitur.</strong></span> <span class='ocrx_word' id='word_1_150' title='bbox 659 1832 786 1897; x_wconf 86' lang='lat' dir='ltr'><strong>Genera</strong></span> <span class='ocrx_word' id='word_1_151' title='bbox 818 1826 920 1893; x_wconf 84' lang='lat' dir='ltr'><strong>medic</strong></span> <span class='ocrx_word' id='word_1_152' title='bbox 951 1838 1026 1892; x_wconf 91' lang='lat' dir='ltr'><strong>sunt</strong></span> <span class='ocrx_word' id='word_1_153' title='bbox 1056 1826 1123 1902; x_wconf 88' lang='lat' dir='ltr'><strong>illa,</strong></span> 
     </span>
     <span class='ocr_line' id='line_1_21' title="bbox 60 1907 1127 1997; baseline -0.002 -22"><span class='ocrx_word' id='word_1_154' title='bbox 60 1930 140 1993; x_wconf 83' lang='lat' dir='ltr'><strong>quae</strong></span> <span class='ocrx_word' id='word_1_155' title='bbox 160 1907 384 1976; x_wconf 90' lang='lat' dir='ltr'><strong>subiiciuntur</strong></span> <span class='ocrx_word' id='word_1_156' title='bbox 405 1913 581 1997; x_wconf 84' lang='lat' dir='ltr'><strong>superiori,</strong></span> <span class='ocrx_word' id='word_1_157' title='bbox 604 1920 636 1976; x_wconf 90' lang='lat' dir='ltr'><strong>et</strong></span> <span class='ocrx_word' id='word_1_158' title='bbox 657 1912 754 1975; x_wconf 90' lang='lat' dir='ltr'><strong>simul</strong></span> <span class='ocrx_word' id='word_1_159' title='bbox 777 1919 930 1996; x_wconf 87' lang='lat' dir='ltr'><strong>praesunt</strong></span> <span class='ocrx_word' id='word_1_160' title='bbox 958 1908 1127 1973; x_wconf 81' lang='lat' dir='ltr'><strong>interiori·</strong></span> 
     </span>
     <span class='ocr_line' id='line_1_22' title="bbox 59 1989 1125 2078; baseline -0.002 -23"><span class='ocrx_word' id='word_1_161' title='bbox 59 1991 127 2056; x_wconf 89' lang='lat' dir='ltr'><strong>bus.</strong></span> <span class='ocrx_word' id='word_1_162' title='bbox 144 1990 293 2078; x_wconf 86' lang='lat' dir='ltr'><strong>Denique</strong></span> <span class='ocrx_word' id='word_1_163' title='bbox 314 2013 415 2077; x_wconf 89' lang='lat' dir='ltr'><strong>genus</strong></span> <span class='ocrx_word' id='word_1_164' title='bbox 432 1994 575 2078; x_wconf 78' lang='lat' dir='ltr'><strong>infimum</strong></span> <span class='ocrx_word' id='word_1_165' title='bbox 598 2003 647 2057; x_wconf 87' lang='lat' dir='ltr'><strong>est</strong></span> <span class='ocrx_word' id='word_1_166' title='bbox 669 1990 761 2067; x_wconf 90' lang='lat' dir='ltr'><strong>illud,</strong></span> <span class='ocrx_word' id='word_1_167' title='bbox 783 1990 870 2076; x_wconf 86' lang='lat' dir='ltr'><strong>quod</strong></span> <span class='ocrx_word' id='word_1_168' title='bbox 893 1989 973 2054; x_wconf 94' lang='lat' dir='ltr'><strong>nulli</strong></span> <span class='ocrx_word' id='word_1_169' title='bbox 998 1992 1125 2075; x_wconf 79' lang='lat' dir='ltr'><strong>generi,</strong></span> 
     </span>
     <span class='ocr_line' id='line_1_23' title="bbox 60 2071 1129 2160; baseline -0.002 -23"><span class='ocrx_word' id='word_1_170' title='bbox 60 2074 110 2137; x_wconf 85' lang='lat' dir='ltr'><strong>sed</strong></span> <span class='ocrx_word' id='word_1_171' title='bbox 133 2072 211 2138; x_wconf 88' lang='lat' dir='ltr'><strong>solis</strong></span> <span class='ocrx_word' id='word_1_172' title='bbox 232 2074 403 2156; x_wconf 85' lang='lat' dir='ltr'><strong>speciebus</strong></span> <span class='ocrx_word' id='word_1_173' title='bbox 423 2084 561 2160; x_wconf 89' lang='lat' dir='ltr'><strong>praeest.</strong></span> <span class='ocrx_word' id='word_1_174' title='bbox 583 2072 631 2141; x_wconf 87' lang='lat' dir='ltr'><strong>lta</strong></span> <span class='ocrx_word' id='word_1_175' title='bbox 648 2075 680 2137; x_wconf 92' lang='lat' dir='ltr'><strong>in</strong></span> <span class='ocrx_word' id='word_1_176' title='bbox 696 2073 792 2137; x_wconf 84' lang='lat' dir='ltr'><strong>allato</strong></span> <span class='ocrx_word' id='word_1_177' title='bbox 814 2071 964 2156; x_wconf 85' lang='lat' dir='ltr'><strong>exemplo</strong></span> <span class='ocrx_word' id='word_1_178' title='bbox 988 2071 1129 2135; x_wconf 67' lang='lat' dir='ltr'><strong>sudsere»</strong></span> 
     </span>
     <span class='ocr_line' id='line_1_24' title="bbox 61 2151 1125 2241; baseline -0.002 -23"><span class='ocrx_word' id='word_1_179' title='bbox 61 2158 103 2219; x_wconf 82' lang='lat' dir='ltr'><strong>tic</strong></span> <span class='ocrx_word' id='word_1_180' title='bbox 117 2164 165 2220; x_wconf 87' lang='lat' dir='ltr'><strong>est</strong></span> <span class='ocrx_word' id='word_1_181' title='bbox 192 2176 293 2241; x_wconf 89' lang='lat' dir='ltr'><strong>genus</strong></span> <span class='ocrx_word' id='word_1_182' title='bbox 313 2174 514 2241; x_wconf 88' lang='lat' dir='ltr'><strong>supremum;</strong></span> <span class='ocrx_word' id='word_1_183' title='bbox 537 2155 656 2219; x_wconf 82' lang='lat' dir='ltr'><strong>animal</strong></span> <span class='ocrx_word' id='word_1_184' title='bbox 675 2175 752 2219; x_wconf 77' lang='lat' dir='ltr'><strong>vero</strong></span> <span class='ocrx_word' id='word_1_185' title='bbox 773 2165 821 2221; x_wconf 89' lang='lat' dir='ltr'><strong>est</strong></span> <span class='ocrx_word' id='word_1_186' title='bbox 842 2174 944 2239; x_wconf 87' lang='lat' dir='ltr'><strong>genus</strong></span> <span class='ocrx_word' id='word_1_187' title='bbox 963 2151 1125 2230; x_wconf 67' lang='lat' dir='ltr'><strong>infimum</strong></span> 
     </span>
     <span class='ocr_line' id='line_1_25' title="bbox 60 2233 1124 2321; baseline -0.001 -22"><span class='ocrx_word' id='word_1_188' title='bbox 60 2238 199 2321; x_wconf 89' lang='lat' dir='ltr'><strong>denique</strong></span> <span class='ocrx_word' id='word_1_189' title='bbox 221 2258 356 2321; x_wconf 80' lang='lat' dir='ltr'><strong>corpus,</strong></span> <span class='ocrx_word' id='word_1_190' title='bbox 378 2246 411 2302; x_wconf 94' lang='lat' dir='ltr'><strong>et</strong></span> <span class='ocrx_word' id='word_1_191' title='bbox 432 2238 538 2300; x_wconf 82' lang='lat' dir='ltr'><strong>vicens</strong></span> <span class='ocrx_word' id='word_1_192' title='bbox 561 2246 634 2301; x_wconf 87' lang='lat' dir='ltr'><strong>sunt</strong></span> <span class='ocrx_word' id='word_1_193' title='bbox 662 2257 781 2320; x_wconf 84' lang='lat' dir='ltr'><strong>genera</strong></span> <span class='ocrx_word' id='word_1_194' title='bbox 805 2233 1022 2310; x_wconf 87' lang='lat' dir='ltr'><strong>intermedia,</strong></span> <span class='ocrx_word' id='word_1_195' title='bbox 1045 2236 1124 2320; x_wconf 88' lang='lat' dir='ltr'><strong>quia</strong></span> 
     </span>
     <span class='ocr_line' id='line_1_26' title="bbox 60 2316 828 2401; baseline 0.003 -20"><span class='ocrx_word' id='word_1_196' title='bbox 60 2321 144 2383; x_wconf 89' lang='lat' dir='ltr'><strong>inter</strong></span> <span class='ocrx_word' id='word_1_197' title='bbox 165 2337 366 2401; x_wconf 87' lang='lat' dir='ltr'><strong>supremum,</strong></span> <span class='ocrx_word' id='word_1_198' title='bbox 389 2328 422 2383; x_wconf 93' lang='lat' dir='ltr'><strong>et</strong></span> <span class='ocrx_word' id='word_1_199' title='bbox 442 2316 591 2382; x_wconf 88' lang='lat' dir='ltr'><strong>infimum</strong></span> <span class='ocrx_word' id='word_1_200' title='bbox 612 2317 828 2385; x_wconf 89' lang='lat' dir='ltr'><strong>intercedunt.</strong></span> 
     </span>
    </p>

    <p class='ocr_par' dir='ltr' id='par_1_4' title="bbox 59 2394 1227 3052">
     <span class='ocr_line' id='line_1_27' title="bbox 98 2394 1126 2485; baseline -0.003 -22"><span class='ocrx_word' id='word_1_201' title='bbox 98 2400 148 2467; x_wconf 88' lang='grc'><strong>18.</strong></span> <span class='ocrx_word' id='word_1_202' title='bbox 172 2398 282 2465; x_wconf 87' lang='lat' dir='ltr'><strong>Genus</strong></span> <span class='ocrx_word' id='word_1_203' title='bbox 309 2420 497 2485; x_wconf 89' lang='lat' dir='ltr'><strong>supremum</strong></span> <span class='ocrx_word' id='word_1_204' title='bbox 528 2419 707 2482; x_wconf 90' lang='lat' dir='ltr'><strong>numquam</strong></span> <span class='ocrx_word' id='word_1_205' title='bbox 730 2401 868 2466; x_wconf 85' lang='lat' dir='ltr'><strong>efficitur</strong></span> <span class='ocrx_word' id='word_1_206' title='bbox 889 2397 1026 2482; x_wconf 88' lang='lat' dir='ltr'><strong>species,</strong></span> <span class='ocrx_word' id='word_1_207' title='bbox 1049 2394 1126 2480; x_wconf 84' lang='lat' dir='ltr'><strong>quia</strong></span> 
     </span>
     <span class='ocr_line' id='line_1_28' title="bbox 60 2479 1128 2565; baseline -0.002 -21"><span class='ocrx_word' id='word_1_208' title='bbox 60 2480 140 2545; x_wconf 88' lang='lat' dir='ltr'><strong>nulli</strong></span> <span class='ocrx_word' id='word_1_209' title='bbox 160 2481 358 2557; x_wconf 89' lang='lat' dir='ltr'><strong>subiicitur;</strong></span> <span class='ocrx_word' id='word_1_210' title='bbox 380 2480 433 2546; x_wconf 91' lang='lat' dir='ltr'><strong>sed</strong></span> <span class='ocrx_word' id='word_1_211' title='bbox 457 2500 557 2565; x_wconf 84' lang='lat' dir='ltr'><strong>genus</strong></span> <span class='ocrx_word' id='word_1_212' title='bbox 584 2479 742 2558; x_wconf 92' lang='lat' dir='ltr'><strong>medinm,</strong></span> <span class='ocrx_word' id='word_1_213' title='bbox 765 2492 797 2547; x_wconf 92' lang='lat' dir='ltr'><strong>et</strong></span> <span class='ocrx_word' id='word_1_214' title='bbox 818 2480 966 2546; x_wconf 85' lang='lat' dir='ltr'><strong>infimum</strong></span> <span class='ocrx_word' id='word_1_215' title='bbox 988 2487 1063 2542; x_wconf 89' lang='lat' dir='ltr'><strong>suut</strong></span> <span class='ocrx_word' id='word_1_216' title='bbox 1084 2479 1128 2542; x_wconf 88' lang='lat' dir='ltr'><strong>si-</strong></span> 
     </span>
     <span class='ocr_line' id='line_1_29' title="bbox 59 2559 1126 2648; baseline -0.004 -21"><span class='ocrx_word' id='word_1_217' title='bbox 59 2562 125 2627; x_wconf 92' lang='lat' dir='ltr'><strong>mul</strong></span> <span class='ocrx_word' id='word_1_218' title='bbox 148 2582 259 2647; x_wconf 86' lang='lat' dir='ltr'><strong>genus,</strong></span> <span class='ocrx_word' id='word_1_219' title='bbox 282 2564 307 2625; x_wconf 92' lang='lat' dir='ltr'><strong>si</strong></span> <span class='ocrx_word' id='word_1_220' title='bbox 331 2570 562 2648; x_wconf 89' lang='lat' dir='ltr'><strong>comparentur</strong></span> <span class='ocrx_word' id='word_1_221' title='bbox 582 2580 657 2623; x_wconf 88' lang='lat' dir='ltr'><strong>cum</strong></span> <span class='ocrx_word' id='word_1_222' title='bbox 680 2563 850 2648; x_wconf 84' lang='lat' dir='ltr'><strong>speciebus</strong></span> <span class='ocrx_word' id='word_1_223' title='bbox 872 2559 935 2625; x_wconf 87' lang='lat' dir='ltr'><strong>sibi</strong></span> <span class='ocrx_word' id='word_1_224' title='bbox 956 2559 1126 2638; x_wconf 91' lang='lat' dir='ltr'><strong>subiectis,</strong></span> 
     </span>
     <span class='ocr_line' id='line_1_30' title="bbox 59 2643 1128 2730; baseline -0.003 -23"><span class='ocrx_word' id='word_1_225' title='bbox 59 2657 91 2709; x_wconf 86' lang='lat' dir='ltr'><strong>et</strong></span> <span class='ocrx_word' id='word_1_226' title='bbox 109 2643 247 2730; x_wconf 82' lang='lat' dir='ltr'><strong>species,</strong></span> <span class='ocrx_word' id='word_1_227' title='bbox 271 2644 298 2707; x_wconf 91' lang='lat' dir='ltr'><strong>si</strong></span> <span class='ocrx_word' id='word_1_228' title='bbox 321 2643 359 2707; x_wconf 89' lang='lat' dir='ltr'><strong>ad</strong></span> <span class='ocrx_word' id='word_1_229' title='bbox 384 2664 485 2729; x_wconf 88' lang='lat' dir='ltr'><strong>genus</strong></span> <span class='ocrx_word' id='word_1_230' title='bbox 504 2643 658 2728; x_wconf 90' lang='lat' dir='ltr'><strong>superius</strong></span> <span class='ocrx_word' id='word_1_231' title='bbox 678 2643 875 2709; x_wconf 83' lang='lat' dir='ltr'><strong>reserantur.</strong></span> <span class='ocrx_word' id='word_1_232' title='bbox 896 2643 935 2706; x_wconf 85' lang='lat' dir='ltr'><strong>E.</strong></span> <span class='ocrx_word' id='word_1_233' title='bbox 953 2661 998 2725; x_wconf 89' lang='lat' dir='ltr'><strong>g.,</strong></span> <span class='ocrx_word' id='word_1_234' title='bbox 1013 2660 1128 2726; x_wconf 83' lang='lat' dir='ltr'><strong>corpur</strong></span> 
     </span>
     <span class='ocr_line' id='line_1_31' title="bbox 60 2724 1227 2811; baseline -0.005 -20"><span class='ocrx_word' id='word_1_235' title='bbox 60 2736 206 2811; x_wconf 82' lang='lat' dir='ltr'><strong>respectu</strong></span> <span class='ocrx_word' id='word_1_236' title='bbox 228 2725 418 2791; x_wconf 81' lang='lat' dir='ltr'><strong>substantiae</strong></span> <span class='ocrx_word' id='word_1_237' title='bbox 439 2735 487 2789; x_wconf 90' lang='lat' dir='ltr'><strong>est</strong></span> <span class='ocrx_word' id='word_1_238' title='bbox 509 2724 655 2808; x_wconf 88' lang='lat' dir='ltr'><strong>species,</strong></span> <span class='ocrx_word' id='word_1_239' title='bbox 677 2736 710 2791; x_wconf 92' lang='lat' dir='ltr'><strong>et</strong></span> <span class='ocrx_word' id='word_1_240' title='bbox 736 2734 886 2811; x_wconf 87' lang='lat' dir='ltr'><strong>respectu</strong></span> <span class='ocrx_word' id='word_1_241' title='bbox 915 2724 1049 2787; x_wconf 75' lang='lat' dir='ltr'><strong>uirentia</strong></span> <span class='ocrx_word' id='word_1_242' title='bbox 1078 2732 1128 2787; x_wconf 85' lang='lat' dir='ltr'><strong>est</strong></span> <span class='ocrx_word' id='word_1_243' title='bbox 1223 2736 1227 2746; x_wconf 83' lang='grc'><em>’</em></span> 
     </span>
     <span class='ocr_line' id='line_1_32' title="bbox 61 2803 1129 2891; baseline -0.004 -20"><span class='ocrx_word' id='word_1_244' title='bbox 61 2828 172 2891; x_wconf 86' lang='lat' dir='ltr'><strong>genus,</strong></span> <span class='ocrx_word' id='word_1_245' title='bbox 194 2807 270 2891; x_wconf 90' lang='lat' dir='ltr'><strong>quia</strong></span> <span class='ocrx_word' id='word_1_246' title='bbox 292 2826 410 2891; x_wconf 90' lang='lat' dir='ltr'><strong>corpus</strong></span> <span class='ocrx_word' id='word_1_247' title='bbox 431 2816 627 2891; x_wconf 88' lang='lat' dir='ltr'><strong>potestesse</strong></span> <span class='ocrx_word' id='word_1_248' title='bbox 648 2808 771 2884; x_wconf 85' lang='lat' dir='ltr'><strong>vivens,</strong></span> <span class='ocrx_word' id='word_1_249' title='bbox 795 2818 935 2871; x_wconf 90' lang='lat' dir='ltr'><strong>autnon</strong></span> <span class='ocrx_word' id='word_1_250' title='bbox 958 2806 1082 2870; x_wconf 85' lang='lat' dir='ltr'><strong>virens.</strong></span> <span class='ocrx_word' id='word_1_251' title='bbox 1098 2803 1129 2867; x_wconf 89' lang='lat' dir='ltr'><strong>l·</strong></span> 
     </span>
     <span class='ocr_line' id='line_1_33' title="bbox 60 2886 1125 2975; baseline -0.005 -20"><span class='ocrx_word' id='word_1_252' title='bbox 60 2903 121 2955; x_wconf 83' lang='lat' dir='ltr'><strong>tem</strong></span> <span class='ocrx_word' id='word_1_253' title='bbox 143 2888 263 2954; x_wconf 80' lang='lat' dir='ltr'><strong>enimet</strong></span> <span class='ocrx_word' id='word_1_254' title='bbox 284 2890 421 2955; x_wconf 92' lang='lat' dir='ltr'><strong>relatum</strong></span> <span class='ocrx_word' id='word_1_255' title='bbox 444 2886 483 2951; x_wconf 89' lang='lat' dir='ltr'><strong>ad</strong></span> <span class='ocrx_word' id='word_1_256' title='bbox 507 2890 613 2952; x_wconf 75' lang='lat' dir='ltr'><strong>uteros</strong></span> <span class='ocrx_word' id='word_1_257' title='bbox 636 2896 685 2955; x_wconf 87' lang='lat' dir='ltr'><strong>est</strong></span> <span class='ocrx_word' id='word_1_258' title='bbox 705 2892 834 2975; x_wconf 78' lang='lat' dir='ltr'><strong>speeies3</strong></span> <span class='ocrx_word' id='word_1_259' title='bbox 858 2886 996 2951; x_wconf 88' lang='lat' dir='ltr'><strong>relatum</strong></span> <span class='ocrx_word' id='word_1_260' title='bbox 1018 2896 1125 2952; x_wconf 88' lang='lat' dir='ltr'><strong>autem</strong></span> 
     </span>
     <span class='ocr_line' id='line_1_34' title="bbox 60 2970 673 3052; baseline -0.003 -16"><span class='ocrx_word' id='word_1_261' title='bbox 60 2970 98 3036; x_wconf 80' lang='lat' dir='ltr'><strong>ad</strong></span> <span class='ocrx_word' id='word_1_262' title='bbox 121 2970 251 3036; x_wconf 77' lang='lat' dir='ltr'><strong>bellunm</strong></span> <span class='ocrx_word' id='word_1_263' title='bbox 273 2981 306 3036; x_wconf 91' lang='lat' dir='ltr'><strong>et</strong></span> <span class='ocrx_word' id='word_1_264' title='bbox 327 2972 480 3034; x_wconf 82' lang='lat' dir='ltr'><strong>domiccm</strong></span> <span class='ocrx_word' id='word_1_265' title='bbox 501 2982 549 3035; x_wconf 87' lang='lat' dir='ltr'><strong>est</strong></span> <span class='ocrx_word' id='word_1_266' title='bbox 568 2988 673 3052; x_wconf 75' lang='lat' dir='ltr'><strong>gertus.</strong></span> 
     </span>
    </p>

    <p class='ocr_par' dir='ltr' id='par_1_5' title="bbox 60 3047 1126 3302">
     <span class='ocr_line' id='line_1_35' title="bbox 99 3047 1125 3139; baseline -0.002 -22"><span class='ocrx_word' id='word_1_267' title='bbox 99 3054 149 3119; x_wconf 81' lang='lat' dir='ltr'><strong>ts.</strong></span> <span class='ocrx_word' id='word_1_268' title='bbox 173 3052 222 3117; x_wconf 75' lang='lat' dir='ltr'><strong>sd</strong></span> <span class='ocrx_word' id='word_1_269' title='bbox 245 3052 322 3117; x_wconf 85' lang='lat' dir='ltr'><strong>baec</strong></span> <span class='ocrx_word' id='word_1_270' title='bbox 338 3073 436 3139; x_wconf 89' lang='lat' dir='ltr'><strong>genus</strong></span> <span class='ocrx_word' id='word_1_271' title='bbox 450 3049 782 3135; x_wconf 78' lang='lat' dir='ltr'><strong>diciturprocimum,</strong></span> <span class='ocrx_word' id='word_1_272' title='bbox 798 3052 826 3115; x_wconf 89' lang='lat' dir='ltr'><strong>si</strong></span> <span class='ocrx_word' id='word_1_273' title='bbox 842 3047 986 3115; x_wconf 81' lang='lat' dir='ltr'><strong>refertur</strong></span> <span class='ocrx_word' id='word_1_274' title='bbox 1000 3050 1040 3115; x_wconf 90' lang='lat' dir='ltr'><strong>ad</strong></span> <span class='ocrx_word' id='word_1_275' title='bbox 1056 3070 1125 3135; x_wconf 87' lang='lat' dir='ltr'><strong>spe·</strong></span> 
     </span>
     <span class='ocr_line' id='line_1_36' title="bbox 61 3131 1126 3219; baseline -0.003 -22"><span class='ocrx_word' id='word_1_276' title='bbox 61 3135 149 3209; x_wconf 84' lang='lat' dir='ltr'><strong>cies,</strong></span> <span class='ocrx_word' id='word_1_277' title='bbox 170 3155 254 3219; x_wconf 88' lang='lat' dir='ltr'><strong>quae</strong></span> <span class='ocrx_word' id='word_1_278' title='bbox 274 3134 334 3199; x_wconf 90' lang='lat' dir='ltr'><strong>sub</strong></span> <span class='ocrx_word' id='word_1_279' title='bbox 362 3154 401 3199; x_wconf 93' lang='lat' dir='ltr'><strong>eo</strong></span> <span class='ocrx_word' id='word_1_280' title='bbox 424 3132 609 3198; x_wconf 87' lang='lat' dir='ltr'><strong>immediate</strong></span> <span class='ocrx_word' id='word_1_281' title='bbox 657 3146 823 3210; x_wconf 90' lang='lat' dir='ltr'><strong>onuntur,</strong></span> <span class='ocrx_word' id='word_1_282' title='bbox 845 3142 878 3198; x_wconf 92' lang='lat' dir='ltr'><strong>et</strong></span> <span class='ocrx_word' id='word_1_283' title='bbox 898 3143 1073 3208; x_wconf 81' lang='lat' dir='ltr'><strong>remotum,</strong></span> <span class='ocrx_word' id='word_1_284' title='bbox 1097 3131 1126 3194; x_wconf 87' lang='lat' dir='ltr'><strong>si</strong></span> 
     </span>
     <span class='ocr_line' id='line_1_37' title="bbox 60 3156 1125 3302; baseline -0.002 -25"><span class='ocrx_word' id='word_1_285' title='bbox 60 3215 201 3282; x_wconf 82' lang='lat' dir='ltr'><strong>refertur</strong></span> <span class='ocrx_word' id='word_1_286' title='bbox 226 3214 266 3281; x_wconf 89' lang='lat' dir='ltr'><strong>ad</strong></span> <span class='ocrx_word' id='word_1_287' title='bbox 294 3217 418 3302; x_wconf 81' lang='lat' dir='ltr'><strong>species</strong></span> <span class='ocrx_word' id='word_1_288' title='bbox 445 3214 607 3294; x_wconf 86' lang='lat' dir='ltr'><strong>mediate,</strong></span> <span class='ocrx_word' id='word_1_289' title='bbox 630 3156 691 3281; x_wconf 76' lang='lat' dir='ltr'><strong>doc</strong></span> <span class='ocrx_word' id='word_1_290' title='bbox 712 3226 782 3293; x_wconf 86' lang='lat' dir='ltr'><strong>ert,</strong></span> <span class='ocrx_word' id='word_1_291' title='bbox 805 3234 865 3300; x_wconf 84' lang='lat' dir='ltr'><strong>per</strong></span> <span class='ocrx_word' id='word_1_292' title='bbox 885 3213 965 3278; x_wconf 91' lang='lat' dir='ltr'><strong>alias</strong></span> <span class='ocrx_word' id='word_1_293' title='bbox 986 3216 1125 3299; x_wconf 85' lang='lat' dir='ltr'><strong>species.</strong></span> 
     </span>
    </p>
   </div>
   <div class='ocr_carea' id='block_1_4' title="bbox 428 3348 763 3378">
    <p class='ocr_par' dir='ltr' id='par_1_6' title="bbox 428 3348 763 3378">
     <span class='ocr_line' id='line_1_38' title="bbox 428 3348 763 3378; baseline 0.003 -5"><span class='ocrx_word' id='word_1_294' title='bbox 428 3348 763 3378; x_wconf 70' lang='grc'><strong>-----1--..</strong></span> 
     </span>
    </p>
   </div>
   <div class='ocr_carea' id='block_1_5' title="bbox 61 3424 1128 3567">
    <p class='ocr_par' dir='ltr' id='par_1_7' title="bbox 61 3424 1128 3567">
     <span class='ocr_line' id='line_1_39' title="bbox 61 3424 1127 3497; baseline 0.003 -16"><span class='ocrx_word' id='word_1_295' title='bbox 61 3436 188 3495; x_wconf 72' lang='lat' dir='ltr'><strong>qmteuus</strong></span> <span class='ocrx_word' id='word_1_296' title='bbox 207 3430 343 3490; x_wconf 77' lang='lat' dir='ltr'><strong>proprium</strong></span> <span class='ocrx_word' id='word_1_297' title='bbox 361 3424 492 3487; x_wconf 75' lang='lat' dir='ltr'><strong>significat</strong></span> <span class='ocrx_word' id='word_1_298' title='bbox 512 3426 623 3490; x_wconf 87' lang='lat' dir='ltr'><strong>aliquid,</strong></span> <span class='ocrx_word' id='word_1_299' title='bbox 637 3428 707 3489; x_wconf 80' lang='lat' dir='ltr'><strong>qnod</strong></span> <span class='ocrx_word' id='word_1_300' title='bbox 726 3429 833 3483; x_wconf 82' lang='lat' dir='ltr'><strong>adrentt</strong></span> <span class='ocrx_word' id='word_1_301' title='bbox 851 3434 983 3483; x_wconf 86' lang='lat' dir='ltr'><strong>essentiae</strong></span> <span class='ocrx_word' id='word_1_302' title='bbox 997 3434 1046 3485; x_wconf 86' lang='lat' dir='ltr'><strong>rei.</strong></span> <span class='ocrx_word' id='word_1_303' title='bbox 1061 3431 1127 3497; x_wconf 75' lang='lat' dir='ltr'><strong>Quia</strong></span> 
     </span>
     <span class='ocr_line' id='line_1_40' title="bbox 62 3498 1128 3567; baseline 0.006 -18"><span class='ocrx_word' id='word_1_304' title='bbox 62 3516 119 3554; x_wconf 84' lang='lat' dir='ltr'><strong>rero</strong></span> <span class='ocrx_word' id='word_1_305' title='bbox 137 3503 275 3567; x_wconf 74' lang='lat' dir='ltr'><strong>proprium</strong></span> <span class='ocrx_word' id='word_1_306' title='bbox 294 3498 444 3547; x_wconf 83' lang='lat' dir='ltr'><strong>necessario</strong></span> <span class='ocrx_word' id='word_1_307' title='bbox 462 3498 568 3548; x_wconf 80' lang='lat' dir='ltr'><strong>advenit</strong></span> <span class='ocrx_word' id='word_1_308' title='bbox 587 3502 717 3549; x_wconf 67' lang='lat' dir='ltr'><strong>amentiae</strong></span> <span class='ocrx_word' id='word_1_309' title='bbox 743 3505 801 3563; x_wconf 91' lang='lat' dir='ltr'><strong>ret,</strong></span> <span class='ocrx_word' id='word_1_310' title='bbox 826 3507 863 3555; x_wconf 88' lang='lat' dir='ltr'><strong>ita</strong></span> <span class='ocrx_word' id='word_1_311' title='bbox 889 3506 987 3555; x_wconf 85' lang='lat' dir='ltr'><strong>dicitnr</strong></span> <span class='ocrx_word' id='word_1_312' title='bbox 1011 3509 1128 3555; x_wconf 75' lang='lat' dir='ltr'><strong>occident</strong></span> 
     </span>
    </p>
   </div>
   <div class='ocr_carea' id='block_1_6' title="bbox 61 3570 1127 3711">
    <p class='ocr_par' dir='ltr' id='par_1_8' title="bbox 61 3570 1127 3711">
     <span class='ocr_line' id='line_1_41' title="bbox 61 3570 1127 3641; baseline 0.003 -18"><span class='ocrx_word' id='word_1_313' title='bbox 61 3578 166 3639; x_wconf 75' lang='lat' dir='ltr'><strong>spectet,</strong></span> <span class='ocrx_word' id='word_1_314' title='bbox 187 3577 215 3620; x_wconf 87' lang='lat' dir='ltr'><strong>et</strong></span> <span class='ocrx_word' id='word_1_315' title='bbox 235 3571 286 3619; x_wconf 86' lang='lat' dir='ltr'><strong>hoc</strong></span> <span class='ocrx_word' id='word_1_316' title='bbox 304 3570 384 3619; x_wconf 89' lang='lat' dir='ltr'><strong>modo</strong></span> <span class='ocrx_word' id='word_1_317' title='bbox 407 3570 578 3633; x_wconf 79' lang='lat' dir='ltr'><strong>distinguitur</strong></span> <span class='ocrx_word' id='word_1_318' title='bbox 602 3572 636 3620; x_wconf 83' lang='lat' dir='ltr'><strong>ab</strong></span> <span class='ocrx_word' id='word_1_319' title='bbox 661 3574 817 3636; x_wconf 78' lang='lat' dir='ltr'><strong>recidente,</strong></span> <span class='ocrx_word' id='word_1_320' title='bbox 844 3578 914 3641; x_wconf 86' lang='lat' dir='ltr'><strong>qnod</strong></span> <span class='ocrx_word' id='word_1_321' title='bbox 938 3582 979 3627; x_wconf 81' lang='lat' dir='ltr'><strong>eat</strong></span> <span class='ocrx_word' id='word_1_322' title='bbox 1003 3577 1127 3640; x_wconf 83' lang='lat' dir='ltr'><strong>qutntum</strong></span> 
     </span>
     <span class='ocr_line' id='line_1_42' title="bbox 62 3641 855 3711; baseline 0.001 -14"><span class='ocrx_word' id='word_1_323' title='bbox 62 3644 247 3709; x_wconf 78' lang='lat' dir='ltr'><strong>praedicabile,</strong></span> <span class='ocrx_word' id='word_1_324' title='bbox 268 3641 391 3706; x_wconf 86' lang='lat' dir='ltr'><strong>quodque</strong></span> <span class='ocrx_word' id='word_1_325' title='bbox 411 3646 530 3694; x_wconf 73' lang='lat' dir='ltr'><strong>occidens</strong></span> <span class='ocrx_word' id='word_1_326' title='bbox 549 3644 676 3695; x_wconf 82' lang='lat' dir='ltr'><strong>tndtotdct</strong></span> <span class='ocrx_word' id='word_1_327' title='bbox 693 3648 855 3711; x_wconf 86' lang='lat' dir='ltr'><strong>appellatur.</strong></span> 
     </span>
    </p>
   </div>
   <div class='ocr_carea' id='block_1_7' title="bbox 0 0 1249 3909">
    <p class='ocr_par' dir='ltr' id='par_1_9' title="bbox 0 0 1249 3909">
     <span class='ocr_line' id='line_1_43' title="bbox 0 0 1249 3909; baseline 0 0"><span class='ocrx_word' id='word_1_328' title='bbox 0 0 1249 3909; x_wconf 95' lang='lat' dir='ltr'><strong> </strong></span> 
     </span>
    </p>
   </div>
   <div class='ocr_carea' id='block_1_8' title="bbox 1118 3823 1225 3879">
    <p class='ocr_par' dir='ltr' id='par_1_10' title="bbox 1118 3823 1225 3879">
     <span class='ocr_line' id='line_1_44' title="bbox 1118 3823 1225 3879; baseline 0 0"><span class='ocrx_word' id='word_1_329' title='bbox 1118 3823 1225 3879; x_wconf 65' lang='lat' dir='ltr'>A</span> 
     </span>
    </p>
   </div>
  </div>
 </body>
</html>
