2475 3909
130 117 151 181 6
528 136 710 183 aurocoem

89 230 151 285 tus.
174 217 257 283 Illud
279 228 410 295 autem,
439 217 525 303 quod
553 221 747 286 intrinsecus
768 228 817 285 est
839 220 1015 305 possibile,
1037 221 1161 287 dicitur

90 302 292 375 extrinsecas,
309 322 365 365 seu
380 300 508 365 relative
524 299 688 387 possibile,
704 304 730 367 si
748 300 911 368 referatur
924 302 964 366 ad
979 304 1069 369 illam
1083 324 1160 368 can-

91 406 171 459 sam,
190 405 247 468 per
268 382 422 467 quemad
443 395 549 449 actum
572 384 683 450 reduci
708 395 823 470 potest,
838 394 934 470 alque
955 387 1159 462 extrinsecus,

91 488 149 529 seu
170 466 297 529 relative
316 464 529 551 impossibile,
544 466 570 529 si
587 466 748 533 reseratur
770 466 809 532 ad
834 464 922 531 illam
945 489 1086 544 causam,
1103 488 1161 551 per

90 567 188 643 quam
204 546 243 609 ad
261 558 367 612 actum
391 546 502 610 reduci
519 551 642 631 nequit.
659 552 706 615 lta
731 549 909 615 intellectui
934 550 1073 613 humano
1089 570 1162 646 pos-

91 627 186 692 sibile
208 640 256 694 est
277 630 433 693 essentias
455 650 562 693 rerum
586 629 752 697 finitarum
774 651 979 714 cognoscere,
1003 630 1057 696 sed
1072 653 1099 696 s1
1115 632 1161 695 vi·

93 730 145 774 res
167 711 240 773 eius
262 710 425 775 naturales
448 722 649 796 spectentur,
673 711 874 798 impossibile
897 725 946 779 est
966 733 1160 798 cognoscere

92 794 274 857 Essentiam
299 792 371 867 Dei,
397 802 492 877 prout
514 794 546 855 in
570 815 603 858 se
626 806 684 861 est.

137 876 184 937 10.
210 876 259 937 Ex
274 875 325 938 bis
348 873 443 939 facile
460 874 654 959 intelligitur
668 876 713 954 id,
729 876 816 961 quod
832 885 879 941 est
895 874 1087 941 intrinsecus
1103 876 1165 939 im-

93 954 262 1039 possibile,
286 977 355 1020 esse
377 977 507 1041 quaque
535 960 745 1029 extrinsecus,
762 958 978 1043 impossibile,
999 958 1089 1042 quia,
1113 968 1161 1030 ut,

93 1058 153 1101 suo
174 1037 247 1101 loeo
270 1036 488 1113 ostendemus,
512 1060 550 1103 ue
574 1039 662 1103 Deus
682 1040 816 1125 quidem
838 1041 963 1105 efficere
1006 1048 1099 1115 otest,
1126 1048 1163 1102 ut

93 1140 145 1196 ea,
167 1140 250 1203 quae
275 1141 385 1185 secum
409 1122 549 1185 invicem
573 1132 733 1218 pugnant,
757 1122 790 1184 iu
812 1120 927 1185 eodem
948 1059 1093 1185 subiecto
1117 1119 1167 1182 in-

94 1202 278 1279 uenientum
302 1202 356 1267 sed
382 1200 428 1274 id,
451 1201 538 1286 quod
560 1213 607 1267 est
623 1205 818 1267 intrinsecus
840 1201 1009 1288 possibile,
1024 1223 1094 1265 esse
1109 1222 1167 1265 ex-

96 1284 254 1349 trinsecus
277 1284 444 1369 possibile,
461 1284 488 1347 si
504 1295 552 1349 est
575 1287 660 1349 intra
682 1287 768 1349 vires
791 1306 919 1360 causae,
940 1282 979 1348 ad
1002 1304 1101 1367 quam
1115 1303 1169 1347 ro-

95 1363 223 1511 iertttlem
248 1369 294 1486 gol
319 1367 521 1433 extrinsecus
551 1365 775 1451 impossibile,
799 1368 824 1431 si
846 1368 918 1431 eius
948 1365 1031 1431 vires
1052 1385 1169 1449 super-

96 1469 151 1529 gre
179 1460 243 1513 elur
273 1498 281 1511 .

389 1576 455 1627 ebur.
473 1575 587 1626 ll.-[)e
614 1578 753 1625 untione
777 1577 878 1625 nihili

138 1686 186 1749 tt.
213 1684 245 1749 N
247 1684 362 1747 illlam
385 1694 432 1748 est
454 1683 599 1767 negatio,
613 1681 682 1745 sive
698 1680 836 1745 absentia
849 1680 926 1743 eatis
941 1680 967 1757 ²;
983 1678 1057 1743 binc
1072 1678 1171 1743 Sobo-

98 1767 202 1831 lastici
227 1766 307 1831 illud
337 1766 524 1849 simpliciter
546 1785 606 1826 aare
629 1785 679 1826 eas
700 1784 815 1827 vocare
838 1762 951 1826 solent.
975 1759 1023 1823 De
1038 1760 1098 1823 boc
1121 1762 1172 1824 ui-

95 1850 163 1913 bilo
179 1850 314 1933 loquens
330 1868 355 1911 s.
372 1848 575 1931 Augustinus
591 1844 732 1929 perbelle
748 1846 806 1908 ait:
830 1868 848 1905 a
871 1843 959 1906 Nibil
976 1862 1036 1907 nec
1050 1862 1171 1926 corpus

97 1943 145 1996 est
160 1929 275 2007 ullum,
292 1951 350 1993 nec
365 1930 511 2015 spiritus
528 1948 587 1991 nec
600 1930 650 1993 bis
663 1927 853 1991 substantiis
866 1922 989 2007 aliquid
1006 1921 1171 1996 accidens,

95 2035 156 2077 nec
178 2012 243 2077 ulla
268 2011 417 2075 inlnrmis
440 2011 614 2085 materies,
638 2031 696 2073 nec
720 2008 828 2073 inanis
854 2006 960 2079 loeus,
988 2027 1046 2070 nec
1075 2006 1169 2089 ipsae

96 2094 261 2169 tenebrae,
284 2094 338 2159 sed
363 2112 495 2177 prorsus
516 2090 626 2154 nibil⁸
648 2113 678 2153 n.

140 2176 189 2240 12.
212 2174 376 2249 Nibilum,
400 2176 494 2238 cuius
517 2173 682 2235 notionem
705 2169 801 2233 modo
826 2167 1081 2244 deelaravimus,
1103 2170 1171 2234 euti

98 2258 364 2323 communissima
391 2276 464 2319 acce
491 2265 523 2318 to
556 2251 745 2338 opponitur.
775 2255 817 2317 m
845 2250 982 2314 nibilum
1010 2250 1170 2346 appellari

98 2342 195 2407 etiam
218 2339 298 2404 solet
320 2336 376 2413 id,
399 2275 488 2422 quod
509 2335 688 2419 opponitur
720 2334 786 2396 enti
821 2330 998 2425 secundum
1027 2331 1172 2416 aliquem

97 2420 231 2487 modum
254 2420 481 2495 determinato,
497 2418 543 2482 ita
559 2424 594 2481 ut
609 2416 738 2480 denotet
754 2412 934 2479 absentiam
954 2411 1090 2475 alicuius
1107 2432 1174 2474 mo-

98 2504 131 2568 di
156 2505 251 2568 entis.
275 2502 422 2569 Nibilum
452 2500 511 2564 bac
538 2500 665 2564 ratione
693 2506 873 2583 spectatum
902 2492 1115 2577 distinguitur
1137 2493 1172 2555 in

98 2586 295 2670 negativam,
316 2594 349 2650 et
365 2582 576 2666 privativum.
607 2578 754 2644 Nibilum
779 2576 964 2663 negativum
991 2583 1039 2638 est
1060 2574 1175 2637 absen-

98 2671 146 2733 tia
169 2666 310 2732 alicuius
332 2663 419 2729 modi
443 2663 527 2728 entis
550 2660 754 2725 considerata
778 2660 811 2724 in
834 2680 867 2722 se
888 2658 971 2740 ipsa,
992 2676 1022 2719 e.
1046 2675 1092 2739 g.,
1113 2674 1176 2717 aaa

100 2750 216 2825 nidere,
240 2770 301 2812 aaa
322 2747 430 2811 babere
456 2744 635 2820 rationem
659 2744 797 2807 nibilum
825 2737 1025 2839 privativum
1052 2747 1099 2802 est
1120 2734 1176 2799 ab·

101 2831 204 2899 sentia
227 2831 367 2895 alicuius
389 2827 476 2893 modi
500 2824 584 2891 entis
605 2824 808 2890 considerata
825 2845 858 2887 m
879 2819 990 2901 aliqua
1011 2817 1174 2889 subiecto,

101 2913 188 2999 quod
212 2911 250 2977 ad
275 2912 362 2977 illam
386 2906 566 2975 babendum
589 2908 781 2972 naturaliter
805 2910 1027 2988 comparatum
1048 2910 1119 2975 est,
1143 2920 1175 2963 e.

102 3018 149 3082 g.,
172 2994 308 3061 absentia
328 2996 414 3057 visas
434 2991 468 3054 ia
488 2989 633 3053 animali.
983 3062 990 3075 ι

144 3080 193 3145 13.
219 3080 269 3143 Ex
291 3077 340 3142 bis
362 3076 396 3139 in
420 3082 570 3157 promptu
605 3078 655 3136 est
685 3067 866 3162 intelligere
892 3062 1067 3126 discrimen
1090 3064 1179 3127 inter

103 3164 315 3246 negationem,
340 3169 373 3224 et
391 3154 613 3304 privationem.
636 3153 777 3236 Negatio
803 3168 892 3214 emm
919 3165 982 3241 pon
1011 3142 1101 3207 eliud
1123 3144 1181 3207 de-

102 3254 205 3340 notat,
229 3243 289 3309 nisi
311 3244 395 3325 simp
411 3238 507 3303 icitcr
530 3232 653 3320 aliquid
676 3254 741 3298 non
767 3252 854 3304 esse,
875 3248 955 3314 qum
978 3224 1110 3291 denotet
1131 3225 1181 3289 nl-

144 3454 152 3491 Ι
173 3453 319 3503 Nonnullae
338 3450 409 3500 cirea
428 3445 570 3513 passibile,
590 3446 619 3491 et
637 3441 795 3505 tmpusrtbtlr
812 3441 980 3503 quaestiones
1001 3440 1025 3487 tn
1047 3438 1185 3504 stratigius

106 3528 222 3579 staturati
241 3525 412 3585 attingemus.
426 3518 485 3556 -2
505 3512 539 3567 ct
559 3514 652 3578 erist,
675 3516 748 3571 Met..
770 3512 816 3561 lib.
838 3508 884 3569 ΙΙΙ,
904 3526 930 3560 c.
951 3512 979 3567 2,
1000 3516 1015 3575 S
1035 3511 1062 3561 8.

142 3598 154 3635 ³
175 3599 223 3664 op.
243 3596 347 3659 imperf.
369 3598 435 3645 cont.
460 3590 569 3650 iuliae,
590 3586 638 3635 lib.
658 3583 692 3648 V,
714 3600 740 3636 o.
761 3580 854 3637 xciv.
