2475 3909
428 174 435 181 ·
520 172 697 225 inassueta
1034 150 1095 217 217

76 270 112 325 ut
134 262 244 326 anima
268 262 433 347 praeviam
454 264 672 348 cognitionem
693 272 780 325 notae
799 259 983 336 communis,
998 259 1065 323 sive
1080 279 1136 323 no«

76 358 140 408 tam
165 363 369 409 communem
397 346 560 430 cognitam
586 354 652 411 tam
676 364 751 408 uam
778 361 982 406 communem
1009 340 1134 414 babeat,

75 424 129 489 sed
153 436 278 490 tanturn
301 437 338 493 ut
359 427 488 491 animae
508 427 638 491 obviam
653 365 715 492 bat
735 425 918 499 obiectum,
939 445 980 489 ex
1002 444 1066 509 quo
1088 424 1138 485 in·

73 506 218 571 tellectus
239 507 364 594 aliquid
380 554 388 584 ,
403 507 489 594 quod
513 508 662 594 pluribus
689 526 859 573 commune
880 506 945 582 sit,
966 508 1137 591 seiungere

73 598 188 673 potest.
213 590 284 653 lloc
304 588 468 656 obiectum
482 601 529 656 est
545 591 745 675 phantasma,
762 592 795 654 in
809 608 873 673 qno
888 587 1037 663 essentia,
1051 607 1137 672 quae

96 668 226 736 luribns
247 674 430 737 communis
449 675 513 750 sit,
536 674 623 738 latet.
652 674 813 750 Quocirca
840 670 1073 742 abstractioni,
1101 678 1137 733 ut

71 690 228 827 diximus,
253 753 419 850 praecedit
440 775 478 818 co
502 756 583 821 nitio
604 765 766 830 concreta,
782 774 865 849 quac
881 752 1050 817 essentiam
1073 770 1137 815 una

72 856 146 900 cum
169 834 413 901 conditionibus
431 837 465 901 in
490 836 711 902 ividuantibus
725 835 867 902 exbibet.
884 834 1069 900 Intellectus
1082 853 1140 897 au·

72 928 137 982 tem
158 937 223 1001 ope
245 917 470 984 abstractionis
491 920 553 984 sibi
575 919 706 985 conficit
734 918 898 983 notionem
922 916 1010 983 illius
1032 935 1138 979 essen·

72 1001 136 1065 tiae
158 1011 331 1086 exemptae
353 1022 371 1064 a
392 1000 634 1067 conditionibus
653 998 943 1077 individuantibns3
959 996 1073 1062 deinde
1088 1016 1139 1061 re·

72 1081 204 1147 tlectens
225 1103 323 1167 super
343 1082 425 1149 banc
451 1086 614 1150 notionem
637 1084 773 1170 apponit
796 1082 840 1147 illi
864 1090 973 1145 notam
994 1098 1141 1144 commu-

71 1186 158 1239 nem,
182 1165 249 1229 sire
269 1170 421 1231 rationem
441 1167 687 1230 universalitatis
700 1168 723 1228 ¹.
746 1164 897 1250 Cognitio
919 1164 1022 1249 igitur
1042 1171 1137 1226 uotae

72 1248 255 1310 communis
276 1248 417 1312 allicitur
436 1270 479 1313 ex
499 1248 676 1313 rellexione
705 1268 801 1333 super
824 1246 1011 1320 notionem,
1039 1262 1138 1326 quarn

70 1326 255 1395 intellectus
275 1350 338 1415 ope
360 1328 585 1395 abstractionis
608 1330 814 1415 adipiscitum
832 1337 957 1393 tantum
980 1325 1078 1401 abest,
1104 1334 1139 1387 ut

71 1409 283 1477 abstractioni
306 1411 512 1497 praecedat&

477 1544 654 1612 GAPVT
687 1546 728 1612 ll.

214 1670 258 1735 lle
279 1671 489 1736 connexione
511 1672 672 1739 aemonis
694 1688 767 1738 cum
788 1668 987 1754 cogitatione

360 1794 539 1848 nant—lte
558 1799 637 1861 signis
656 1799 682 1848 in
703 1801 855 1848 universum

109 1910 163 1976 69.
188 1911 371 1992 Antequam
398 1910 656 1985 controversias,
683 1929 766 1994 quae
795 1908 882 1972 circa
906 1903 1139 1991 conspersionem

69 1992 232 2056 sermonis
253 2008 329 2055 cnm
356 1990 554 2076 cogitatione
576 1992 715 2077 agitatae
736 2000 820 2067 sunt,
843 1988 1049 2063 dirimamus,
1063 2010 1143 2053 non-

71 2072 156 2138 nibil
178 2072 217 2137 de
238 2073 342 2158 signis
366 2072 399 2137 in
420 2073 621 2146 universum,
640 2082 672 2137 et
692 2073 836 2137 manime
849 2070 888 2136 dc
904 2081 1020 2135 natura
1033 2070 1141 2155 siguo-

66 2177 167 2231 ·rnm,
189 2174 273 2239 quae
294 2151 393 2220 verba
415 2154 639 2240 appellantur,
662 2157 696 2219 in
717 2164 916 2220 antecessum
940 2152 1086 2218 dicamus
1107 2176 1140 2218 e-

115 2247 191 2303 riel.

70 2258 262 2401 poSipnam,
285 2327 324 2383 ut
346 2339 371 2381 s.
390 2319 565 2415 Augustini
588 2317 696 2382 verbis
718 2328 864 2393 utamur,
878 2342 895 2379 «
908 2328 956 2384 est
971 2337 1033 2392 res,
1049 2338 1141 2403 prae-

72 2410 124 2466 ter
146 2401 303 2488 speciem,
324 2420 423 2485 quarn
446 2400 565 2484 ingerit
585 2400 745 2477 sensibus,
762 2398 887 2485 aliquid
909 2399 999 2466 aliud
1020 2400 1140 2465 faciens

71 2484 108 2546 in
123 2484 356 2568 cogitationem
372 2483 481 2547 venire
494 2486 537 2545 ⁸».
553 2484 605 2547 Ex
621 2504 686 2568 quo
702 2482 900 2569 intelligitur
921 2483 982 2548 tria
1006 2484 1040 2547 in
1061 2498 1141 2568 quo-

70 2563 156 2631 libet
177 2567 268 2649 signo
290 2563 384 2631 nobis
405 2584 594 2642 occurrere,
617 2566 743 2630 scilicet
764 2586 883 2642 unum,
905 2565 993 2651 quod
1016 2565 1140 2649 aliquid

71 2647 246 2733 significat,
269 2647 425 2725 alterum,
440 2647 528 2731 quod
550 2668 610 2731 per
631 2650 739 2733 ipsum
761 2646 975 2733 significatur,
989 2659 1021 2712 et
1039 2650 1142 2731 quod-

72 2728 149 2797 dam
171 2729 394 2815 principium,
422 2729 517 2795 cuius
537 2731 568 2795 ri
596 2750 614 2795 e
635 2730 819 2815 cognitione
846 2732 944 2795 unius
967 2728 1006 2794 ad
1027 2730 1142 2815 cogni-

70 2813 196 2877 tionem
223 2812 358 2877 elterius
384 2812 624 2896 progredimur.
653 2814 690 2881 Ε.
716 2830 761 2896 g,
785 2814 818 2875 in
838 2814 945 2896 fumo,
975 2824 1070 2899 prout
1090 2824 1142 2880 est

72 2896 204 2981 signum
227 2894 334 2981 ignis,
359 2896 422 2959 tria
444 2908 643 2971 occurrunt,
664 2916 780 2981 nempe
804 2894 929 2973 fumus,
953 2898 1009 2981 qui
1031 2898 1142 2981 ignem

73 2975 248 3062 significat,
272 2976 369 3060 ignis,
393 2978 450 3062 qui
472 2998 491 3041 a
515 2976 606 3044 lnmo
627 2975 842 3075 significatur,
865 2988 897 3044 et
918 2980 1032 3044 relatio
1058 2980 1142 3043 inter

73 3070 186 3125 utrum
210 3080 263 3134 ue,
286 3070 446 3143 quatenus
467 3058 577 3125 fumus
598 3061 639 3124 ab
661 3079 735 3145 igne
760 3059 963 3146 producitur.

113 3142 167 3207 70.
187 3080 223 3207 bi
247 3142 377 3224 siguum
397 3163 462 3207 non
484 3164 526 3206 ex
548 3144 711 3209 voluntate
734 3142 926 3219 homiuum,
949 3141 1003 3207 sed
1026 3151 1141 3205 natura

73 3244 133 3289 sua
155 3222 196 3286 ad
218 3243 305 3298 rem,
328 3244 429 3307 quarn
449 3224 631 3310 significat,
653 3224 819 3303 refertur,
843 3224 966 3290 dicitur
986 3222 1139 3298 caturcio

452 3405 770 3420 ——n—-un--q

110 3519 120 3553 ⁸
142 3512 178 3567 Cf
193 3530 216 3565 s.
237 3510 345 3570 Thon„
365 3508 387 3570 l,
407 3524 435 3574 q.
455 3503 585 3568 lxxxv,
604 3522 631 3559 a.
651 3505 667 3555 S
687 3505 720 3555 ad
739 3506 767 3555 Ξ.

108 3590 122 3627 ²
142 3587 215 3639 Altae
232 3586 395 3635 abiectiones
414 3582 574 3631 amolrimus
593 3594 621 3644 p.
645 3578 770 3630 1111-111.

108 3662 183 3715 'De
201 3662 292 3712 licetr.
315 3659 421 3718 Christ,
442 3654 489 3706 lib.
510 3651 544 3713 ll,
564 3666 590 3703 c.
609 3652 638 3711 2,
660 3666 686 3702 n.
709 3651 734 3702 l.
