2475 3909
481 183 666 232 onnonoora
1032 164 1074 230 85

36 276 198 363 tempore,
223 277 330 332 tamen
355 287 411 346 nos
433 269 597 365 principio
614 268 689 332 illas
704 287 755 331 res
771 266 980 351 percipimus,
996 263 1114 330 deinde

36 348 78 412 ab
103 350 235 414 illarum
258 350 461 414 successione
488 362 657 416 notionem
680 349 837 445 temporis
863 345 958 410 nobis
985 346 1115 412 confici-

36 452 122 508 mus,
147 442 243 515 atque
265 430 310 494 ita
333 430 420 516 ipsas
441 452 510 497 esse
533 433 566 496 in
588 443 734 514 tempore
754 429 981 513 rntelligimus.
1004 430 1114 505 Quare

37 511 156 577 salsum
189 524 237 578 est
263 513 427 577 notionem
451 515 608 600 temporis
638 513 683 578 ita
709 510 962 596 praeformatam
989 531 1059 576 esse
1083 511 1114 574 in

37 595 172 737 ppimp,
197 606 234 661 ut
258 593 394 660 cuilibet
423 596 565 660 internae
591 593 812 680 experientiae
839 591 1034 678 praecedere
1061 591 1115 656 de-

60 686 113 739 eat
146 725 153 738 .

216 812 285 866 Aur.
303 813 348 866 lll.
368 816 538 867 -Senteutia
561 817 787 869 Scholasticornm
808 819 950 879 exponitur

460 899 486 940 et
507 900 689 954 propugnatur

78 989 150 1054 220.
175 991 315 1078 Tempus
337 1016 354 1058 a
378 995 582 1062 Scholasticis
604 1006 676 1081 post
698 993 904 1060 Aristotelem
932 997 976 1058 ita
997 991 1111 1058 defini·

36 1083 115 1136 tur:
140 1071 294 1144 rllcnsnra
317 1088 417 1142 motus
440 1079 607 1142 secundum
626 1077 732 1174 prius,
747 1088 774 1143 et
785 1078 952 1161 posterius.
971 1075 1039 1139 Hac
1052 1073 1116 1139 de-

34 1151 201 1232 linitione,
222 1159 282 1222 etsi
307 1157 362 1224 illa
385 1157 531 1225 claritate
554 1159 761 1237 destituatur,
783 1179 868 1244 quae
892 1157 926 1219 in
948 1157 1116 1221 definitio·

35 1233 138 1298 nibus
153 1239 331 1332 requiritur
343 1243 368 1316 ¹,
385 1253 503 1307 rectam
521 1243 683 1308 notionem
699 1241 856 1326 temporis
867 1237 951 1304 tradi
965 1239 1112 1324 sequenti

35 1315 268 1418 Proposrtrone
290 1323 483 1387 evincimus:

81 1399 221 1482 demptis
242 1424 386 1468 memore
408 1417 510 1470 moine
533 1403 701 1469 secundnm
718 1403 825 1488 prior,
846 1410 875 1464 et
884 1406 1043 1487 posteriue
1065 1401 1113 1465 di·

34 1479 170 1544 cendnm
192 1493 247 1548 cet.

81 1561 249 1629 Probatur.
273 1565 456 1651 Conceptus
489 1567 645 1652 temporis
679 1565 712 1630 in
742 1565 836 1629 nobis
856 1564 991 1649 exurgit
1011 1583 1054 1627 ex
1075 1583 1114 1627 eo

33 1642 127 1727 quod
149 1645 404 1713 determinamus
426 1649 532 1735 prius,
554 1660 586 1714 et
608 1647 771 1732 posterius
794 1648 827 1711 in
852 1655 955 1722 motu,
977 1664 1034 1709 seu
1055 1643 1117 1716 llu-

36 1745 86 1790 xu
101 1745 288 1814 corporum.
304 1753 323 1792 u
340 1729 481 1816 Tempus
496 1730 686 1814 accipimus,
703 1751 778 1795 cnm
794 1746 1006 1793 numeramus
1022 1728 1115 1812 prius

34 1818 73 1873 et
96 1811 259 1892 posterius
281 1813 314 1876 in
338 1813 455 1878 motu³
478 1835 507 1875 e.
531 1811 566 1875 ld
589 1811 739 1896 exemplo
760 1807 1040 1888 edormientibus
1062 1829 1118 1894 pe-

36 1890 101 1954 tito
123 1892 316 1960 Aristoteles
337 1892 526 1971 declaravii;
559 1905 685 1958 constat
713 1894 801 1958 enim
824 1911 882 1957 nos
902 1903 1056 1976 tempus,
1081 1893 1116 1956 in

33 1989 107 2055 quo
129 1972 333 2052 dormimus,
356 1997 419 2040 non
443 1976 636 2052 advertere,
659 1975 738 2058 qrria
759 1993 835 2038 cum
863 1971 946 2038 illud
967 1995 1060 2050 nunc,
1083 1974 1116 2036 in

34 2073 107 2199 nuo
129 2076 148 2120 a
170 2077 284 2122 somno
306 2059 517 2142 corripimur,
541 2056 764 2142 expergefacti
781 2053 1018 2140 coniungamus
1039 2075 1115 2120 cum

37 2139 47 2200 i
68 2135 100 2200 lo
122 2157 215 2214 nnnc,
241 2140 273 2204 in
296 2159 400 2225 quoe
422 2160 535 2205 somno
558 2141 755 2215 excitamur,
779 2137 918 2212 nullum,
941 2135 1020 2199 dum
1042 2135 1117 2200 dor·

35 2219 171 2295 mimus,
195 2231 330 2297 motum,
354 2243 411 2287 sen
434 2219 557 2288 lluxum
580 2219 782 2288 advertimus
796 2220 822 2282 ⁸.
846 2219 947 2302 Atqui
970 2238 1045 2284 cum
1061 2215 1117 2280 dc-

34 2301 252 2366 terminamus
275 2307 379 2390 prius,
403 2316 443 2369 et.
458 2303 622 2391 posterius
644 2306 676 2368 in
692 2313 782 2368 motu
796 2321 985 2388 corporum,
1001 2318 1117 2364 revera

34 2381 150 2466 ipsum
174 2394 295 2448 motum
325 2387 489 2450 metimur.
520 2389 608 2467 Ergo
631 2396 759 2472 tempus
782 2403 930 2448 mensura
950 2393 1050 2446 motus
1072 2402 1117 2444 sc·

32 2463 176 2528 cundum
196 2468 304 2550 prius,
329 2479 355 2531 et
375 2469 533 2554 posteriue
555 2467 730 2533 dicendum
752 2476 803 2533 est
817 2467 840 2529 ⁸.

78 2707 85 2742 ¹
106 2705 256 2762 Kantianae
276 2710 412 2772 opiniones
432 2709 502 2760 eirca
524 2711 641 2772 spetinrn
662 2715 689 2758 et
709 2714 842 2771 tempusa
859 2709 887 2762 Ρ.
910 2708 961 2760 lot.
983 2707 1117 2776 lllentgen

33 2779 89 2848 (Lu
108 2781 220 2844 filorofin
240 2785 324 2831 trutina
344 2791 445 2846 etpostn
464 2798 476 2833 e
495 2782 735 2845 discen—trad.—,
752 2782 806 2831 rol.
823 2780 855 2841 ll,
871 2787 945 2833 irati.
962 2781 1006 2840 iv,
1028 2797 1053 2835 c.
1070 2783 1115 2843 lV,

34 2861 52 2916 s
75 2855 103 2912 i,
126 2866 153 2914 p.
174 2851 227 2901 :its
247 2867 305 2916 sqq,
325 2849 406 2904 Roma
432 2852 511 2920 tssoi)
532 2855 614 2903 solide
636 2855 815 2904 retentantur.

73 2921 209 2975 ²liemlni
230 2924 255 2975 ld
274 2928 408 2988 negotium
428 2927 551 2985 taeemat,
573 2940 647 2984 nam,
662 2932 691 2976 nt
711 2941 725 2975 a
746 2941 769 2975 s.
783 2923 930 2990 Augustino
942 2929 1116 2981 observatum

34 3003 90 3054 est.
112 2998 176 3046 dum
196 3011 289 3047 omnes
309 3003 413 3061 ternpus
431 3013 489 3049 etse
510 3013 555 3062 pro
575 3004 650 3048 certo
671 2999 778 3057 habent,
800 3001 875 3050 valde
889 3000 995 3052 dilllciic
1015 3010 1056 3052 esi
1076 3003 1117 3051 in-

37 3072 174 3134 telligere.
196 3071 259 3132 quiid
279 3072 312 3120 alt
332 3077 450 3133 tempuse
473 3074 600 3134 Conscia,
623 3071 668 3120 iiis.
692 3068 738 3130 ltl,
759 3087 784 3121 c.
810 3073 852 3130 tt,
873 3089 889 3123 n
923 3076 967 3124 ii.

75 3143 87 3178 ³
110 3145 140 3193 ln
160 3141 206 3192 tte.
229 3145 266 3191 W
287 3145 379 3206 Phys„
401 3141 598 3195 mcxvii-⁵
619 3147 681 3194 Ναί.
702 3146 824 3205 narrauit,
847 3143 941 3205 univ,
956 3161 982 3196 c.
1000 3147 1071 3203 ll,§
1087 3146 1114 3194 l.

74 3215 87 3251 ⁵
108 3212 176 3264 llino
195 3214 261 3264 illud
279 3229 303 3266 t.
323 3213 440 3266 Thomue
461 3217 635 3280 intelligitur:
658 3236 669 3260 ι
693 3214 768 3266 Prius
784 3224 811 3266 et
824 3219 953 3280 posterius
974 3223 1109 3279 ponuntur

33 3292 66 3340 in
85 3287 238 3338 delinitione
257 3290 397 3350 temporis,
418 3290 564 3339 seeundum
586 3289 656 3352 qnod
676 3295 820 3338 causantur
840 3291 866 3339 in
880 3294 954 3338 motu
968 3303 999 3337 ex
1014 3289 1117 3351 magni-

36 3361 143 3418 tudine,
164 3365 190 3410 et
210 3373 262 3408 nou
281 3363 428 3412 seeundum
448 3361 518 3426 quiid
539 3367 727 3411 merreuranlur
745 3375 777 3410 ex
798 3368 917 3424 tempore
934 3379 959 3418 ις
975 3361 1060 3411 iniit.
1080 3363 1120 3410 W

35 3434 169 3497 Pnprir„
190 3434 253 3482 lect.
274 3435 321 3484 cii.
343 3433 450 3484 Scilicet
468 3439 542 3498 priua
560 3439 587 3483 et
606 3436 733 3498 posteriue
750 3440 829 3483 antea
854 3439 915 3483 sunt
936 3433 962 3482 ln
983 3434 1119 3496 magnitu-

35 3507 121 3562 dine,
142 3509 223 3569 atque
242 3505 308 3556 adeo
328 3508 354 3556 in
374 3507 470 3570 spatio,
490 3506 560 3570 qnod
580 3519 676 3568 eorpus
703 3506 841 3563 decrerit,
868 3519 950 3570 quam
970 3507 999 3555 in
1020 3511 1115 3562 motn;

31 3583 67 3630 et
87 3581 164 3626 antea
186 3580 211 3626 in
231 3584 316 3635 motu,
337 3593 418 3642 qnam
440 3581 465 3629 in
486 3585 616 3642 tempore,
637 3579 766 3642 siqnidem
787 3587 894 3642 tempus
913 3593 966 3630 non
980 3592 1118 3632 mentura-

33 3657 86 3706 tnr
105 3655 238 3718 tempore,
259 3665 322 3703 enm
343 3653 412 3704 idern
433 3667 486 3703 non
506 3653 540 3704 eit
559 3665 685 3704 mensura
704 3652 746 3702 sui
765 3655 859 3718 ipsine.
