2475 3909
485 195 568 244 elus
589 196 694 243 eurus
1046 174 1085 241 15

192 308 259 361 ilar.
280 307 313 363 V.
326 309 483 375 -Quimm
502 315 554 363 sint
574 317 681 365 termini
700 314 815 373 univoci,
837 312 988 376 acquirocl,

422 389 451 434 et
469 388 586 449 analogl,
606 388 757 450 explicatur

95 486 147 555 23.
173 486 246 553 Mos
267 488 300 553 iu
323 488 446 557 Scholis
467 501 516 557 est
538 503 609 559 aule
632 495 859 560 tractationem
886 490 1128 575 praedicamen-

57 578 164 633 lorum
186 569 348 654 quaedam
369 572 578 657 explicandi,
601 596 742 659 quorum
764 575 907 659 cognitio
930 573 971 638 ad
994 574 1126 642 illorum

56 650 279 735 coguitionem
301 651 395 717 valde
417 654 554 732 confert,
576 676 724 741 quaeque
737 653 861 720 idcirco
877 655 1127 739 Aule-praedicu-

55 743 157 795 mentc
179 742 349 799 vocantur.
374 736 426 799 Ex
447 735 498 801 his
519 757 582 813 ea,
603 757 689 822 qnae
711 735 752 802 ad
775 738 928 801 terminos
955 738 1126 814 univocos,

56 814 254 955 pequicocos,
277 822 311 879 et
331 815 473 899 auctoque
497 826 655 903 spectant,
670 817 861 905 praesertim
883 825 959 881 nota
979 838 1048 883 esse
1072 840 1128 883 vu-

71 914 180 958 umus.

94 974 148 1039 et.
177 975 353 1040 Unicocum
375 975 497 1043 dicitur
519 978 602 1044 illud
625 1000 753 1055 nomeu,
768 978 855 1064 quod
869 976 1020 1063 pluribus
1041 999 1128 1045 com·

58 1057 204 1121 muniter
227 1054 428 1138 attribuitur,
451 1059 630 1125 secundum
651 1058 800 1125 eamdem
814 1079 905 1123 suam
920 1059 1129 1144 significatio-

57 1157 141 1201 nem.
160 1136 360 1202 Huiusmodi
376 1152 424 1206 est
444 1162 563 1205 nomen
577 1141 708 1219 animat,
723 1138 811 1226 quod
825 1140 964 1216 bomini,
979 1149 1011 1205 et
1029 1140 1127 1208 bruto

60 1217 223 1285 convenil.
247 1219 456 1303 Aequiuocum
478 1233 527 1287 est
549 1220 632 1286 illud
654 1242 782 1299 nomen,
805 1219 892 1305 quod
914 1219 955 1287 de
976 1221 1127 1306 pluribus

61 1298 238 1364 secuudum
262 1301 424 1367 diversam
446 1302 720 1387 significationem
742 1304 950 1377 enunciatur;
969 1322 998 1365 e.
1017 1324 1062 1389 g,
1077 1327 1128 1369 cc·

58 1383 118 1460 nis,
141 1400 208 1466 quo
232 1391 265 1447 et
285 1382 373 1447 canis
397 1388 569 1461 terrestris,
593 1393 626 1450 et
648 1385 739 1448 canis
760 1381 1124 1451 marinnsdenotaotnr.

60 1462 123 1527 lam
145 1464 279 1527 nomina
300 1464 476 1548 aequivoca
495 1467 529 1530 iu
544 1465 610 1529 duo
626 1486 745 1610 ponera
759 1464 1016 1547 distinguuntur,
1038 1486 1127 1530 ueru-

59 1566 94 1627 pe
116 1545 168 1609 rel
190 1553 267 1609 sunt
282 1564 365 1629 pure
385 1550 568 1632 aequivoca,
591 1567 630 1612 ve
664 1546 806 1628 cnntho.
831 1546 958 1610 Nomen
977 1564 1058 1629 pure
1080 1568 1128 1611 oe·

59 1626 221 1710 quicocum
243 1625 365 1693 dicitur
387 1626 491 1705 illud,
513 1626 600 1713 quod
623 1626 779 1712 pluribus
807 1624 1020 1702 attribuitur,
1043 1629 1126 1710 quin

58 1710 95 1773 sil
119 1710 153 1773 in
176 1708 225 1773 eis
247 1707 379 1793 aliquod
412 1708 686 1785 fundamentum,
716 1729 774 1794 per
794 1704 883 1793 quod
906 1706 989 1771 illud
1010 1728 1127 1774 nomeu

59 1810 227 1855 commuue
255 1790 447 1856 sortiuntur.
471 1788 670 1855 Huiusmodi
699 1799 746 1855 est
773 1808 891 1853 nomeu
920 1789 1028 1862 cuuis,
1051 1812 1127 1854 cum

58 1872 212 1948 animali,
236 1880 269 1936 et
289 1869 389 1936 sideri
414 1872 580 1938 tribuitur.
605 1870 778 1954 Aualopum
804 1879 913 1935 autem
943 1870 1127 1954 appellatur

56 1952 135 2018 iilud
157 1973 287 2027 nomeu,
310 1952 398 2048 quod
421 1952 517 2019 datur
537 1952 700 2038 pluribus,
723 1950 802 2035 quia
824 1950 923 2044 ipsis
944 1952 1125 2045 estaliqua

58 2036 151 2111 ratio,
174 2054 216 2097 ex
237 2054 302 2119 qua
325 2034 405 2099 illud
427 2056 598 2101 commune
613 2055 732 2098 nomen
746 2032 923 2117 accipiunt.
946 2030 1124 2097 Huiusmo-

60 2113 159 2182 diest
180 2135 297 2179 nomeu
319 2117 449 2195 sonitus,
497 2115 563 2181 uod
585 2136 661 2181 cum
676 2116 821 2199 corpori,
844 2121 912 2177 tum
927 2111 1123 2192 medicinae,

60 2206 125 2262 tum
147 2196 256 2284 pulsui
279 2195 437 2264 tribuitur
457 2138 498 2262 ob
520 2197 683 2273 ordinem,
704 2217 803 2281 quem
823 2193 865 2259 ad
880 2194 1049 2259 sanitatem
1071 2196 1127 2260 ba-

59 2276 155 2357 ient,
179 2298 297 2374 corpus
319 2280 407 2343 euim
429 2279 552 2345 dicitur
573 2298 712 2354 sanum,
734 2278 813 2423 quia
835 2274 955 2341 sanitas
976 2276 1020 2353 ei,
1044 2286 1123 2341 tam-

58 2381 155 2445 quam
176 2358 350 2438 subrecto,
372 2361 529 2437 inhaeret,
553 2359 715 2425 medicina
759 2360 859 2423 icitur·
879 2376 968 2431 sana,
991 2358 1068 2440 qnia
1091 2360 1126 2423 in

59 2462 153 2508 eausa
174 2450 233 2520 est,
256 2460 316 2505 cur
337 2461 455 2527 corpus
477 2445 520 2508 sit
542 2461 669 2517 sanum,
685 2449 718 2505 et
732 2440 844 2524 pulsus
865 2447 1001 2503 vocatur
1015 2456 1126 2518 sanus,

60 2524 135 2607 quia
156 2542 274 2607 corpus
295 2542 364 2587 esse
387 2543 501 2589 sanum
524 2522 690 2609 patefacit.

96 2604 147 2669 25.
171 2605 282 2680 Ratio,
305 2603 348 2668 ob
369 2625 467 2690 quam
488 2605 606 2669 borum
628 2603 844 2671 terminorum
872 2600 1048 2682 explicatio
1070 2602 1123 2668 bic

60 2685 229 2761 redditur,
252 2705 291 2751 ea
313 2696 383 2763 cst,
405 2696 442 2751 ut
463 2685 667 2831 iutelliqatur
688 2682 721 2747 1⁰
743 2680 924 2770 quamlibet
943 2683 1126 2765 categoriae

61 2768 200 2851 speciem
246 2765 409 2831 raedioari
432 2767 559 2831 univoce
595 2788 613 2831 e
629 2768 682 2844 iis,
699 2785 783 2849 quae
799 2764 862 2829 sibi
878 2761 1124 2842 sabinianum

61 2870 88 2911 e.
112 2868 157 2934 g„
181 2786 354 2913 redelentia
376 2859 445 2915 tum
467 2848 666 2913 substantiae
682 2848 906 2929 incorporeae,
922 2856 992 2909 tum
1013 2864 1127 2929 corpo-

61 2950 133 2994 reae
154 2928 266 2995 eadem
288 2930 415 2995 ratione
437 2929 649 3007 attribuitur,
671 2936 808 3013 utraque
834 2925 945 3002 enim,
968 2934 1127 3011 quatenus

62 3008 234 3077 substantia
257 3019 327 3087 est,
351 3010 475 3096 aliquid
498 3010 681 3097 significat,
704 3006 792 3094 quod
814 3005 910 3073 habet
930 3028 991 3070 csse
1012 3028 1073 3070 unu
1092 3008 1128 3071 iu
1225 3037 1226 3042 ¹

62 3092 143 3165 ctio;
166 3090 202 3155 2⁰
223 3112 275 3155 eus
296 3091 336 3156 de
359 3092 498 3178 singulis
519 3093 693 3178 categoriis
714 3087 899 3175 praedicari
920 3087 1061 3183 auctuum
1085 3090 1127 3151 si-

63 3171 192 3258 quidem
213 3172 445 3258 unaquaelibet
466 3195 579 3239 earum
601 3172 803 3259 peculiarem
828 3167 961 3234 modum
982 3180 1065 3232 entis
1086 3170 1127 3233 si·
1225 3183 1226 3260 ὲ

63 3252 229 3337 gallicata
260 3255 309 3319 lta
338 3278 354 3317 «
384 3256 516 3320 nominc
545 3254 741 3320 substantiae
769 3252 967 3336 exprimitur
993 3246 1127 3333 quidam
1225 3267 1226 3296 l

66 3334 213 3420 specialis
236 3334 352 3403 modus
373 3336 511 3416 essendi,
534 3336 659 3403 scilicet
681 3356 739 3421 per
761 3354 794 3398 se
817 3333 899 3396 ens²
924 3354 952 3393 n.

95 3542 104 3581 ¹
123 3537 159 3595 Cl'
173 3556 196 3593 s.
218 3536 329 3601 Thom„
351 3544 381 3592 ln
400 3542 446 3592 tce.
468 3543 481 3591 1
499 3504 583 3597 Senti,
603 3536 670 3588 bist.
691 3532 777 3599 llll,
798 3550 826 3601 q.
847 3531 869 3595 l,
889 3547 915 3585 a.
936 3534 953 3587 3
973 3534 1006 3587 ad
1024 3534 1051 3585 2.

92 3614 170 3681 ὀρ.
191 3616 291 3679 diepa„
312 3614 352 3667 De
376 3616 446 3675 Ver„
467 3627 495 3677 q.
517 3610 537 3675 l,
558 3625 584 3662 a.
608 3612 621 3661 l
643 3624 669 3661 c.
