2475 3909
148 52 190 118 to
534 68 715 116 ouronocm

111 153 335 221 contineantur
349 150 375 229 ¹,
397 159 505 218 tamen
525 160 618 218 extra
637 150 808 219 essentiam
831 150 958 235 generis
981 158 1066 225 sune
1088 150 1116 214 ei
1139 170 1174 213 e-

109 238 178 302 nim
199 233 401 301 differentiae
416 232 456 299 ad
470 236 642 300 essentiam
666 234 793 321 generis
813 233 991 319 pertinent,
1006 236 1094 299 notio
1116 254 1175 317 ge-

109 317 197 384 neris
218 336 293 381 cum
314 318 443 383 notione
466 318 585 403 speciei
606 318 868 403 permisceretur,
889 316 966 401 quia
986 318 1108 401 species
1129 337 1173 379 ex

111 419 240 486 genere,
264 409 297 466 et
318 398 499 465 differentia
521 398 713 467 conflatur¹.
730 398 801 463 Hoc
816 399 933 483 posito,
947 419 986 462 en
1000 419 1037 462 ar
1082 418 1175 463 men-

110 495 203 549 tum:
227 479 259 547 Si
282 501 339 547 ens
360 491 444 548 esset
464 502 585 567 genus,
607 483 678 547 eius
702 480 903 546 differentias
930 480 1034 565 aiiqui
1084 480 1173 544 reaie

109 574 201 630 extra
223 582 280 627 ens
300 582 369 628 esse
392 572 565 649 oporteret.
587 564 689 650 Atqui
717 561 917 649 impossibiie
936 573 985 627 est
1006 572 1075 628 tum
1098 560 1172 625 dari

110 642 237 730 aliquid
258 645 345 710 reaia
367 656 460 711 extra
480 666 547 727 ens,
569 646 649 743 quia
669 654 761 711 extra
782 664 839 711 ens
860 663 924 709 non
945 655 993 711 est
1007 644 1071 709 nisi
1093 664 1172 707 nou-

109 749 177 804 ens,
200 745 258 791 seu
278 726 372 805 nihii,
395 736 464 793 tum
486 727 610 826 aliquid
632 737 739 793 mente
767 727 917 811 concipi,
941 728 1034 792 cuius
1058 746 1175 791 conce-

110 820 186 897 ptus
206 806 246 873 ad
267 820 457 896 conceptum
478 822 561 878 enus
581 830 646 875 non
666 809 846 887 reducitur,
860 810 939 893 quia
957 821 1049 874 extra
1070 808 1174 873 notio-

110 912 183 957 nem
205 890 288 958 entis
313 913 378 957 non
400 902 449 958 est
470 892 534 957 alia
555 892 667 968 notio,
688 892 752 957 nisi
778 892 960 967 non-entis,
982 912 1040 956 seu
1062 889 1170 954 nihili.

110 975 200 1056 Ergo
222 994 279 1038 ens
301 984 465 1059 tamquam
486 993 585 1059 genus
607 973 697 1038 nulio
719 971 815 1038 modo
842 974 999 1058 assignari
1026 981 1134 1059 potest
1147 971 1170 1035 ⁸.

152 1055 221 1121 114.
246 1055 314 1120 Hac
336 1055 460 1122 theoria
503 1056 692 1132 raestituta,
712 1055 809 1121 faciie
836 1063 885 1120 est
907 1055 1091 1140 perspicere
1119 1073 1174 1119 ve·

110 1136 242 1210 ritatem
262 1137 359 1203 huius
380 1074 537 1203 secungae
558 1135 817 1225 Propositionis:

151 1218 297 1365 Emff
318 1219 488 1304 categorias
507 1219 664 1285 diuiditur
682 1241 744 1284 ooo
764 1231 920 1305 tamqnam
933 1238 1025 1302 penos
1034 1237 1093 1304 per
1105 1236 1175 1301 epe-

111 1301 184 1379 ciee,
206 1320 221 1363 e
278 1310 437 1387 tamquam
453 1320 511 1385 per
533 1302 670 1368 diversos
689 1302 793 1369 modos
814 1301 941 1365 essendi.

154 1382 312 1449 Probatur
334 1384 440 1469 prima
463 1404 547 1470 pars.
565 1385 631 1449 Ens
652 1384 741 1450 nuiio
764 1382 860 1449 modo
886 1398 1050 1467 tamquam
1071 1402 1174 1479 genus

112 1466 270 1551 assignari
292 1475 407 1550 potest.
430 1466 518 1551 Ergo
546 1486 602 1532 ens
624 1488 683 1553 per
709 1468 889 1552 categorias
918 1485 980 1529 non
1012 1463 1174 1529 dividitur

113 1558 279 1631 tamquam
313 1567 414 1644 genus
466 1568 503 1612 er
523 1550 658 1634 specics.
679 1548 888 1634 Quapropter
906 1547 1089 1631 categoriae
1110 1566 1172 1610 non

113 1628 234 1695 addunt
256 1637 323 1695 entr
345 1566 480 1727 alipii,
502 1628 589 1714 quod
610 1640 659 1697 est
679 1642 810 1717 praeter
828 1628 1000 1695 essentiam
1022 1630 1111 1703 eius,
1133 1648 1173 1691 eo

112 1710 220 1789 modo,
242 1730 308 1797 quo
329 1730 451 1798 species
473 1711 595 1777 addunt
615 1713 741 1799 aliquid
763 1713 886 1798 generi,
907 1708 994 1795 qnod
1013 1721 1105 1777 extra
1126 1709 1174 1794 ip

112 1793 179 1860 sius
199 1793 370 1859 essentiam
391 1804 452 1871 est,
474 1793 554 1860 nihil
576 1796 665 1860 enim
685 1816 753 1861 esse
769 1804 887 1882 potest,
912 1791 998 1879 qnod
1019 1794 1063 1857 sit
1082 1802 1174 1858 extra

112 1877 284 1941 essentiam
305 1875 399 1940 entis.

154 1958 222 2023 115.
247 1958 317 2021 Hoc
342 1954 429 2022 idem
456 1957 521 2023 alia
546 1957 673 2023 ratione
698 1956 881 2024 confirmari
910 1965 1037 2041 potest:
1063 1952 1174 2029 iilud,

113 2038 199 2123 quod
221 2039 362 2125 pertinet
382 2036 422 2103 ad
445 2059 556 2124 genus,
578 2040 728 2115 univoce,
751 2061 864 2125 nempe
883 2035 995 2104 eadem
1016 2035 1174 2123 signitica-

113 2124 201 2187 tione
223 2122 272 2186 sin
319 2118 360 2184 lis
380 2118 550 2205 speciebus
563 2130 612 2187 est
633 2120 874 2188 attribuendum
888 2123 914 2196 ⁴3
929 2141 960 2184 e.
983 2141 1036 2206 g.,
1055 2118 1176 2184 onimoi

113 2204 250 2270 univoce
294 2201 480 2280 chomine,
503 2210 536 2267 et
556 2202 595 2269 de
618 2203 722 2271 brutis
738 2203 955 2289 praedicatur:
977 2210 1175 2349 quapropter

114 2286 141 2352 si
164 2307 221 2351 ens
235 2304 335 2372 genos
349 2284 585 2369 categoriarum
598 2296 693 2364 esset,
710 2284 816 2370 ipsum
830 2285 870 2351 de
884 2287 924 2351 iis
944 2284 1040 2369 singu
1055 2284 1083 2348 is
1105 2283 1175 2347 aoei-

114 2390 185 2435 ooce
206 2365 458 2454 praedicandum
483 2365 578 2433 soret.
602 2369 703 2453 Atqui
718 2388 775 2433 ens
788 2369 828 2434 de
844 2367 979 2453 singuiis
999 2363 1172 2451 categoriis

114 2453 242 2517 univoce
263 2471 326 2515 non
350 2445 579 2532 praedicatum
602 2451 730 2514 namin
758 2451 897 2536 singuiis
923 2447 1095 2533 categoriis
1113 2466 1173 2510 ease

117 2533 255 2599 diversis
270 2529 375 2597 modis
388 2528 573 2608 exhibetur,
590 2552 607 2591 u
624 2529 709 2596 unde
730 2532 907 2619 unicuique
921 2529 1109 2617 [categoriae]
1123 2526 1173 2592 de·

116 2616 212 2681 betur
234 2615 385 2701 proprius
399 2609 513 2676 modus
530 2610 738 2696 praedicandi
753 2616 765 2651 ⁵
780 2634 810 2691 n;
828 2635 856 2679 e.
873 2636 919 2703 g.,
940 2613 976 2678 in
996 2612 1105 2700 prima
1124 2630 1174 2674 ea-

154 2815 162 2852 ·
182 2812 286 2867 Dicitur
303 2816 449 2871 differentia
467 2826 590 2884 potestate
601 2821 627 2870 in
639 2834 735 2884 genere
747 2820 885 2878 contineri,
898 2819 998 2884 quippe
1009 2818 1081 2882 pum
1092 2830 1174 2881 geum

116 2902 131 2937 a
151 2885 295 2939 differentia
316 2890 404 2949 pertici
423 2905 475 2943 non
495 2896 591 2955 potest,
606 2894 656 2943 niet
674 2894 708 2944 sit
726 2894 762 2943 ita
781 2893 947 2956 dispositum,
961 2897 991 2943 nt
1009 2892 1044 2941 ab
1062 2891 1113 2942 ineo
1130 2890 1174 2941 tc-

117 2960 253 3011 terminari
272 2967 362 3025 queat.

152 3030 165 3067 ²
184 3026 219 3083 Gi
237 3034 334 3097 topia,
354 3048 412 3097 par.
433 3032 455 3096 1,
475 3050 501 3085 c.
521 3032 542 3096 Ι,
562 3050 589 3088 a.
609 3036 637 3094 2.
658 3052 685 3101 p.
708 3039 736 3087 tt
759 3038 812 3089 rot.
835 3035 855 3087 Ι.

153 3104 165 3141 ³
184 3098 220 3155 ct
235 3119 258 3155 s.
278 3100 384 3166 Thom„
404 3105 426 3167 i,
447 3122 474 3171 q.
490 3104 536 3167 ΙΙΙ,
550 3121 578 3159 a.
592 3110 609 3159 5
622 3124 649 3161 o.
661 3108 746 3162 Nemo
764 3123 825 3162 vero
843 3108 974 3160 existimet
991 3122 1039 3159 ene
1056 3118 1115 3157 esee
1131 3119 1175 3169 ge·

119 3190 179 3236 nne,
199 3179 260 3241 quia
279 3179 365 3242 ipsum
384 3179 412 3230 tn
429 3192 492 3239 ena,
511 3179 582 3245 quoti
600 3188 641 3233 eet
659 3197 708 3245 per
725 3196 770 3240 ee,
790 3195 886 3246 nempe
903 3181 1083 3236 euoetonuont,
1101 3183 1130 3228 et
1147 3180 1172 3228 tn

118 3262 174 3307 ene,
195 3251 265 3313 qood
282 3256 323 3303 eet
341 3252 367 3301 in
385 3252 449 3311 atie,
467 3264 563 3316 nempe
582 3256 708 3314 occidens,
722 3256 858 3311 dividuum
877 3254 944 3303 naec
962 3254 1046 3310 enim,
1060 3252 1099 3301 uti
1111 3247 1175 3301 Boe·

120 3322 172 3372 tius
190 3317 335 3389 (Praedia,
354 3338 379 3375 o.
399 3317 429 3393 4)
447 3327 570 3384 monuit,
589 3340 641 3376 non
660 3334 701 3379 eet
718 3328 810 3379 divisio
829 3327 921 3377 stricte
939 3328 1046 3384 sumta,
1072 3323 1172 3373 scilicet

117 3406 188 3458 quae
201 3398 361 3458 perspectas
374 3394 414 3453 nt.
427 3397 473 3447 sed
485 3398 573 3461 potius
591 3401 722 3462 quaedam
734 3400 909 3450 enumeratio.
924 3392 960 3449 Gi
968 3410 991 3447 e.
1005 3394 1172 3454 Bamaeoen,

121 3465 240 3525 Dialem..
260 3481 286 3517 c.
308 3466 400 3519 ro.-¹
420 3464 456 3520 Gi
471 3471 571 3533 Lepte,
590 3484 649 3533 par.
671 3470 692 3530 t,
712 3486 738 3522 e.
759 3470 780 3529 i,
800 3486 826 3522 a.
846 3472 875 3527 tt.
895 3484 922 3534 p.
945 3470 979 3520 tu
997 3470 1052 3521 rot.
1071 3464 1094 3517 1.

157 3535 169 3572 ³
187 3536 217 3587 tn
235 3537 280 3588 tto.
299 3542 313 3591 1
329 3541 412 3601 Sene..
432 3538 499 3592 ittet.
517 3536 591 3603 xxi,
605 3556 633 3606 q.
648 3540 670 3605 Ι,
684 3558 710 3595 a.
724 3544 741 3596 3
754 3544 787 3595 ad
800 3543 828 3597 2.
848 3538 903 3597 iim
920 3546 1012 3595 autem
1029 3553 1083 3593 non
1098 3549 1173 3606 pree·
