2475 3909
489 172 761 222 suranornuocra
1064 151 1119 218 191

98 261 228 340 partem
252 251 386 331 formae,
410 277 471 320 uon
494 269 602 324 autem
625 257 780 322 materiae
801 254 833 318 in
855 253 982 319 bomine
1003 254 1161 339 expleret,

98 343 211 422 ipsum
232 334 317 402 foret
339 339 636 437 principiumque
657 339 752 405 bomo
773 337 869 414 vivit3
885 345 917 401 at
937 335 996 400 boc
1017 334 1087 402 lieri
1109 357 1162 402 ne·

97 419 200 505 quit,
222 421 299 515 qnia
320 440 449 506 corpora
475 444 534 508 per
555 444 588 488 se
611 423 755 509 inspecto
777 439 834 484 nec
856 419 992 496 vivere,
1015 441 1072 484 nec
1093 439 1162 485 esse

99 500 304 587 principium
327 504 456 570 vivendi
478 507 652 572 convenire
675 513 791 590 potest,
814 500 957 586 alioquin
979 521 1073 567 omne
1095 523 1164 568 cor-

100 603 164 668 pus
186 594 352 668 oporteret
372 607 441 653 esse
463 590 586 665 virens,
608 588 659 653 vel
682 585 879 674 principium
901 583 986 650 vitae
999 584 1022 647 ⁴.

144 666 193 730 19.
218 665 365 731 Alterum
388 681 614 755 argumentum
636 691 677 735 ex
700 669 769 754 ipsa
792 669 921 731 notione
943 665 1067 731 formae
1089 665 1165 732 sub-

98 746 260 813 stantialis
282 752 418 835 petitur:
442 751 489 816 Rc
510 751 640 837 quidem
663 772 760 827 vera,
784 748 907 815 tornae
929 747 1164 824 substantialis,

98 839 251 895 monente
273 837 300 896 Α
327 834 467 911 ninate⁸,
483 833 548 898 duo
569 844 644 899 sunt
659 855 717 920 pro
742 834 801 898 ria.
824 831 970 896 Primum
988 831 1020 894 iu
1035 852 1074 895 eu
1089 851 1164 896 cou-

100 912 213 989 sistit,
236 853 324 999 quob
344 917 414 1002 ipsa
437 918 512 993 rei,
535 918 628 981 cuius
649 928 696 982 cst
721 855 851 991 Forma,
874 933 934 976 esse
956 911 1165 979 substantiale

100 993 267 1079 largitur,
289 999 389 1064 veluti
414 999 612 1084 principium
643 999 880 1072 intrinsecum,
903 1016 943 1060 ex
963 1017 1029 1081 quo
1052 1015 1103 1061 res
1131 995 1164 1058 in

100 1096 161 1140 sua
176 1080 284 1163 specie
304 1080 554 1158 constituitur⁸3
570 1081 724 1158 alterum,
739 1078 826 1166 quod
841 1099 858 1142 a
876 1078 982 1175 primo
1004 1076 1087 1154 iluit,
1103 1086 1164 1155 est,

99 1156 190 1306 pund
212 1181 254 1224 ex
276 1160 378 1228 iorma
399 1163 629 1240 substantiali,
652 1173 744 1229 etex
769 1173 918 1235 materie,
941 1181 1023 1244 qnae
1045 1158 1086 1224 ab
1108 1158 1164 1223 illa

124 1244 337 1310 aterminatur
351 1246 390 1310 ad
405 1244 547 1330 aliquam
568 1267 639 1310 rem
661 1241 932 1318 constituendam,
948 1243 1081 1307 unicum
1104 1261 1165 1305 esse

101 1322 316 1393 substantiale
337 1329 506 1393 efficitur‘.
519 1329 617 1411 Atqui
640 1326 775 1392 dubium
798 1346 860 1390 uon
883 1334 943 1400 est,
958 1326 1037 1408 quin
1059 1323 1165 1386 anima

102 1425 182 1502 erga
206 1426 324 1493 corpus
351 1410 429 1475 baec
450 1409 516 1476 dno
539 1410 649 1474 munia
678 1407 789 1483 obeut3
812 1425 951 1488 namque
975 1404 1007 1469 1⁰
1029 1406 1165 1480 anima,

100 1499 152 1554 utr
174 1500 247 1554 ante
266 1491 407 1557 vidimus
418 1493 442 1567 ⁵,
454 1512 514 1556 cess
529 1492 658 1578 corpori
682 1490 819 1576 largitur
840 1487 938 1553 veluti
956 1485 1165 1574 principium,

101 1591 169 1656 quo
190 1593 243 1636 res
255 1585 304 1640 est
318 1574 366 1653 id,
381 1574 468 1660 quod
483 1583 548 1650 est3
565 1572 651 1638 unde
673 1593 805 1659 corpus,
820 1579 989 1654 antequam
1004 1566 1044 1634 ab
1058 1567 1167 1632 anima

105 1652 315 1732 informetur,
331 1679 394 1721 non
415 1669 465 1723 est
483 1674 602 1741 corpus
623 1656 812 1730 humanum,
827 1663 860 1718 et
873 1653 981 1717 statim
1002 1671 1040 1715 ae
1060 1649 1168 1744 anima

105 1733 149 1800 ab
170 1757 210 1801 eo
230 1749 412 1823 separatur,
428 1759 546 1823 corpus
565 1739 742 1802 humanum
765 1755 833 1802 esse
855 1733 986 1799 desinit.
1000 1731 1035 1796 2⁰
1050 1735 1169 1796 Anima

105 1839 183 1882 cnm
206 1839 343 1917 corpore
364 1842 465 1886 unum
480 1841 542 1885 esse
562 1817 769 1884 substantiale
789 1816 971 1888 constituit;
988 1833 1125 1897 namque
1140 1811 1168 1876 si

105 1901 180 1985 ipsa
202 1901 454 1968 intrinsecarum
474 1903 619 1988 corporis
641 1902 821 1978 constituit,
836 1917 965 1963 necessa
987 1907 1035 1962 cst
1055 1905 1092 1961 ut
1104 1914 1169 1959 una

106 2003 183 2047 cum
204 2003 261 2048 cor
304 2007 339 2051 re
361 1987 493 2051 unicum
515 2003 584 2050 esse
604 1983 814 2050 substantiale
836 1980 984 2047 efficiat⁸.
1007 1980 1095 2063 Ergo
1116 1997 1170 2040 ne-

107 2065 190 2129 mini
212 2063 254 2131 dn
281 2069 349 2133 ium
370 2087 440 2132 csse
461 2076 588 2163 potest,
610 2067 692 2153 quin
714 2067 821 2131 anima
844 2085 918 2129 cnm
940 2081 1096 2146 corpore,
1118 2078 1171 2122 ve·

107 2145 170 2212 luti
191 2145 297 2214 forma
318 2147 539 2216 substantialis
560 2171 635 2214 cum
656 2149 804 2226 materia,
825 2145 1006 2232 copuletur.

150 2228 202 2295 20.
227 2230 324 2318 Prop.
346 2231 394 2297 Υ.
417 2232 553 2308 Anima,
575 2250 649 2318 quoe
674 2239 716 2293 est
743 2233 844 2325 [ormo
864 2224 1077 2293 substantiolis
1101 2243 1168 2288 cnr·

100 2313 205 2394 poris,
227 2333 290 2377 ooo
310 2324 367 2392 est,
387 2314 452 2378 nisi
470 2316 581 2378 animo
601 2312 802 2392 intellectiva,
825 2314 888 2378 sice
908 2310 1086 2375 rationalis.

149 2391 307 2460 Probatur
328 2403 440 2462 contra
463 2418 525 2462 non
547 2415 683 2495 panem,
705 2415 825 2480 eosque
847 2393 1037 2480 praesertim
1058 2405 1169 2454 recen·

107 2482 168 2552 tes,
190 2477 262 2562 qui,
284 2488 322 2544 ut
340 2476 428 2543 inira
449 2475 645 2557 ridebimus,
669 2488 815 2565 pugnant
836 2477 989 2554 animam,
1011 2492 1077 2570 pua
1100 2489 1170 2535 cor-

106 2575 169 2703 pus
188 2559 283 2636 vivit,
300 2580 446 2626 nonesse
467 2560 609 2626 animam
630 2560 875 2636 intellectivam,
889 2556 945 2624 sed
967 2573 1106 2621 ammam
1128 2551 1169 2617 ab

130 2658 167 2704 ac
187 2638 362 2719 diversam,
385 2664 482 2731 quam
499 2643 698 2730 principium
720 2643 813 2708 nitate
834 2649 959 2710 vocant.
982 2638 1113 2715 Forma,
1135 2643 1172 2701 ut

466 2781 793 2806 --—-·-·—-·ss·

143 2853 153 2889 1
176 2850 197 2911 l,
217 2866 245 2917 q.
265 2848 371 2913 LXXV,
391 2868 417 2904 a.
441 2855 451 2904 l
473 2852 551 2905 c.-²
569 2857 658 2908 contr.
679 2856 767 2916 Gens„
787 2856 834 2908 lib.
856 2853 889 2915 11,
911 2870 937 2908 e.
958 2855 1003 2916 68,
1023 2870 1050 2908 ιι.
1072 2853 1099 2905 2.

141 2922 154 2962 ⁸
173 2920 209 2977 Ci
224 2927 347 2985 carmel„
365 2927 419 2978 loc.
438 2927 498 2986 cit„
518 2941 545 2990 p.
566 2926 697 2979 102-103.

145 2995 156 3033 ⁴
176 2994 256 3058 ibid..
269 3012 297 3062 p.
314 2997 376 3049 tot.
390 2997 500 3062 Propter
518 2999 586 3049 baec
604 3001 658 3052 duo
676 2999 760 3052 forms
781 3001 971 3060 substantialis,
987 3012 1056 3065 quse
1075 2997 1173 3062 princi-

106 3070 182 3135 pium
201 3070 314 3121 tormste
332 3073 371 3122 rei
389 3073 471 3122 etism
491 3075 612 3133 rocstur,
633 3087 648 3124 a
669 3074 797 3140 principle
816 3075 945 3128 alliciente
964 3071 1170 3126 discriminatus

106 3143 170 3207 quis
195 3145 356 3208 principium
381 3143 498 3196 efficiens
523 3145 636 3210 largitur
653 3161 708 3198 esse
725 3149 763 3198 rel
782 3161 834 3199 non
852 3161 885 3198 es
904 3161 935 3200 eo
953 3146 1022 3210 quod
1042 3143 1173 3206 compost-

106 3217 206 3267 tionesn
227 3217 309 3278 ipsias
326 3218 365 3266 rei
385 3217 541 3281 ingreditur,
556 3217 601 3268 scil
619 3231 652 3269 ex
670 3231 703 3270 so
721 3221 792 3283 quod
811 3234 868 3271 rem
886 3221 989 3271 actione
1009 3231 1054 3268 sna
1076 3215 1174 3279 produ-

107 3289 157 3346 cit,
176 3293 258 3353 atque
277 3304 331 3340 esse
348 3290 406 3341 elus
424 3302 476 3340 non
494 3295 536 3341 est
555 3291 626 3340 idem
645 3304 677 3342 sc
695 3306 750 3345 esss
769 3296 807 3344 rei
827 3294 980 3358 productae,
1000 3290 1045 3341 sed
1064 3288 1097 3339 ab
1116 3289 1172 3350 ipsa

107 3363 218 3412 omnino
236 3363 467 3426 distinguitur.-²
484 3361 514 3414 P.
536 3362 598 3414 itt.

147 3432 161 3470 ⁶
181 3453 192 3478 ι
214 3431 310 3486 Anima
332 3435 396 3486 tlinrl
414 3449 484 3495 esse,
505 3436 531 3486 in
549 3448 603 3500 quo
622 3435 750 3499 subsistit,
770 3440 949 3491 communicat
968 3435 1095 3488 materiae
1115 3447 1173 3482 cor-

109 3506 218 3570 porali:
237 3522 270 3558 es
288 3521 360 3572 qna,
380 3513 407 3559 et
425 3509 514 3560 snlms
534 3509 694 3561 intellectiva
714 3511 745 3562 tit
762 3527 856 3572 unum,
878 3513 913 3564 ita
932 3511 1002 3576 quod
1021 3508 1085 3560 illuri
1104 3518 1172 3565 esse,

108 3578 182 3643 qnod
200 3585 241 3704 epi
260 3582 340 3634 totius
358 3583 516 3648 compositi,
537 3587 577 3634 est
594 3585 676 3636 etiam
696 3585 777 3651 ipsius
795 3587 900 3638 animae
923 3605 947 3646 η
968 3583 988 3646 l,
1008 3598 1036 3650 q.
1056 3575 1173 3637 11111111»

110 3665 137 3702 s.
161 3654 171 3702 t
193 3666 208 3703 s
245 3655 273 3706 5.
