2475 3909
150 153 210 217 172
465 195 470 203 -
514 168 748 219 nrsnurnoutn

148 254 220 317 212.
245 252 336 317 Hanc
357 253 529 318 veritatem
556 253 671 316 intima
694 251 852 333 cuiusque
874 245 1077 331 experientia
1105 265 1183 311 oon·

106 332 228 408 tirmat;
252 332 413 417 siquidem
435 335 584 430 quisquis
604 333 656 397 vel
679 332 826 417 plebeius
840 330 989 394 conscius
1003 326 1066 391 sihi
1081 337 1131 393 est
1146 348 1181 391 se

105 434 127 477 a
151 415 240 479 nulla
262 417 295 480 ri
316 416 499 479 extrinseca
515 414 638 501 impelli
657 434 761 500 posse,
777 425 814 479 ut
826 412 906 477 velit
918 410 1004 496 quod
1019 428 1084 473 non
1097 409 1180 485 vult,

105 503 165 561 aut
186 496 269 560 nolit
289 496 375 581 quod
398 497 477 562 vult.

148 576 220 643 213.
244 576 398 642 Diximus
422 580 456 641 io
475 576 596 642 actibus
618 578 669 641 sui
680 576 839 663 propriis,
853 585 880 639 et
896 572 1086 642 intrinsecis:
1102 590 1180 633 nam

106 656 263 722 violentia
286 658 400 723 inferri
421 669 526 743 potest
545 659 579 722 in
600 671 703 737 actus,
719 659 775 745 qui
799 678 817 721 a
838 656 1002 723 voluntate
1018 655 1181 735 imperan-

105 748 183 813 tur,
206 749 239 803 et
261 740 329 805 sine
352 740 508 805 memhris
529 742 676 826 corporis
695 739 806 827 perfici
828 746 1000 823 nequeunt.
1031 737 1076 798 At
1101 752 1179 796 vero

104 818 261 886 violentia
282 820 315 884 in
337 824 395 887 hos
416 833 506 888 actus
529 823 687 899 insertur,
716 843 779 887 nou
807 830 966 907 quatenus
989 818 1052 903 ipsi
1074 823 1177 890 actus,

102 903 163 985 qui
187 923 205 965 a
229 902 391 970 voluntate
405 915 608 990 promanant,
624 906 809 970 efficiuntur
824 924 880 989 per
894 904 1106 968 coactionem,
1121 896 1179 993 sed

103 993 266 1078 quatenus
288 1008 305 1046 n
330 988 473 1051 memhra
502 988 650 1071 corporis
677 986 919 1071 impediuntur,
941 1006 982 1049 ne
1003 979 1180 1045 voluntatis

104 1067 283 1160 imperium
304 1068 563 1153 exequanturht.
587 1069 626 1132 E.
645 1087 690 1151 g,
714 1089 805 1133 sume
828 1068 970 1153 aliquem
993 1062 1031 1127 ad
1054 1059 1180 1143 suppli-

102 1166 192 1217 crum
215 1148 317 1227 trahi;
339 1160 426 1215 certe
448 1160 515 1216 tota
536 1150 597 1226 vis,
619 1159 653 1214 et
674 1152 799 1215 ctraetio
821 1151 977 1216 trahentis
999 1162 1177 1227 numquam

102 1228 260 1307 ancient,
282 1243 319 1297 ut
341 1233 396 1297 ille
418 1232 498 1298 velit
519 1231 557 1295 ad
581 1232 780 1319 supplicium
806 1232 909 1307 trahi,
938 1240 994 1295 aut
1021 1226 1102 1290 nolit
1130 1220 1177 1300 id,

101 1330 171 1394 quo
193 1328 275 1457 opus
297 1324 361 1390 est,
384 1325 421 1380 ut
442 1314 481 1378 ad
505 1314 703 1398 supplicium
733 1334 798 1377 non
826 1314 1005 1378 trahatur².
1031 1305 1126 1383 Quod
1149 1308 1178 1369 si

102 1411 180 1455 reus
200 1414 217 1456 a
234 1394 375 1478 iquando
397 1395 632 1481 suppliciorum
655 1396 858 1459 immanitate
883 1393 1080 1479 defatigatus
1101 1408 1180 1453 con—

104 1470 214 1539 fitetur
236 1476 361 1541 crimen
383 1478 423 1542 ab
446 1498 480 1540 se
502 1486 683 1560 patratum,
712 1474 861 1541 voluntas
883 1478 954 1541 eius
976 1492 1089 1540 revera
1111 1486 1179 1535 non

102 1556 253 1640 mgitur,
278 1558 356 1641 quin
379 1560 451 1646 ipse
473 1560 581 1644 reipsa
607 1558 678 1623 vult
704 1558 787 1622 hane
814 1558 1068 1631 contessionem,
1099 1553 1178 1638 quia

100 1636 195 1702 illam
218 1640 324 1702 instar
346 1640 422 1711 honi
443 1639 670 1725 apprehendit,
694 1660 809 1725 nempe
834 1649 998 1726 tamquam
1020 1646 1178 1732 opportu-

103 1738 179 1788 num
202 1718 355 1785 liniendis
376 1722 558 1788 tormentis.
583 1722 668 1785 llinc
690 1719 741 1797 fit,
767 1730 804 1785 ut
824 1742 917 1798 reus,
945 1722 1074 1785 etiamst
1103 1737 1179 1803 per-

101 1799 218 1879 multa,
241 1812 274 1866 et
293 1805 455 1888 exquisita
475 1811 636 1868 tormenta
658 1802 814 1889 patiatur,
830 1812 938 1867 tamen
961 1801 1062 1887 possit
1083 1820 1178 1862 nnm-

98 1888 200 1965 quam
222 1904 318 1948 suum
340 1887 486 1949 animum
516 1883 670 1949 inducere
692 1882 732 1947 ad
756 1883 844 1947 illam
873 1882 1123 1957 confessionem,
1147 1883 1177 1944 si

100 1964 222 2029 nnllam
246 1963 321 2029 honi
345 1967 505 2031 rationem
527 1969 564 2036 in
582 1988 620 2030 ea
643 1963 893 2050 deprehendit⁸.

276 2092 614 2145 dur.Vll.-l)eclaratur
633 2099 727 2143 natura
747 2092 875 2143 libertatis
894 2092 995 2143 arbitrii

141 2196 214 2261 att.
238 2197 386 2263 Libertas
408 2195 551 2274 arbitrii,
576 2209 612 2263 ut
632 2219 658 2264 s.
676 2199 814 2264 Thomas
837 2202 954 2285 inquit,
970 2199 1117 2263 consistit
1138 2197 1176 2262 in

99 2288 260 2362 potestate
282 2278 406 2363 aliquid
429 2277 572 2363 eligendi
586 2282 612 2355 ⁸;
642 2300 716 2345 nam
744 2280 879 2346 libertas
900 2282 1046 2360 arbitrii,
1069 2288 1105 2345 ut
1125 2277 1177 2342 di·

98 2360 220 2438 ximus,
242 2360 352 2426 reddit
372 2360 570 2426 voluntatem
586 2362 767 2427 immunem
788 2385 806 2427 a
827 2365 943 2450 quavis
958 2360 1095 2429 naturali
1117 2382 1176 2425 ue-

98 2441 265 2517 cessitate,
289 2463 326 2507 ac
347 2440 486 2527 proinde
507 2444 620 2519 etheit,
642 2456 679 2511 ut
702 2446 773 2531 ipsa
795 2446 982 2513 dominetur
1002 2446 1071 2510 suis
1093 2444 1177 2508 acti-

31 2548 38 2557 ·
99 2521 161 2588 hus
174 2526 199 2600 ⁵;
220 2523 368 2589 voluntas
390 2535 498 2589 antem
521 2528 589 2589 suis
610 2526 737 2591 actibus
752 2526 912 2601 dominari
927 2528 1049 2594 dicitur
1063 2546 1103 2591 ex
1118 2543 1175 2601 ao,

100 2605 188 2690 quod
212 2617 318 2690 potest
339 2606 410 2681 hoc,
432 2604 481 2670 rel
505 2607 586 2671 illud
610 2610 733 2693 eligere
744 2612 768 2673 ³.

139 2686 211 2752 215.
235 2689 347 2753 Exeo
369 2699 489 2764 autem,
510 2689 594 2774 quod
618 2689 750 2755 libertas
772 2690 900 2758 arbitrii
915 2690 1063 2756 consistit
1083 2688 1116 2751 in
1139 2706 1175 2751 e-

96 2767 250 2845 lectione,
272 2770 352 2846 siva,
374 2779 412 2835 nt
432 2768 520 2834 idom
540 2791 566 2835 s.
582 2771 719 2837 Thomas
740 2774 858 2857 inquit,
875 2776 908 2839 in
945 2770 1175 2855 recucceptionc

98 2852 195 2915 euius
217 2863 357 2933 respecto
376 2852 544 2928 atteriuo',
570 2852 745 2921 deducitur
761 2866 875 2922 contra
945 2854 1175 2952 addigtonum-

98 2931 274 3009 liastumt,
297 2933 454 3017 aliosque,
479 2931 662 3001 libertatem
683 2936 825 3015 arbitrii,
840 2949 937 3023 prout
949 2936 1075 3002 homini
1095 2954 1175 2999 con·

97 3016 212 3079 renim
234 3023 356 3110 potest,
385 3016 592 3101 expostulare
621 3028 860 3084 momentomm
888 3017 1172 3091 consultationem,

95 3114 156 3160 seu
178 3094 459 3173 deliberationem,
474 3116 559 3182 qnae
580 3101 790 3167 constituitur
811 3122 852 3165 ex
873 3120 925 3178 eo,
947 3098 1034 3187 quod
1056 3099 1172 3165 volun-

431 3262 751 3312 flp—-u-——n—-l—

133 3400 143 3436 ¹
167 3398 194 3447 t·
213 3397 264 3457 ²¹¹.
283 3412 312 3461 q.
332 3394 380 3456 Vl,
400 3397 659 3459 a.to.—²1tru‚,
681 3400 734 3450 loc.
756 3400 807 3451 eit.

133 3470 145 3508 ³
165 3472 290 3533 1btd.,q.
310 3470 370 3529 ott„
390 3484 417 3520 ι.
438 3468 455 3519 6
474 3471 506 3519 ad
533 3468 606 3520 l.-⁴
627 3469 648 3531 l,
669 3485 697 3535 q.
717 3468 860 3533 lxxxut,
880 3478 907 3539 el
928 3474 945 3525 3
964 3490 990 3525 o.

133 3536 200 3592 ³Ct
216 3556 242 3604 p.
264 3540 378 3593 tan-⁶
397 3539 418 3600 l,
438 3556 467 3605 q.
486 3536 617 3601 Lxxxn,
641 3558 666 3594 n.
690 3544 701 3593 l
724 3545 756 3593 nd
777 3542 804 3593 3.

127 3614 146 3659 ’7
166 3613 193 3667 ¹⁸
212 3613 264 3674 Ψ,
284 3628 311 3681 q.
331 3610 403 3676 lllll,
424 3625 451 3664 a.
471 3612 488 3666 Ξ
508 3615 586 3667 c.-⁸
603 3618 644 3670 Do
662 3616 747 3669 tuma
764 3616 896 3678 bnmutoa,
916 3630 943 3671 ο.
964 3619 991 3681 s,
1012 3623 1079 3673 sect.
1100 3619 1129 3674 2.
