2475 3909
507 230 739 279 nrnnutuoom
1051 206 1110 273 181

101 318 258 381 raeticum
291 336 361 380 esse
394 315 669 393 determinatum,
690 314 859 399 alioquin,
890 320 928 377 ut
950 310 1048 395 paulo
1080 316 1153 373 ante

80 338 237 473 biximns,
252 396 342 461 nulla
363 396 540 464 voluntatis
562 397 646 463 actio
663 400 770 483 ipsum
793 395 944 479 consequi
962 402 1081 478 possen
1098 390 1153 455 sed

79 479 306 545 contendimus
338 499 403 544 nnn
429 500 498 545 esse
526 478 672 543 absolute
695 476 936 550 necessarium,
959 477 1036 558 quia
1060 472 1153 538 intel-

81 564 183 627 lectus
205 563 249 626 ita
271 561 418 637 indicat,
441 574 478 627 ut
498 564 659 647 potuisset
684 580 777 625 secus
803 560 972 632 iudicare,
996 553 1152 641 quemad-

83 642 217 708 modum
239 644 272 707 in
295 642 579 709 enunciationibus
605 640 831 730 probabilibus
858 660 947 705 mens
974 639 1018 704 ita
1042 637 1151 702 inbae-

81 734 128 789 ret
151 725 208 787 uni
233 726 330 809 parti,
353 737 390 790 ut
416 725 509 790 alteri
534 726 632 789 etiam
654 724 829 790 adhaerere
852 724 1019 808 potuisset.

116 806 189 869 ult.
214 806 274 870 llis
296 808 515 891 praestitutis,
537 807 795 871 demonstramus
823 814 1007 891 sequentem
1029 801 1151 884 Propo-

78 888 246 951 sitionem:

124 967 272 1033 Voluntas
292 990 353 1033 non
369 980 465 1055 potest
487 968 656 1055 quidqunm
678 989 765 1052 opere
787 978 893 1033 contro
907 965 1079 1052 illud,puod
1101 964 1149 1025 in-

76 1049 213 1193 tbellectas
229 1052 352 1195 peltimo
371 1052 491 1116 indicio
508 1052 649 1137 practico
670 1051 806 1116 decernit
822 1052 953 1139 ¹,·nepue
968 1050 1002 1113 id
1023 1050 1089 1113 cias
1112 1046 1153 1109 li-

97 1143 189 1194 ertotr
210 1152 227 1193 o
247 1144 302 1197 ert.

121 1211 280 1278 Probatur
295 1214 400 1301 prima
422 1235 505 1299 pars.
521 1215 692 1289 Matinum,
710 1235 774 1299 qno
790 1213 936 1281 voluntas
952 1210 1076 1298 aliquid
1093 1208 1152 1289 eli-

77 1294 141 1389 pit,
165 1314 229 1357 non
252 1298 313 1361 nisi
335 1295 487 1361 ultimum
510 1295 671 1361 iudicium
694 1298 874 1383 pedaticum
898 1293 1150 1371 intellectus,uti

77 1396 142 1439 ram
165 1378 376 1453 ostendimus,
390 1397 459 1443 esse
481 1386 596 1464 potest;
611 1388 822 1464 quapropter,
838 1379 864 1443 si
880 1380 1029 1444 voluntas
1045 1387 1152 1462 posset

75 1456 200 1541 eligere
227 1459 316 1523 aliud
340 1480 378 1523 ac
400 1458 503 1533 illud,
526 1459 612 1544 quod
636 1480 696 1545 per
722 1459 906 1526 huiusmodi
933 1459 1091 1525 indicium
1108 1456 1150 1521 ab

74 1539 242 1605 intellectu
265 1541 326 1605 sibi
349 1541 567 1626 proponitur,
590 1542 706 1607 electio
729 1541 904 1609 voluntatis
933 1542 1001 1606 sine
1024 1541 1148 1604 motivo

74 1622 239 1687 existeret.
268 1624 388 1707 Atqui,
412 1625 459 1687 uti
484 1622 583 1688 ctiam
605 1624 901 1690 demonstravimus
918 1627 945 1699 ²,
972 1620 1150 1686 absurdum

75 1714 125 1767 est
147 1703 338 1769 electionem
371 1705 545 1770 voluntatis
579 1705 699 1790 absque
728 1708 850 1771 motivo
879 1708 1029 1771 existere.
1047 1704 1148 1799 Ergo.

119 1786 276 1851 Probatur
298 1787 398 1851 altera
421 1806 505 1871 pars.
530 1786 636 1853 Radix
659 1786 836 1867 libertatis,
861 1792 943 1854 sicut
966 1808 1077 1857 canan,
1102 1806 1151 1849 rn-

76 1868 210 1934 reuitur
232 1870 264 1931 in
280 1868 412 1955 praevio
436 1866 560 1933 iudicio
581 1868 776 1945 intellectus;
793 1878 1005 1957 quapropter,
1021 1866 1151 1931 etiamsi

78 1948 228 2016 voluntas
250 1961 361 2016 contra
389 1949 541 2015 ultimum
570 1951 732 2016 iudicium
755 1954 933 2035 practicam
956 1968 1022 2014 sese
1045 1945 1151 2013 deter-

78 2030 205 2095 minare
226 2052 290 2096 non
314 2033 427 2117 possit,
443 2042 550 2097 tamen
574 2035 646 2097 eius
669 2042 758 2098 actus
782 2043 856 2099 sunt
877 2031 985 2109 liberi,
1002 2028 1151 2094 dnmmo-

75 2112 120 2174 do
142 2125 384 2199 consequantur
409 2112 569 2177 iudicium
592 2114 750 2193 liberum,
774 2137 888 2201 nempe
910 2109 1090 2187 eiusmodi,
1114 2122 1151 2177 ut

75 2191 176 2259 aliter
196 2194 268 2260 lieri
292 2196 457 2281 potuisset.
486 2197 603 2279 btqni,
627 2206 662 2263 nt
684 2196 749 2261 iam
776 2209 939 2264 ostensum
968 2194 1063 2259 nobis
1088 2204 1148 2269 est,

74 2287 172 2341 actus
195 2276 369 2341 voluntatis
389 2287 632 2361 consequuntur
654 2276 829 2355 iudicium,
852 2278 941 2364 quod
963 2276 1055 2341 aliter
1077 2274 1152 2341 lieri

75 2360 247 2439 potuisset.
276 2360 364 2443 Ergo
390 2380 432 2422 ex
456 2380 519 2433 eo,
542 2358 628 2444 quod
657 2359 806 2425 voluntas
833 2382 897 2427 non
924 2368 1030 2457 potest
1055 2354 1151 2438 quid-

73 2458 176 2582 puam
197 2460 293 2525 agere
314 2450 425 2505 contra
449 2438 650 2537 illud-qnod
675 2442 856 2508 intellectus
879 2441 995 2506 ultimo
1017 2457 1077 2501 suo
1100 2435 1151 2500 in·

100 2523 167 2585 icio
189 2522 334 2606 practico
357 2520 524 2597 decernit,
549 2522 647 2600 nibil,
671 2522 755 2608 quod
783 2523 855 2587 eius
876 2520 1021 2587 libertati
1043 2518 1148 2593 obest,

71 2602 149 2666 elici
177 2612 291 2688 potest.
314 2602 348 2665 ld
374 2625 415 2667 ex
443 2624 483 2667 en
505 2600 737 2682 confirmatur,
761 2603 849 2690 quod
870 2603 1039 2679 voluntas,
1063 2610 1100 2663 ut
1121 2620 1146 2664 s.

72 2683 301 2750 bonaventura
326 2685 473 2770 inquit⁸,
499 2710 517 2748 n
539 2706 602 2749 uon
626 2687 774 2771 sequitur
793 2683 1020 2783 principaliter
1041 2692 1150 2746 actum

72 2764 216 2831 alienum
245 2768 367 2852 (nempe
395 2766 604 2913 intellectnap,
635 2768 703 2834 imo
733 2778 844 2853 potrus
871 2778 978 2833 ectum
1007 2762 1149 2827 alienum

72 2849 174 2914 trabit
200 2848 240 2911 ad
272 2848 443 2946 proprium
467 2869 509 2924 »3
531 2850 562 2913 vi
586 2849 702 2926 elicet,
723 2850 794 2934 ipsa
815 2845 964 2914 voluntas
992 2847 1025 2909 in
1047 2844 1151 2910 consi-

73 2929 157 2994 lium
179 2929 313 2995 adhibet
334 2929 548 3005 rntettectnm,
570 2931 708 3014 eiusque
731 2931 942 2997 attentionem
963 2926 1003 2993 ad
1018 2927 1079 2993 boc
1093 2946 1150 3011 po·

71 3013 155 3087 tius,
178 3032 275 3097 quam
302 3008 342 3075 ad
371 3009 459 3076 aliud
481 3010 768 3096 contemplandum
790 3013 962 3089 convertit3
986 3020 1082 3076 atne
1105 3009 1150 3074 ita

70 3095 194 3170 efficit,
223 3105 259 3159 ut
279 3092 461 3158 intellectus
492 3093 552 3158 boc
584 3094 714 3188 potius,
742 3114 841 3177 quam
869 3094 958 3160 aliud
985 3031 1149 3158 iubicium

70 3176 256 3262 practicam
279 3176 478 3259 pronuntiet.
494 3175 528 3241 Si
552 3176 657 3261 igitur
681 3196 723 3240 ex
744 3172 920 3242 voluntatis
941 3174 1080 3261 imperio
1102 3176 1151 3239 in·

107 3401 119 3442 ⁴
140 3407 190 3470 (tq,
210 3406 309 3468 dtrpp..
330 3405 370 3454 De
390 3399 464 3463 Ver,
484 3418 511 3469 q.
532 3400 634 3465 lllllV,
654 3419 681 3456 a.
701 3404 717 3457 b
738 3420 762 3457 o.
785 3402 897 3459 Sanctae
921 3403 1019 3457 linctor
1044 3404 1095 3456 hoc
1122 3406 1149 3457 tn

70 3480 133 3529 tneo
152 3490 259 3543 qnoque
278 3476 427 3527 observarit
448 3476 592 3527 electiones
612 3478 682 3536 tttas,
696 3491 765 3542 quoe
784 3479 842 3531 tlert
862 3480 985 3530 ridentur
1004 3484 1095 3529 eontra
1115 3480 1147 3529 it·

71 3551 129 3607 rud,
148 3548 220 3613 quod
240 3548 393 3599 tntetleetus
412 3549 522 3607 iudicat,
542 3552 690 3607 contrarias
709 3565 766 3602 esso
786 3552 885 3603 iudicio
903 3552 1022 3615 practico
1042 3552 1148 3603 unirer-

71 3624 133 3681 nit,
154 3626 182 3672 at
201 3635 255 3671 noo
275 3622 325 3680 tttt,
345 3622 415 3685 quod
436 3623 560 3672 ultimum
580 3622 751 3672 dicitnr—²
770 3618 806 3675 Gt*
822 3639 849 3687 p.
873 3625 933 3675 ¹78.

107 3692 171 3750 'tn
188 3694 234 3747 ot.
256 3696 286 3747 tt
302 3696 386 3756 Sene,
408 3691 474 3746 bist.
496 3689 579 3756 xxv,
600 3709 628 3759 p.
651 3692 671 3757 l,
692 3708 718 3754 a.
740 3710 798 3761 un„
819 3710 847 3763 q.
869 3696 885 3749 o
904 3698 940 3750 od
958 3709 1017 3761 nra.
