2475 3909
128 137 168 203 ἳδ
532 167 714 219 ouroecota

86 240 297 383 pualitatem,
320 266 417 331 quam
440 259 554 318 natura
580 258 720 324 alicuius
741 259 878 329 subiecti
900 267 1101 350 expostulat,
1124 280 1161 337 et

86 319 182 419 ilius·
198 327 364 426 qualitatis
386 330 566 429 delectum,
591 360 621 403 e.
646 362 691 438 p,
715 343 801 407 inter
822 345 1000 443 visumst
1020 354 1162 417 caecita-

85 414 151 468 tem
173 428 205 469 rn
227 408 367 476 homme.
384 414 532 501 lienique
547 423 710 506 oppositio
733 426 976 493 contradictoria
996 442 1045 497 est
1064 455 1163 518 repu-

87 488 219 581 gnantia
242 490 327 556 inter
347 516 413 571 ears,
429 511 462 563 et
478 520 542 564 non
565 523 634 567 ens.
657 506 767 582 Quare
790 509 1039 577 contradictorie
1054 537 1163 601 oppo-

85 580 144 634 sita
168 571 327 639 eiusmodi
351 589 446 657 sunt,
470 591 506 647 ut
528 583 656 650 nullum
679 588 823 655 medium
846 592 930 657 inter
950 614 989 661 ea
1015 599 1161 664 existere

85 650 198 735 possit,
221 657 298 741 quia
320 659 401 723 nihil
425 662 526 730 medii
548 678 597 731 est
623 668 707 734 inter
727 691 802 751 esse,
825 685 857 738 ct
877 696 938 738 non
958 698 1020 741 esse
1040 682 1101 744 rei.

484 792 663 860 Garvr
696 800 751 864 Ν.

440 912 485 977 lie
505 918 649 985 veritate
672 924 801 988 entium

173 1030 239 1083 dar.
260 1031 281 1083 Ι.
295 1062 326 1071 -
339 1033 512 1099 Explicantur
532 1045 674 1094 nonnullae
695 1048 813 1097 notiones
832 1049 901 1098 circs
923 1053 1062 1105 veritatem

123 1150 173 1213 76.
197 1146 325 1212 Veritas
345 1159 468 1231 spectat
488 1166 551 1213 essa
574 1172 710 1229 rerum,
735 1167 831 1237 prout
857 1155 942 1221 istud
965 1157 1004 1221 ad
1027 1160 1155 1229 intelle-

82 1240 170 1295 ctum
192 1228 302 1314 aliquo
324 1229 419 1293 modo
437 1228 586 1296 refertur.
601 1233 808 1320 Quapropter
828 1240 947 1304 veritas
970 1240 1004 1305 in
1024 1246 1159 1312 uuiver-

83 1332 154 1376 sum
178 1310 379 1377 considerata
408 1312 581 1378 delinitur:
612 1315 824 1401 adaequatio,
848 1321 916 1384 sive
942 1328 1154 1393 conuenientia

81 1397 129 1456 rei
134 1442 141 1469 ,
157 1406 184 1458 et
199 1396 380 1469 intellectum
396 1407 428 1460 et
444 1394 575 1461 falsitas:
598 1398 804 1483 inaequalitas
825 1403 884 1480 rei,
899 1414 926 1465 et
940 1403 1110 1473 intellectus
1126 1412 1152 1474 ¹.

122 1478 174 1541 77.
197 1476 265 1541 lam
288 1499 338 1541 res
361 1476 401 1540 ad
423 1478 622 1546 intellectum
655 1481 770 1546 referri
798 1495 930 1565 possunt
957 1487 1008 1551 vel
1038 1503 1157 1572 quate·

81 1577 143 1621 nus
164 1558 204 1623 ab
227 1558 283 1623 illo
307 1558 553 1643 producuntur,
576 1561 624 1624 vel
648 1560 817 1631 dumtaxat
837 1576 997 1650 qarateuus
1018 1570 1060 1634 ab
1081 1574 1156 1658 ipso

81 1652 330 1724 cognoscuntur.
353 1644 392 1708 E.
417 1662 467 1725 g.,
490 1662 601 1706 omnes
632 1664 683 1707 res
709 1648 872 1712 naturales
900 1648 1090 1718 reseruntur
1112 1659 1155 1721 ad

81 1722 282 1787 intellectum
306 1722 458 1788 Divinum
482 1724 583 1809 priori
613 1727 758 1804 ratione,
782 1730 860 1812 quia
881 1729 972 1825 ipsae
994 1732 1035 1796 ab
1060 1735 1156 1802 lutei-

80 1805 165 1843 ιώ
191 1804 308 1851 naum
331 1828 392 1857 nan
445 1806 777 1883 inmoounoscuntur,
793 1810 963 1877 sedetiam
983 1834 1154 1883 essesuum

67 1862 265 1947 ,accipiunu
289 1859 328 1924 ad
354 1826 549 1926 inidiectum
572 1876 679 1925 autem
701 1887 878 1929 aaronem„
907 1896 1076 1951 „mama
1100 1920 1155 1963 fa,

32 1975 48 2014 r
80 1944 190 2019 tione,
213 1946 289 2026 quia
312 1942 353 2008 ab
375 1945 447 2029 ipso
468 1942 636 2007 dumtaxat
662 1956 911 2027 cognoscuntur.
935 1950 985 2013 Ex
1008 1952 1057 2018 his
1077 1977 1156 2020 ena-

80 2026 183 2089 scitur
205 2024 323 2090 divisio
351 2026 496 2089 veritatis
522 2026 554 2088 in
578 2025 817 2111 metaphysicain
841 2040 874 2093 et
895 2030 1035 2111 topicam.
1058 2036 1156 2101 Veri-

80 2117 127 2171 tas
157 2109 284 2192 metaph
306 2109 372 2170 sica
400 2108 548 2170 consistit
574 2104 605 2168 in
634 2109 857 2174 convenientia
884 2132 994 2177 rerum
1022 2128 1156 2183 natura·

80 2188 162 2255 lium
186 2209 260 2252 cam
283 2127 451 2253 intellectu
476 2185 605 2261 Divino,
629 2208 646 2248 a
669 2208 734 2272 quo
757 2190 935 2272 pendent².
954 2195 1080 2265 Veritas
1095 2222 1156 2265 au-

80 2282 143 2337 tem
166 2270 282 2353 logica,
306 2280 341 2335 ut
362 2268 440 2331 alibi
465 2267 610 2333 diximus
631 2268 654 2343 ⁸,
677 2270 779 2354 posita
801 2281 850 2336 est
871 2274 903 2337 in
926 2282 1153 2347 convenientia

79 2354 326 2436 conceptionum
350 2349 531 2416 intellectus
557 2350 658 2418 nostri
680 2372 754 2415 curn
778 2351 897 2432 rebus,
920 2379 1001 2442 quas
1021 2382 1155 2448 reprae-

79 2444 243 2584 seppnpe
257 2514 392 2580 veritate
415 2511 631 2599 metaphysica
647 2512 698 2575 hic
712 2534 730 2576 a
746 2514 837 2581 nobis
857 2518 977 2601 agitur,
999 2523 1041 2587 ad
1055 2525 1152 2591 caius

79 2600 255 2675 notionem,
277 2592 549 2682 quemadmodum
571 2612 612 2658 ex
633 2592 730 2659 dictis
750 2597 938 2684 colligitur,
954 2602 1021 2669 duo
1041 2608 1153 2692 requi-

78 2688 217 2755 runtur,
240 2700 342 2764 caque
365 2686 440 2742 sunt
460 2678 570 2741 entitas
596 2675 670 2750 rei,
696 2688 792 2773 atque
817 2680 996 2766 manatio
1021 2689 1153 2753 eiusad

78 2760 275 2829 Intellectum
297 2759 451 2828 Divinum
466 2759 505 2835 ⁸,
528 2777 666 2849 quorum
694 2778 839 2848 primum
866 2765 1013 2832 veritatis
1035 2768 1154 2834 lundu-

115 2961 123 2997 ¹
209 2994 216 3011 .
263 2954 298 3007 vi
330 2971 356 3006 a.
379 2954 389 3004 l
412 2968 438 3004 o.

113 3032 126 3069 a
145 2955 204 3083 'fideii
224 2954 265 3079 rds
283 2992 452 3082 aitiflcicsac,
466 3036 534 3087 quaa
552 3035 647 3084 nempe
666 3022 787 3075 homines
806 3039 838 3076 ex
855 3030 985 3083 varietate
999 3046 1087 3085 rerum
1100 3051 1152 3088 ne-

78 3105 205 3157 turalium
224 3102 404 3157 concinnant,
425 3097 524 3161 possint
544 3095 726 3157 metaphysica
745 3108 824 3148 rarae
847 3103 996 3164 appellari,
1015 3111 1150 3170 quatenus

77 3177 246 3228 consentiunt
264 3186 326 3223 uam
347 3171 410 3220 ideis
429 3166 651 3229 exemplaribus,
670 3180 740 3229 qnae
761 3170 786 3217 iu
805 3182 898 3222 eorum
916 3176 1055 3227 intellectu
1072 3188 1149 3241 επις

77 3255 168 3302 tamen
187 3248 283 3300 raritas
303 3242 482 3306 metaphysica
502 3238 546 3287 iric
564 3251 580 3286 a
600 3238 674 3287 nobis
693 3240 876 3293 consideratur
894 3246 1049 3307 dumtaxat,
1069 3260 1151 3313 prout

77 3327 119 3370 cst
137 3322 244 3383 propria
264 3328 354 3368 rerum
373 3310 553 3369 naturalium,
574 3310 636 3372 quia
656 3306 795 3374 0ntoiopia
814 3327 868 3364 nou
886 3319 919 3367 de
937 3322 1084 3385 principiis,
1109 3325 1153 3375 le-

78 3393 207 3455 gibusque
226 3390 335 3447 artium,
351 3386 395 3437 sed
413 3386 447 3435 de
466 3382 595 3445 supremis
614 3382 910 3445 annuntiantium
929 3405 1019 3443 reram
1038 3398 1151 3450 natura-

77 3464 337 3587 liupueprppp‘pprtpdq
358 3544 383 3579 c.
405 3526 426 3587 l,
446 3541 474 3577 a.
495 3526 522 3583 l,
542 3538 570 3586 p.
590 3522 710 3574 tat-232
732 3528 786 3577 roi.
807 3527 829 3579 1.

114 3598 184 3662 ⁴(ll
197 3617 220 3657 r.
241 3598 348 3662 Thomu
370 3602 418 3668 Qa
438 3600 537 3666 diepa„
558 3598 597 3648 na
618 3597 693 3658 Vra,
712 3612 740 3665 q.
763 3596 785 3662 l,
805 3615 832 3657 a.
853 3602 869 3654 8
889 3616 915 3658 ο.
