2475 3909
479 229 751 278 snrnnorocoem
1034 215 1096 283 237

69 313 157 410 quod
179 314 350 380 essentiam
373 314 437 378 iam
461 313 665 379 constitutam
693 315 807 400 exigit.
831 315 929 400 Ergo.
952 313 986 379 2⁰
1010 314 1140 402 Cogita-

71 411 117 461 tio
138 397 179 462 ab
203 398 273 482 ipsa
295 396 401 461 anima
422 394 624 481 producitur.
649 397 747 482 Atqui
770 396 876 461 anima
899 399 950 462 sui
974 399 1075 484 ipsius
1091 421 1140 464 es-

70 479 193 545 sentiae
207 500 304 544 causa
324 498 394 544 esse
416 497 478 542 non
501 491 617 563 potest;
640 499 744 557 secus,
761 479 793 544 in
809 478 975 563 largiendo
996 480 1140 546 sibimet·

72 560 136 645 ipsi
157 563 346 638 essentiam,
368 572 574 646 operaretur,
598 575 773 646 antequam
793 563 957 627 existeret.
981 563 1068 646 Ergo
1091 585 1141 628 os-

71 642 207 706 sentiam
229 645 356 708 animae
382 645 415 710 in
437 644 632 728 cogitatione
661 645 811 710 constitui
836 643 1005 711 manifeste
1028 643 1142 710 absur-

70 723 221 788 domest.
237 723 271 791 3⁰
285 723 504 811 Cogitationes
518 725 694 791 dissimiles
709 728 852 803 omnino,
866 729 1038 811 variaeque
1052 739 1138 804 sunt,

70 817 108 871 ut
126 805 289 873 interdum
303 829 380 882 una,
397 806 561 872 interdurn
582 807 647 872 alia
671 807 711 872 ab
735 809 842 874 anima
859 809 1066 894 producatur.
1082 809 1142 874 Er·

71 909 114 973 go
129 890 284 972 cogitatio
305 900 469 973 tamquam
491 890 618 954 animae
641 891 779 956 essentia
795 890 905 956 haberi
921 893 1045 976 nequit,
1062 891 1143 956 alio-

70 969 152 1115 quin
174 972 313 1037 essentia
331 970 385 1034 illa
400 971 579 1048 variabilis,
596 970 781 1060 multiplex,
805 973 997 1058 inaequalis,
1014 973 1143 1038 diversa

88 1063 179 1125 orct3
202 1073 275 1117 cum
299 1067 407 1120 tamen
433 1053 570 1119 essentia
596 1074 730 1127 rerum,
754 1065 791 1120 ut
812 1054 878 1120 iam
900 1054 1100 1121 ostendimus
1115 1056 1140 1132 ¹,

75 1143 247 1212 constans,
268 1155 307 1200 ac
330 1135 533 1201 invariabilis
554 1156 624 1200 esse
646 1134 772 1202 debeat.
794 1135 830 1201 t⁰
852 1136 934 1203 Data
956 1137 1142 1205 Cartesiana

74 1218 244 1293 sententia,
266 1218 376 1283 anima
397 1217 536 1283 humana
551 1216 592 1281 ab
611 1217 682 1304 ipso
705 1218 772 1284 Deo
795 1239 858 1284 uon
873 1218 1141 1305 distingueretur.

73 1299 173 1382 Ergo.
198 1300 379 1364 Antecedens
401 1322 442 1366 ex
464 1297 505 1364 Ι).
528 1298 648 1364 Tboma
677 1301 721 1366 ita
747 1299 1009 1368 demonstratur:
1037 1301 1144 1369 Solius

72 1379 136 1447 Dei
159 1383 330 1466 proprium
351 1390 410 1460 cst,
431 1393 480 1458 nt,
504 1379 630 1450 infinite
652 1382 792 1468 simplex
811 1404 885 1449 eum
906 1385 960 1460 sit,
975 1383 1015 1449 ab
1031 1403 1145 1468 opera·

73 1462 161 1528 tione
184 1465 317 1550 propria
345 1485 408 1529 non
430 1463 673 1548 distinguatur3
696 1485 748 1530 res
770 1485 847 1530 vero
876 1476 1001 1532 creatae
1024 1467 1145 1552 partim

74 1556 176 1623 actu,
199 1548 317 1630 partim
384 1549 483 1613 tentia
504 1558 769 1631 componuntnr,
803 1547 888 1614 unde
912 1570 930 1612 a
951 1569 1008 1614 sua
1033 1569 1145 1634 opera-

74 1627 163 1694 tione
180 1628 313 1695 realiter
359 1630 591 1714 istingnuntur.
616 1628 729 1714 Atqui,
750 1627 890 1694 admissa
911 1629 1048 1696 Cartesii
1073 1651 1145 1696 sen·

76 1710 192 1785 tentia,
216 1712 324 1775 anima
340 1722 480 1777 nostraa
506 1731 564 1774 sua
586 1714 773 1796 operatione
797 1711 928 1779 realiter
949 1733 1010 1778 non
1033 1713 1146 1779 distin-

75 1803 244 1878 gueretur,
269 1813 304 1856 ac
328 1793 463 1878 proinde
487 1793 520 1857 in
542 1793 735 1868 nctuolitnte,
751 1792 936 1858 cuiusmodi
960 1805 1007 1860 est
1031 1815 1145 1880 opera·

75 1877 135 1951 tin,
180 1874 336 1941 uamlibet
352 1874 610 1962 potentialitatem
626 1875 817 1942 excludente
837 1877 1062 1943 consisteret¹.
1085 1878 1145 1942 Er-

77 1979 130 2043 go.
153 1895 291 2022 lursus:
315 1956 434 2021 Anima
456 1965 505 2021 est
525 1957 631 2022 forma
654 1977 712 2041 per
733 1979 765 2022 se
787 1957 976 2036 subsistens;
1000 1979 1091 2058 erqo,
1114 1960 1142 2024 si

75 2041 148 2104 eius
163 2039 302 2106 essentia
317 2040 350 2103 in
366 2039 559 2126 cogitatione
573 2037 767 2116 admittitur,
780 2041 936 2125 cogitatio
950 2041 1072 2126 aliquid
1110 2061 1146 2106 er

75 2143 110 2187 se
125 2118 302 2186 subsistens
313 2119 408 2186 foret.
426 2121 526 2205 Atqui
550 2119 589 2186 ad
611 2142 715 2186 unum
729 2121 833 2187 Deum
849 2123 1002 2207 pertinet,
1014 2135 1051 2189 ut
1095 2127 1146 2189 ius

77 2202 259 2300 intelligere
282 2204 325 2269 sit
347 2223 452 2288 perse
473 2202 659 2271 subsistens.
683 2205 802 2270 Anima
825 2204 927 2302 iqitur
950 2206 1102 2282 bumana,
1118 2205 1147 2270 si

76 2285 213 2353 Cartcsri
236 2290 392 2405 sentpntia
414 2285 542 2351 veritati
564 2287 771 2366 consentiret,
787 2285 828 2352 ab
843 2308 913 2372 ipso
928 2287 998 2354 Deo
1018 2309 1081 2354 non
1096 2285 1146 2353 di·

75 2371 141 2437 stin
187 2378 334 2435 eretur.

118 2451 135 2517 1
179 2499 186 2514 .
204 2451 361 2516 Probatur
382 2448 481 2514 altera
496 2470 582 2535 pars.
599 2446 632 2515 1⁰
650 2451 794 2519 Essentia
817 2473 856 2516 ea
877 2462 937 2528 est,
958 2474 1001 2517 ex
1015 2472 1079 2538 qua
1097 2450 1147 2514 fa-

76 2534 211 2601 cultates
233 2534 382 2609 aniinae,
404 2543 569 2616 tamquam
595 2555 638 2596 ex
661 2531 789 2609 radice,
814 2531 979 2618 prolluunt
993 2537 1018 2600 ⁴.
1042 2531 1144 2618 Atqui

76 2619 148 2690 vis,
171 2636 346 2714 perquam
368 2616 476 2679 anima
497 2613 642 2680 diversas
663 2613 830 2680 lacultates
848 2627 988 2694 exercet,
1012 2638 1074 2682 non
1097 2623 1147 2680 est

76 2701 183 2785 princi
211 2699 290 2773 ium,
305 2719 347 2768 ex
367 2717 433 2793 quo
455 2695 513 2760 bae
535 2695 705 2763 facultates
726 2697 886 2774 derivant,
901 2697 955 2765 sed
978 2698 1148 2764 dumtaxat

76 2719 233 2847 naturalis
255 2781 453 2866 proclivitas,
474 2781 605 2865 quaein
622 2778 831 2847 facultatibus
853 2779 893 2846 ad
915 2783 1057 2848 actiones
1072 2799 1146 2845 suas

76 2862 276 2930 exercendas
292 2865 386 2935 inest,
401 2873 433 2928 et
446 2882 529 2946 quae
549 2863 681 2927 nomine
703 2874 829 2928 conatus
845 2862 1031 2950 designatur
1044 2865 1068 2926 ⁵.
1086 2865 1146 2928 Er·

78 2967 131 3033 go.
145 2945 182 3010 2⁰
198 2949 246 3012 Ex
261 2945 395 3010 essentia
418 2945 502 3008 ratio
524 2945 684 3022 omnium,
700 2965 783 3029 qnae
798 2946 847 3011 rei
862 2947 1075 3021 conveniunt,
1093 2965 1147 3030 pe·

77 3028 172 3096 tenda
195 3041 252 3094 est.
275 3027 372 3112 Atqui
395 3047 438 3090 ex
461 3027 491 3091 vi
514 3026 680 3113 cogitandi
702 3028 788 3092 ratio
809 3031 967 3106 omnium,
983 3048 1064 3112 qnae
1079 3026 1148 3091 ani·

78 3133 152 3176 mae
174 3112 382 3186 conveniunt,
407 3110 471 3194 peti
495 3129 558 3173 non
574 3119 689 3194 potest;
712 3110 886 3194 siquidem,
908 3121 1038 3198 praeter
1059 3108 1148 3194 cogi·

75 3195 228 3272 tationes,
243 3193 325 3259 aliae
346 3190 498 3271 actiones,
514 3205 547 3259 et
563 3192 733 3260 facultates
753 3191 793 3256 ad
815 3191 958 3258 animam
972 3193 1148 3258 humanam

78 3279 255 3365 pertinent,
271 3271 406 3373 Εινςοβ0
421 3275 581 3351 Essentia,
603 3295 677 3339 enm
700 3295 769 3339 rem
791 3276 826 3340 ln
848 3287 935 3341 certa
950 3275 1058 3360 specie
1073 3293 1148 3337 con·

76 3363 206 3438 stimat,
227 3357 351 3444 aliquid
373 3357 624 3424 determinatum
645 3358 688 3423 sit
708 3368 845 3441 oportet.
868 3359 967 3443 Atqui
990 3359 1040 3422 vis
1061 3355 1149 3440 cogi-

77 3443 169 3510 tandi
184 3441 364 3531 quidquam
385 3440 669 3506 indeterminatum
691 3453 750 3516 est;
767 3461 841 3504 nam
862 3439 1039 3518 obiectum,
1060 3440 1149 3504 circa

411 3569 419 3621 i
461 3591 800 3612 --.-.

115 3664 126 3705 t
149 3663 250 3717 onrot„
269 3676 295 3712 c.
317 3657 350 3716 ll,
369 3674 395 3709 a.
417 3659 444 3717 3,
465 3675 492 3722 p.
514 3662 558 3709 ¹7.
573 3661 632 3698 -2
653 3661 672 3722 l,
693 3677 720 3726 q.
742 3657 809 3720 LlV,
829 3675 855 3712 ι.
877 3661 888 3711 l
912 3661 1011 3712 n.-³
1028 3661 1093 3712 lbtd.

115 3735 276 3800 ‘Dpiiuni.,
297 3748 322 3784 c.
344 3730 367 3795 l,
387 3747 413 3782 a.
433 3733 461 3794 t,
482 3746 509 3796 p.
534 3733 594 3794 100,
615 3737 668 3788 rol.
689 3734 768 3787 l.-⁵
787 3737 866 3796 told„
885 3748 913 3785 ι.
933 3735 962 3796 9,
982 3749 1009 3800 p.
1031 3735 1093 3792 tut.
