2475 3909
516 201 719 254 wachonis
1048 185 1107 252 175

97 281 268 378 0181.lies
294 332 316 363 .,
332 285 415 351 Iiiat.
431 287 520 364 moi„
534 288 560 352 ai
577 289 618 353 sit
633 308 728 353 causa
744 287 936 364 necessaria,
955 307 1038 353 conc.
1054 287 1147 362 moi„

77 385 107 429 ss
128 365 268 431 causali
314 391 362 446 ra,
381 388 447 451 neq.
464 371 560 447 moia
574 370 648 434 diat.
671 371 769 436 etiam
792 370 884 446 mia„
905 378 953 435 est
974 389 1070 436 causa
1092 391 1149 434 ne-

76 449 232 523 cessaria,
253 470 319 533 aeq.
342 451 439 528 mia,
456 450 572 529 iibere,
594 473 678 518 conc.
700 453 777 516 min.
802 452 881 534 Neo.
897 471 978 516 corta.
996 453 1037 519 Et
1059 472 1147 527 sane,

78 533 184 613 posita
205 550 314 608 causa,
328 554 411 618 quae
433 544 481 599 est
503 535 537 599 in
559 549 644 612 actu,
666 555 792 600 necesse
814 533 948 619 quidem
962 545 1010 599 est
1030 553 1149 620 ponere

79 615 153 676 eius
173 611 346 690 effectum,
368 636 482 681 rernm
513 616 647 683 effectus
673 616 767 683 dehet
797 631 931 684 naturae
957 636 1073 682 causae
1099 637 1150 680 re-

82 692 253 778 spondere.
268 695 391 774 Quare,
412 699 438 762 si
462 720 560 765 causa
580 721 622 763 ex
650 701 838 765 necessitate
859 700 1008 765 eiiectum
1030 696 1152 784 produ·

80 788 146 852 cat,
168 796 207 840 ea
228 778 357 861 posita,
379 780 530 846 eiiectum
551 791 643 846 extro
671 782 773 867 ipram
797 801 917 867 ponere
939 800 1067 846 necesse
1088 791 1146 846 est.

81 860 149 935 nt,
178 859 205 924 si
233 880 332 925 cansa
359 863 510 930 eiiectum
536 861 714 928 secundum
748 866 948 950 propositum
976 863 1150 930 voluntatis

81 960 160 1006 suae
182 940 356 1026 producat,
378 965 506 1011 neccsse
527 967 591 1010 uon
618 954 678 1024 est,
701 967 740 1010 ea
762 947 885 1032 posita,
908 945 1059 1012 eii'ectum
1079 945 1152 1010 eius

84 1035 178 1088 extra
206 1026 310 1108 ipsam
334 1047 480 1112 ponere3
507 1030 587 1112 quia
608 1027 742 1094 effectus
764 1048 878 1094 causae
905 1050 944 1094 ex
974 1026 1076 1093 iibere
1098 1045 1153 1092 vo-

82 1104 206 1173 luntate
228 1110 394 1191 operantis
414 1132 478 1173 non
497 1109 603 1175 scium
625 1109 720 1177 dehet
741 1132 809 1176 esse
833 1110 922 1188 tuiis,
936 1110 1065 1196 qualern
1080 1112 1151 1194 ipsa

82 1186 166 1260 vuit,
188 1187 242 1252 sed
265 1199 333 1252 turn
355 1211 504 1277 qnoque,
531 1213 607 1257 cum
630 1195 736 1276 ipsum
760 1193 839 1259 vuit.
864 1193 974 1270 Hinc,
997 1195 1151 1278 quoniam

83 1267 241 1365 Deusnest
261 1291 359 1336 cansa
381 1272 548 1338 iiberrima
575 1275 706 1351 mundi,
731 1279 958 1360 consequitur,
981 1278 1040 1342 etsi
1063 1285 1153 1342 actus

84 1355 262 1418 creationis
282 1353 324 1419 sit
346 1353 388 1420 ah
410 1369 560 1430 aeterno,
583 1367 687 1423 tamen
710 1378 837 1423 necesse
861 1379 923 1423 nou
945 1379 1026 1437 esse,
1048 1369 1086 1425 ut
1105 1355 1154 1422 ei·

85 1431 191 1499 iectus
212 1435 296 1513 eius,
319 1457 435 1524 nempe
458 1437 611 1516 mundus,
635 1441 679 1506 sit
700 1451 848 1506 aeternna
862 1440 885 1502 ¹.

242 1573 309 1626 dar.
331 1574 377 1627 ΙΙΙ.
393 1605 425 1614 -
441 1577 632 1643 investigatur,
652 1595 686 1630 an
706 1581 819 1630 mundns
838 1581 871 1631 ah
890 1585 998 1630 aeterno

506 1654 591 1701 creari
619 1654 735 1715 potuerit
949 1649 952 1664 '

128 1761 303 1857 18231nter
323 1763 533 1849 Philosophos
554 1766 746 1834 christianos
766 1790 792 1832 s.
809 1767 947 1832 Thomas
975 1761 1153 1831 secundum

87 1845 254 1911 Ecclesiae
268 1845 451 1912 Catholicae
473 1846 653 1914 doctrinam
675 1850 776 1916 tuitus
798 1859 846 1916 est
860 1848 967 1913 Deum
989 1870 1029 1913 ex
1051 1843 1155 1910 nihilo

87 1925 248 1994 mundum
263 1927 295 1991 in
311 1937 458 2015 tempore
481 1928 614 2008 iecisse;
631 1930 686 1996 sed
706 1931 870 1999 contendit
885 1929 988 1996 Deum
1012 1931 1154 2016 potuisse

87 2007 247 2075 mundum
261 2008 301 2073 ab
316 2018 447 2078 aeterno
469 2033 592 2079 creare.
617 2015 703 2079 Hinc
727 2015 838 2082 statuit
852 2015 1048 2083 creationem
1064 2030 1157 2077 mun·

87 2089 123 2155 di
147 2091 182 2156 in
204 2101 349 2175 tempore
372 2114 435 2160 non
456 2097 569 2173 certis,
585 2094 640 2160 sed
662 2095 831 2165 dumtaxat
851 2094 1074 2182 probahilibus
1089 2114 1158 2158 mo-

89 2176 209 2239 mentis
230 2175 389 2243 tationis*
411 2197 503 2264 posse
525 2177 670 2265 probari,
686 2190 869 2266 certamque
892 2181 1054 2246 notionem
1078 2186 1158 2242 tem·

640 2297 755 2307 a—--u-

126 2363 137 2399 ¹
158 2357 194 2414 Ci'
208 2376 231 2412 a.
251 2355 364 2421 Titum„
378 2360 427 2426 Qu.
445 2359 676 2424 dirnp.,DePot,
696 2373 724 2423 q.
745 2354 792 2418 iii,
812 2371 838 2408 a.
861 2346 893 2408 ii
912 2359 945 2408 ad
965 2358 992 2416 o,
1010 2361 1038 2409 et
1056 2356 1089 2406 ad
1110 2352 1155 2404 26.

92 2456 106 2480 a
128 2433 168 2485 hh
186 2440 305 2493 aeterno,
325 2434 413 2499 iuquit
429 2447 453 2484 s,
472 2428 676 2491 Bonarcntura,
696 2431 781 2481 roiuit
799 2427 893 2498 (Bous)
913 2431 1059 2494 producere
1078 2433 1155 2488 tunc,

90 2507 197 2571 quando
215 2507 349 2571 produxit;
368 2507 438 2556 sicut
456 2518 505 2569 ogo
525 2518 595 2554 nuuc
613 2503 674 2556 toio
694 2516 753 2555 cras
771 2505 863 2554 audire
877 2501 984 2554 hiissam
1001 2522 1026 2564 ι,
1041 2504 1093 2552 toc.
1107 2501 1155 2550 cit.

91 2577 229 2645 Quomodo
247 2585 338 2630 autem
357 2578 457 2629 creatio
471 2577 561 2627 mundi
580 2578 606 2626 in
627 2581 744 2640 tempore
758 2589 820 2626 curu
834 2572 925 2628 Divina
939 2575 1156 2626 immutabilitate

89 2653 250 2709 consentiat.
270 2652 297 2702 iu
317 2650 452 2715 tinemuta
469 2650 585 2700 natarat
602 2650 702 2699 clarius
720 2648 924 2710 explicabimus.

128 2721 215 2774 ²iiae
233 2726 347 2775 rationes
365 2722 534 2786 prohabiies,
553 2735 601 2773 aen
621 2723 775 2772 extrinsecis
793 2723 931 2784 principiis
950 2722 1074 2778 innixae,
1103 2721 1158 2784 peti

90 2795 179 2847 soient
199 2796 227 2846 1⁰
244 2796 278 2846 ah
296 2798 467 2860 antiquorum
486 2791 641 2858 Sapientem
660 2795 800 2858 opinione,
819 2796 991 2859 gentiumque
1010 2794 1160 2843 vetustiori·

90 2881 200 2918 marum
218 2883 347 2920 consensu
368 2864 409 2937 (ci
425 2864 570 2927 deunana„
589 2868 671 2920 Biana
693 2867 767 2926 Mea,
788 2863 898 2918 Dissert.
915 2863 949 2922 ii.
964 2871 985 2916 t.
1004 2861 1035 2924 ii,
1048 2878 1077 2926 p.
1093 2864 1158 2924 iii,

94 2939 203 2992 Baium
224 2941 293 2992 itta
306 2939 328 3012 ).
349 2940 380 2991 2⁰
397 2939 438 2992 Ex
456 2941 583 2992 historiae
603 2940 782 2990 monumentis
800 2953 862 2990 cnm
882 2940 1018 3002 profanis,
1039 2942 1096 2986 tum
1116 2950 1160 2986 aa·

92 3013 162 3070 crin
182 3027 243 3064 nam
262 3016 443 3066 interamnae
461 3018 626 3072 constater,
646 3024 716 3076 qnae
735 3011 854 3062 historici
872 3016 991 3076 gentium
1012 3008 1159 3061 vetustissi-

95 3100 203 3137 marum
222 3091 367 3140 memoriae
386 3087 568 3150 prodiderunt,
588 3086 654 3136 citra
674 3087 854 3135 narrationem
868 3087 1013 3136 mosaicam
1026 3083 1158 3140 cronicam

93 3163 122 3209 et
142 3160 320 3211 narrationem
340 3161 495 3219 mosaicam,
515 3169 584 3222 quae
602 3161 631 3208 et
649 3158 769 3208 omnium
788 3157 971 3221 antiquissima
991 3159 1049 3211 eat,
1069 3160 1095 3203 at
1115 3153 1157 3204 rei

95 3234 205 3295 propter
224 3233 280 3283 suia
298 3232 431 3283 humanae
449 3230 631 3282 credibilitatia
649 3233 784 3280 momenta
804 3243 910 3280 omnem
928 3229 1007 3281 iidem
1027 3229 1156 3285 meretur,

94 3302 299 3367 productionem
317 3305 407 3356 mundi
426 3305 453 3355 in
472 3309 592 3366 tempore
610 3301 782 3361 describere,
808 3303 962 3367 primosque
981 3299 1091 3351 humani
1110 3311 1156 3360 ge-

95 3377 170 3427 neris
186 3382 298 3428 eventus
315 3390 448 3428 enarrare.
470 3375 500 3426 3⁰
518 3371 558 3426 Ex
576 3375 694 3428 novitate
713 3375 822 3434 artium,
842 3379 870 3423 et
887 3375 1070 3431 scientiarum
1087 3382 1160 3428 uam,

96 3461 161 3499 cum
181 3455 348 3513 compertum
367 3450 401 3500 rit
418 3451 482 3515 qui,
501 3453 528 3499 et
547 3461 599 3512 qua
618 3451 706 3498 aetate
725 3449 874 3498 inventores
892 3449 991 3498 artium
1010 3443 1161 3500 floruerint,

96 3533 182 3586 genua
201 3521 347 3573 humanum
366 3535 413 3586 par
431 3521 560 3573 infinitam
580 3521 795 3572 antecedentium
813 3521 981 3571 saecuiorum
996 3519 1090 3570 scriem
1104 3517 1162 3566 aina

96 3593 200 3644 artibus
218 3596 312 3646 vixisse
331 3595 484 3646 incredihiie
502 3598 554 3646 est.
575 3589 611 3648 Gi
627 3591 658 3646 F.
679 3591 810 3645 iiauricns
829 3587 950 3656 henach,
972 3593 1055 3647 uota
1074 3599 1096 3644 rt
1114 3604 1163 3640 ao-

96 3675 169 3727 taro,
188 3661 262 3718 hect.
283 3664 403 3723 xxxiv,
