<?xml version="1.0" encoding="UTF-8"?>
<!DOCTYPE html PUBLIC "-//W3C//DTD XHTML 1.0 Transitional//EN"
    "http://www.w3.org/TR/xhtml1/DTD/xhtml1-transitional.dtd">
<html xmlns="http://www.w3.org/1999/xhtml" xml:lang="en" lang="en">
 <head>
  <title>
</title>
<meta http-equiv="Content-Type" content="text/html;charset=utf-8" />
  <meta name='ocr-system' content='tesseract 3.04.00' />
  <meta name='ocr-capabilities' content='ocr_page ocr_carea ocr_par ocr_line ocrx_word'/>
</head>
<body>
  <div class='ocr_page' id='page_1' title='image "./philosophiachri00sansgoog_0174.png"; bbox 0 0 2475 3909; ppageno 0'>
   <div class='ocr_carea' id='block_1_1' title="bbox 128 150 745 216">
    <p class='ocr_par' dir='ltr' id='par_1_1' title="bbox 128 150 745 216">
     <span class='ocr_line' id='line_1_1' title="bbox 128 150 745 216; baseline 0.015 -9"><span class='ocrx_word' id='word_1_1' title='bbox 128 150 188 216; x_wconf 75' lang='lat'><strong>160</strong></span> <span class='ocrx_word' id='word_1_2' title='bbox 514 165 745 216; x_wconf 73' lang='lat' dir='ltr'><strong>nannetensis</strong></span> 
     </span>
    </p>
   </div>
   <div class='ocr_carea' id='block_1_2' title="bbox 86 249 1156 500">
    <p class='ocr_par' dir='ltr' id='par_1_2' title="bbox 86 249 1156 500">
     <span class='ocr_line' id='line_1_2' title="bbox 86 249 1153 340; baseline 0.004 -24"><span class='ocrx_word' id='word_1_3' title='bbox 86 272 142 316; x_wconf 89' lang='lat' dir='ltr'><strong>nes</strong></span> <span class='ocrx_word' id='word_1_4' title='bbox 165 249 354 316; x_wconf 87' lang='lat' dir='ltr'><strong>reflectitur.</strong></span> <span class='ocrx_word' id='word_1_5' title='bbox 377 251 465 334; x_wconf 79' lang='lat' dir='ltr'><strong>Ergo</strong></span> <span class='ocrx_word' id='word_1_6' title='bbox 486 251 546 315; x_wconf 91' lang='lat' dir='ltr'><strong>etsi</strong></span> <span class='ocrx_word' id='word_1_7' title='bbox 569 253 726 317; x_wconf 89' lang='lat' dir='ltr'><strong>memoria</strong></span> <span class='ocrx_word' id='word_1_8' title='bbox 752 253 908 319; x_wconf 75' lang='lat' dir='ltr'>sensitiva</span> <span class='ocrx_word' id='word_1_9' title='bbox 929 252 972 320; x_wconf 89' lang='lat' dir='ltr'><strong>sit</strong></span> <span class='ocrx_word' id='word_1_10' title='bbox 992 253 1153 340; x_wconf 78' lang='lat' dir='ltr'><strong>quaedam</strong></span> 
     </span>
     <span class='ocr_line' id='line_1_3' title="bbox 87 332 1156 428; baseline 0.005 -32"><span class='ocrx_word' id='word_1_11' title='bbox 87 333 237 416; x_wconf 84' lang='lat' dir='ltr'><strong>specialis</strong></span> <span class='ocrx_word' id='word_1_12' title='bbox 260 332 398 397; x_wconf 73' lang='lat' dir='ltr'><strong>facultas</strong></span> <span class='ocrx_word' id='word_1_13' title='bbox 419 332 600 428; x_wconf 68' lang='lat' dir='ltr'><strong>sensitiva,</strong></span> <span class='ocrx_word' id='word_1_14' title='bbox 619 334 779 399; x_wconf 88' lang='lat' dir='ltr'><strong>memoria</strong></span> <span class='ocrx_word' id='word_1_15' title='bbox 812 334 1009 402; x_wconf 74' lang='lat' dir='ltr'>intellectiva</span> <span class='ocrx_word' id='word_1_16' title='bbox 1041 358 1156 421; x_wconf 92' lang='lat' dir='ltr'><strong>quam·</strong></span> 
     </span>
     <span class='ocr_line' id='line_1_4' title="bbox 86 411 1077 500; baseline 0.003 -22"><span class='ocrx_word' id='word_1_17' title='bbox 86 413 162 478; x_wconf 93' lang='lat' dir='ltr'><strong>dam</strong></span> <span class='ocrx_word' id='word_1_18' title='bbox 184 413 358 500; x_wconf 77' lang='lat' dir='ltr'><strong>specialem</strong></span> <span class='ocrx_word' id='word_1_19' title='bbox 381 411 568 480; x_wconf 73' lang='lat' dir='ltr'><strong>facultatem</strong></span> <span class='ocrx_word' id='word_1_20' title='bbox 591 414 793 500; x_wconf 75' lang='lat' dir='ltr'><strong>intelligendi</strong></span> <span class='ocrx_word' id='word_1_21' title='bbox 814 437 878 481; x_wconf 91' lang='lat' dir='ltr'><strong>non</strong></span> <span class='ocrx_word' id='word_1_22' title='bbox 900 418 1077 484; x_wconf 88' lang='lat' dir='ltr'><strong>constituit.</strong></span> 
     </span>
    </p>
   </div>
   <div class='ocr_carea' id='block_1_3' title="bbox 222 533 1025 592">
    <p class='ocr_par' dir='ltr' id='par_1_3' title="bbox 222 533 1025 592">
     <span class='ocr_line' id='line_1_5' title="bbox 222 533 1025 592; baseline 0.006 -6"><span class='ocrx_word' id='word_1_23' title='bbox 222 533 553 588; x_wconf 76' lang='lat' dir='ltr'><strong>har.hll.-Differentia</strong></span> <span class='ocrx_word' id='word_1_24' title='bbox 573 540 726 591; x_wconf 76' lang='lat' dir='ltr'><strong>intellectus</strong></span> <span class='ocrx_word' id='word_1_25' title='bbox 744 555 760 589; x_wconf 83' lang='lat' dir='ltr'><strong>a</strong></span> <span class='ocrx_word' id='word_1_26' title='bbox 780 554 857 590; x_wconf 82' lang='lat' dir='ltr'><strong>sensu</strong></span> <span class='ocrx_word' id='word_1_27' title='bbox 877 542 1025 592; x_wconf 82' lang='lat' dir='ltr'><strong>adstruitur</strong></span> 
     </span>
    </p>
   </div>
   <div class='ocr_carea' id='block_1_4' title="bbox 86 655 1159 3359">
    <p class='ocr_par' dir='ltr' id='par_1_4' title="bbox 86 655 1157 1468">
     <span class='ocr_line' id='line_1_6' title="bbox 129 655 1157 742; baseline 0.003 -20"><span class='ocrx_word' id='word_1_28' title='bbox 129 658 199 724; x_wconf 74' lang='lat'>179.</span> <span class='ocrx_word' id='word_1_29' title='bbox 224 657 271 721; x_wconf 89' lang='lat' dir='ltr'><strong>Ea</strong></span> <span class='ocrx_word' id='word_1_30' title='bbox 292 656 424 733; x_wconf 90' lang='lat' dir='ltr'><strong>omnia,</strong></span> <span class='ocrx_word' id='word_1_31' title='bbox 448 655 592 742; x_wconf 87' lang='lat' dir='ltr'><strong>quaeda</strong></span> <span class='ocrx_word' id='word_1_32' title='bbox 614 656 754 733; x_wconf 88' lang='lat' dir='ltr'><strong>obiecto,</strong></span> <span class='ocrx_word' id='word_1_33' title='bbox 778 677 815 720; x_wconf 91' lang='lat' dir='ltr'><strong>ae</strong></span> <span class='ocrx_word' id='word_1_34' title='bbox 837 655 1085 742; x_wconf 82' lang='lat' dir='ltr'><strong>operationibus</strong></span> <span class='ocrx_word' id='word_1_35' title='bbox 1106 660 1157 726; x_wconf 91' lang='lat' dir='ltr'><strong>in-</strong></span> 
     </span>
     <span class='ocr_line' id='line_1_7' title="bbox 87 735 1156 824; baseline 0.001 -19"><span class='ocrx_word' id='word_1_36' title='bbox 87 738 234 805; x_wconf 87' lang='lat' dir='ltr'><strong>tellectus</strong></span> <span class='ocrx_word' id='word_1_37' title='bbox 254 735 506 823; x_wconf 80' lang='lat' dir='ltr'><strong>disputavimus,</strong></span> <span class='ocrx_word' id='word_1_38' title='bbox 529 738 712 803; x_wconf 80' lang='lat' dir='ltr'><strong>luculenter</strong></span> <span class='ocrx_word' id='word_1_39' title='bbox 732 738 954 803; x_wconf 91' lang='lat' dir='ltr'><strong>demonstrant</strong></span> <span class='ocrx_word' id='word_1_40' title='bbox 973 759 1043 804; x_wconf 91' lang='lat' dir='ltr'><strong>esse</strong></span> <span class='ocrx_word' id='word_1_41' title='bbox 1063 761 1156 824; x_wconf 88' lang='lat' dir='ltr'><strong>pror-</strong></span> 
     </span>
     <span class='ocr_line' id='line_1_8' title="bbox 87 817 1156 905; baseline 0.002 -20"><span class='ocrx_word' id='word_1_42' title='bbox 87 842 142 886; x_wconf 91' lang='lat' dir='ltr'><strong>sus</strong></span> <span class='ocrx_word' id='word_1_43' title='bbox 163 818 353 884; x_wconf 89' lang='lat' dir='ltr'><strong>abnormem</strong></span> <span class='ocrx_word' id='word_1_44' title='bbox 375 822 580 896; x_wconf 89' lang='lat' dir='ltr'><strong>sensismum,</strong></span> <span class='ocrx_word' id='word_1_45' title='bbox 604 841 721 905; x_wconf 87' lang='lat' dir='ltr'><strong>nempe</strong></span> <span class='ocrx_word' id='word_1_46' title='bbox 747 817 828 884; x_wconf 90' lang='lat' dir='ltr'><strong>illud</strong></span> <span class='ocrx_word' id='word_1_47' title='bbox 843 831 994 905; x_wconf 78' lang='lat' dir='ltr'><strong>systema,</strong></span> <span class='ocrx_word' id='word_1_48' title='bbox 1017 842 1083 905; x_wconf 93' lang='lat' dir='ltr'><strong>quo</strong></span> <span class='ocrx_word' id='word_1_49' title='bbox 1107 823 1156 887; x_wconf 94' lang='lat' dir='ltr'><strong>in·</strong></span> 
     </span>
     <span class='ocr_line' id='line_1_9' title="bbox 86 900 1155 982; baseline 0 -14"><span class='ocrx_word' id='word_1_50' title='bbox 86 902 233 968; x_wconf 85' lang='lat' dir='ltr'><strong>tellectus</strong></span> <span class='ocrx_word' id='word_1_51' title='bbox 255 921 329 964; x_wconf 90' lang='lat' dir='ltr'><strong>eum</strong></span> <span class='ocrx_word' id='word_1_52' title='bbox 351 921 446 966; x_wconf 87' lang='lat' dir='ltr'><strong>sensu</strong></span> <span class='ocrx_word' id='word_1_53' title='bbox 468 900 690 965; x_wconf 87' lang='lat' dir='ltr'><strong>confunditur.</strong></span> <span class='ocrx_word' id='word_1_54' title='bbox 707 902 783 966; x_wconf 87' lang='lat' dir='ltr'><strong>Post</strong></span> <span class='ocrx_word' id='word_1_55' title='bbox 797 901 968 966; x_wconf 90' lang='lat' dir='ltr'><strong>nonnullos</strong></span> <span class='ocrx_word' id='word_1_56' title='bbox 987 914 1113 968; x_wconf 82' lang='lat' dir='ltr'><strong>veteres</strong></span> <span class='ocrx_word' id='word_1_57' title='bbox 1129 907 1155 982; x_wconf 89' lang='lat'><strong>¹,</strong></span> 
     </span>
     <span class='ocr_line' id='line_1_10' title="bbox 87 979 1153 1068; baseline 0.002 -18"><span class='ocrx_word' id='word_1_58' title='bbox 87 983 183 1050; x_wconf 88' lang='lat' dir='ltr'><strong>multi</strong></span> <span class='ocrx_word' id='word_1_59' title='bbox 205 981 354 1068; x_wconf 85' lang='lat' dir='ltr'><strong>proxime</strong></span> <span class='ocrx_word' id='word_1_60' title='bbox 374 983 477 1068; x_wconf 85' lang='lat' dir='ltr'><strong>elapsi</strong></span> <span class='ocrx_word' id='word_1_61' title='bbox 493 981 613 1047; x_wconf 88' lang='lat' dir='ltr'><strong>saeculi</strong></span> <span class='ocrx_word' id='word_1_62' title='bbox 627 979 815 1067; x_wconf 82' lang='lat' dir='ltr'><strong>Philosophi</strong></span> <span class='ocrx_word' id='word_1_63' title='bbox 831 993 1052 1067; x_wconf 90' lang='lat' dir='ltr'><strong>portentosum</strong></span> <span class='ocrx_word' id='word_1_64' title='bbox 1066 984 1153 1052; x_wconf 90' lang='lat' dir='ltr'><strong>hunc</strong></span> 
     </span>
     <span class='ocr_line' id='line_1_11' title="bbox 87 1062 1157 1149; baseline 0.003 -19"><span class='ocrx_word' id='word_1_65' title='bbox 87 1085 231 1130; x_wconf 86' lang='lat' dir='ltr'><strong>errarem</strong></span> <span class='ocrx_word' id='word_1_66' title='bbox 255 1083 312 1149; x_wconf 90' lang='lat' dir='ltr'><strong>per</strong></span> <span class='ocrx_word' id='word_1_67' title='bbox 335 1073 433 1130; x_wconf 90' lang='lat' dir='ltr'><strong>totam</strong></span> <span class='ocrx_word' id='word_1_68' title='bbox 455 1066 621 1148; x_wconf 82' lang='lat' dir='ltr'><strong>Europam</strong></span> <span class='ocrx_word' id='word_1_69' title='bbox 642 1062 864 1148; x_wconf 78' lang='lat' dir='ltr'><strong>divulgarunt.</strong></span> <span class='ocrx_word' id='word_1_70' title='bbox 888 1065 944 1141; x_wconf 91' lang='lat' dir='ltr'><strong>Hi,</strong></span> <span class='ocrx_word' id='word_1_71' title='bbox 967 1065 1049 1131; x_wconf 87' lang='lat' dir='ltr'><strong>duee</strong></span> <span class='ocrx_word' id='word_1_72' title='bbox 1072 1063 1157 1133; x_wconf 89' lang='lat' dir='ltr'><strong>Con-</strong></span> 
     </span>
     <span class='ocr_line' id='line_1_12' title="bbox 88 1143 1157 1230; baseline 0.004 -19"><span class='ocrx_word' id='word_1_73' title='bbox 88 1146 238 1225; x_wconf 91' lang='lat' dir='ltr'><strong>dillacho,</strong></span> <span class='ocrx_word' id='word_1_74' title='bbox 263 1143 444 1223; x_wconf 80' lang='lat' dir='ltr'><strong>facultates,</strong></span> <span class='ocrx_word' id='word_1_75' title='bbox 458 1165 541 1230; x_wconf 91' lang='lat' dir='ltr'><strong>quae</strong></span> <span class='ocrx_word' id='word_1_76' title='bbox 566 1145 780 1210; x_wconf 86' lang='lat' dir='ltr'><strong>intellectivae</strong></span> <span class='ocrx_word' id='word_1_77' title='bbox 800 1143 967 1219; x_wconf 90' lang='lat' dir='ltr'><strong>dicuntur,</strong></span> <span class='ocrx_word' id='word_1_78' title='bbox 984 1166 1048 1210; x_wconf 94' lang='lat' dir='ltr'><strong>non</strong></span> <span class='ocrx_word' id='word_1_79' title='bbox 1063 1146 1157 1214; x_wconf 90' lang='lat' dir='ltr'><strong>aliud</strong></span> 
     </span>
     <span class='ocr_line' id='line_1_13' title="bbox 87 1225 1156 1304; baseline -0.001 -9"><span class='ocrx_word' id='word_1_80' title='bbox 87 1249 157 1296; x_wconf 90' lang='lat' dir='ltr'><strong>esse</strong></span> <span class='ocrx_word' id='word_1_81' title='bbox 172 1227 380 1304; x_wconf 88' lang='lat' dir='ltr'><strong>contendunt,</strong></span> <span class='ocrx_word' id='word_1_82' title='bbox 398 1227 461 1291; x_wconf 94' lang='lat' dir='ltr'><strong>nisi</strong></span> <span class='ocrx_word' id='word_1_83' title='bbox 477 1225 622 1292; x_wconf 85' lang='lat' dir='ltr'><strong>diversas</strong></span> <span class='ocrx_word' id='word_1_84' title='bbox 637 1225 759 1290; x_wconf 90' lang='lat' dir='ltr'><strong>formas</strong></span> <span class='ocrx_word' id='word_1_85' title='bbox 774 1226 1011 1304; x_wconf 88' lang='lat' dir='ltr'><strong>sensibilitatis,</strong></span> <span class='ocrx_word' id='word_1_86' title='bbox 1026 1248 1156 1294; x_wconf 84' lang='lat' dir='ltr'><strong>earum-</strong></span> 
     </span>
     <span class='ocr_line' id='line_1_14' title="bbox 88 1306 1157 1408; baseline 0 -32"><span class='ocrx_word' id='word_1_87' title='bbox 88 1332 152 1408; x_wconf 92' lang='lat' dir='ltr'><strong>que</strong></span> <span class='ocrx_word' id='word_1_88' title='bbox 174 1310 391 1395; x_wconf 88' lang='lat' dir='ltr'><strong>operationes,</strong></span> <span class='ocrx_word' id='word_1_89' title='bbox 414 1329 443 1372; x_wconf 93' lang='lat' dir='ltr'><strong>e.</strong></span> <span class='ocrx_word' id='word_1_90' title='bbox 469 1330 514 1394; x_wconf 78' lang='lat' dir='ltr'><strong>g.,</strong></span> <span class='ocrx_word' id='word_1_91' title='bbox 538 1311 764 1395; x_wconf 85' lang='lat' dir='ltr'><strong>attentionem,</strong></span> <span class='ocrx_word' id='word_1_92' title='bbox 787 1306 959 1385; x_wconf 91' lang='lat' dir='ltr'><strong>iudicium,</strong></span> <span class='ocrx_word' id='word_1_93' title='bbox 983 1310 1157 1376; x_wconf 88' lang='lat' dir='ltr'><strong>ratiocina-</strong></span> 
     </span>
     <span class='ocr_line' id='line_1_15' title="bbox 88 1389 1077 1468; baseline -0.005 -10"><span class='ocrx_word' id='word_1_94' title='bbox 88 1405 210 1458; x_wconf 81' lang='lat' dir='ltr'><strong>tionem</strong></span> <span class='ocrx_word' id='word_1_95' title='bbox 232 1401 308 1468; x_wconf 90' lang='lat' dir='ltr'><strong>ete.,</strong></span> <span class='ocrx_word' id='word_1_96' title='bbox 332 1411 395 1457; x_wconf 92' lang='lat' dir='ltr'><strong>non</strong></span> <span class='ocrx_word' id='word_1_97' title='bbox 416 1410 496 1467; x_wconf 88' lang='lat' dir='ltr'><strong>esse,</strong></span> <span class='ocrx_word' id='word_1_98' title='bbox 522 1390 581 1457; x_wconf 88' lang='lat' dir='ltr'><strong>nisi</strong></span> <span class='ocrx_word' id='word_1_99' title='bbox 605 1390 803 1457; x_wconf 90' lang='lat' dir='ltr'><strong>sensationes</strong></span> <span class='ocrx_word' id='word_1_100' title='bbox 819 1389 1077 1458; x_wconf 78' lang='lat' dir='ltr'><strong>transformatos.</strong></span> 
     </span>
    </p>

    <p class='ocr_par' dir='ltr' id='par_1_5' title="bbox 88 1470 1157 1621">
     <span class='ocr_line' id='line_1_16' title="bbox 130 1470 1157 1568; baseline -0.001 -29"><span class='ocrx_word' id='word_1_101' title='bbox 130 1475 200 1542; x_wconf 87' lang='grc'><strong>180.</strong></span> <span class='ocrx_word' id='word_1_102' title='bbox 225 1473 368 1538; x_wconf 87' lang='lat' dir='ltr'><strong>Huiusce</strong></span> <span class='ocrx_word' id='word_1_103' title='bbox 391 1472 570 1568; x_wconf 61' lang='lat' dir='ltr'><strong>systematis</strong></span> <span class='ocrx_word' id='word_1_104' title='bbox 592 1470 792 1538; x_wconf 89' lang='lat' dir='ltr'><strong>abnormitas</strong></span> <span class='ocrx_word' id='word_1_105' title='bbox 814 1471 1022 1557; x_wconf 84' lang='lat' dir='ltr'><strong>sequentibus</strong></span> <span class='ocrx_word' id='word_1_106' title='bbox 1037 1493 1157 1558; x_wconf 87' lang='lat' dir='ltr'><strong>propo-</strong></span> 
     </span>
     <span class='ocr_line' id='line_1_17' title="bbox 88 1551 487 1621; baseline -0.01 -1"><span class='ocrx_word' id='word_1_107' title='bbox 88 1553 263 1621; x_wconf 83' lang='lat' dir='ltr'><strong>sitionibus</strong></span> <span class='ocrx_word' id='word_1_108' title='bbox 283 1551 487 1619; x_wconf 76' lang='lat' dir='ltr'><strong>ostenditur:</strong></span> 
     </span>
    </p>

    <p class='ocr_par' dir='ltr' id='par_1_6' title="bbox 87 1633 1159 2459">
     <span class='ocr_line' id='line_1_18' title="bbox 129 1633 1157 1732; baseline -0.002 -30"><span class='ocrx_word' id='word_1_109' title='bbox 129 1639 225 1732; x_wconf 81' lang='lat' dir='ltr'><strong>Prop.</strong></span> <span class='ocrx_word' id='word_1_110' title='bbox 250 1633 295 1706; x_wconf 84' lang='lat'><strong>1⁸.</strong></span> <span class='ocrx_word' id='word_1_111' title='bbox 320 1635 519 1711; x_wconf 79' lang='lat' dir='ltr'><strong>intellectus,</strong></span> <span class='ocrx_word' id='word_1_112' title='bbox 544 1655 629 1698; x_wconf 81' lang='lat' dir='ltr'><strong>secus</strong></span> <span class='ocrx_word' id='word_1_113' title='bbox 650 1657 686 1697; x_wconf 89' lang='lat' dir='ltr'><strong>ac</strong></span> <span class='ocrx_word' id='word_1_114' title='bbox 707 1654 823 1709; x_wconf 81' lang='lat' dir='ltr'><strong>seusus,</strong></span> <span class='ocrx_word' id='word_1_115' title='bbox 847 1645 892 1700; x_wconf 80' lang='lat' dir='ltr'><strong>est</strong></span> <span class='ocrx_word' id='word_1_116' title='bbox 912 1634 1049 1719; x_wconf 68' lang='lat' dir='ltr'><strong>faculae</strong></span> <span class='ocrx_word' id='word_1_117' title='bbox 1070 1637 1157 1700; x_wconf 83' lang='lat' dir='ltr'><strong>ianr-</strong></span> 
     </span>
     <span class='ocr_line' id='line_1_19' title="bbox 90 1739 209 1782; baseline 0.008 -2"><span class='ocrx_word' id='word_1_118' title='bbox 90 1739 209 1782; x_wconf 63' lang='lat' dir='ltr'><strong>,antea</strong></span> 
     </span>
     <span class='ocr_line' id='line_1_20' title="bbox 87 1739 1156 1885; baseline -0.003 -20"><span class='ocrx_word' id='word_1_119' title='bbox 87 1739 106 1801; x_wconf 60' lang='grc'><strong><em>9</em></strong></span> <span class='ocrx_word' id='word_1_120' title='bbox 130 1802 219 1865; x_wconf 84' lang='lat' dir='ltr'><strong>llaec</strong></span> <span class='ocrx_word' id='word_1_121' title='bbox 243 1800 425 1885; x_wconf 85' lang='lat' dir='ltr'><strong>propositio</strong></span> <span class='ocrx_word' id='word_1_122' title='bbox 448 1795 704 1882; x_wconf 81' lang='lat' dir='ltr'><strong>argumentisah</strong></span> <span class='ocrx_word' id='word_1_123' title='bbox 719 1796 790 1882; x_wconf 93' lang='lat' dir='ltr'><strong>ipsa</strong></span> <span class='ocrx_word' id='word_1_124' title='bbox 811 1809 927 1866; x_wconf 89' lang='lat' dir='ltr'><strong>natura</strong></span> <span class='ocrx_word' id='word_1_125' title='bbox 950 1798 1077 1862; x_wconf 91' lang='lat' dir='ltr'><strong>animae</strong></span> <span class='ocrx_word' id='word_1_126' title='bbox 1100 1818 1156 1883; x_wconf 92' lang='lat' dir='ltr'><strong>pe·</strong></span> 
     </span>
     <span class='ocr_line' id='line_1_21' title="bbox 89 1877 1158 1948; baseline -0.004 -1"><span class='ocrx_word' id='word_1_127' title='bbox 89 1882 158 1947; x_wconf 91' lang='lat' dir='ltr'><strong>titis</strong></span> <span class='ocrx_word' id='word_1_128' title='bbox 180 1879 396 1948; x_wconf 88' lang='lat' dir='ltr'><strong>demonstrata</strong></span> <span class='ocrx_word' id='word_1_129' title='bbox 417 1879 511 1948; x_wconf 90' lang='lat' dir='ltr'><strong>nobis</strong></span> <span class='ocrx_word' id='word_1_130' title='bbox 533 1877 597 1944; x_wconf 92' lang='lat' dir='ltr'><strong>fuit</strong></span> <span class='ocrx_word' id='word_1_131' title='bbox 611 1879 637 1941; x_wconf 79' lang='lat'><strong>².</strong></span> <span class='ocrx_word' id='word_1_132' title='bbox 660 1879 805 1944; x_wconf 86' lang='lat' dir='ltr'><strong>Praestat</strong></span> <span class='ocrx_word' id='word_1_133' title='bbox 827 1902 899 1946; x_wconf 93' lang='lat' dir='ltr'><strong>eam</strong></span> <span class='ocrx_word' id='word_1_134' title='bbox 930 1879 989 1946; x_wconf 84' lang='lat' dir='ltr'><strong>hoc</strong></span> <span class='ocrx_word' id='word_1_135' title='bbox 1018 1879 1082 1945; x_wconf 91' lang='lat' dir='ltr'><strong>alio</strong></span> <span class='ocrx_word' id='word_1_136' title='bbox 1104 1900 1158 1943; x_wconf 89' lang='lat' dir='ltr'><strong>ar·</strong></span> 
     </span>
     <span class='ocr_line' id='line_1_22' title="bbox 90 1958 1157 2109; baseline 0 -84"><span class='ocrx_word' id='word_1_137' title='bbox 90 1974 243 2047; x_wconf 82' lang='lat' dir='ltr'><strong>gumenta</strong></span> <span class='ocrx_word' id='word_1_138' title='bbox 264 1961 476 2029; x_wconf 88' lang='lat' dir='ltr'><strong>confirmare:</strong></span> <span class='ocrx_word' id='word_1_139' title='bbox 501 1961 536 2029; x_wconf 91' lang='lat' dir='ltr'><strong>Si</strong></span> <span class='ocrx_word' id='word_1_140' title='bbox 558 1958 741 2027; x_wconf 86' lang='lat' dir='ltr'><strong>intellectus</strong></span> <span class='ocrx_word' id='word_1_141' title='bbox 764 1982 821 2046; x_wconf 89' lang='lat' dir='ltr'><strong>per</strong></span> <span class='ocrx_word' id='word_1_142' title='bbox 842 1959 974 2046; x_wconf 87' lang='lat' dir='ltr'><strong>aliquod</strong></span> <span class='ocrx_word' id='word_1_143' title='bbox 996 1981 1157 2109; x_wconf 74' lang='lat' dir='ltr'><strong>orqanum</strong></span> 
     </span>
     <span class='ocr_line' id='line_1_23' title="bbox 88 2045 1156 2130; baseline 0.001 -21"><span class='ocrx_word' id='word_1_144' title='bbox 88 2045 236 2128; x_wconf 90' lang='lat' dir='ltr'><strong>corporis</strong></span> <span class='ocrx_word' id='word_1_145' title='bbox 264 2045 406 2116; x_wconf 88' lang='lat' dir='ltr'><strong>actiones</strong></span> <span class='ocrx_word' id='word_1_146' title='bbox 435 2066 508 2116; x_wconf 90' lang='lat' dir='ltr'><strong>suas</strong></span> <span class='ocrx_word' id='word_1_147' title='bbox 535 2053 727 2120; x_wconf 85' lang='lat' dir='ltr'><strong>exerceret,</strong></span> <span class='ocrx_word' id='word_1_148' title='bbox 751 2045 942 2129; x_wconf 91' lang='lat' dir='ltr'><strong>neutiquam</strong></span> <span class='ocrx_word' id='word_1_149' title='bbox 969 2045 1036 2108; x_wconf 90' lang='lat' dir='ltr'><strong>intc</strong></span> <span class='ocrx_word' id='word_1_150' title='bbox 1051 2046 1156 2130; x_wconf 85' lang='lat' dir='ltr'><strong>ligere</strong></span> 
     </span>
     <span class='ocr_line' id='line_1_24' title="bbox 89 2125 1159 2220; baseline 0.002 -30"><span class='ocrx_word' id='word_1_151' title='bbox 89 2135 198 2212; x_wconf 89' lang='lat' dir='ltr'><strong>posset</strong></span> <span class='ocrx_word' id='word_1_152' title='bbox 220 2136 350 2190; x_wconf 87' lang='lat' dir='ltr'><strong>naturas</strong></span> <span class='ocrx_word' id='word_1_153' title='bbox 377 2131 524 2193; x_wconf 90' lang='lat' dir='ltr'><strong>omnium</strong></span> <span class='ocrx_word' id='word_1_154' title='bbox 557 2145 667 2188; x_wconf 89' lang='lat' dir='ltr'><strong>rerum</strong></span> <span class='ocrx_word' id='word_1_155' title='bbox 690 2126 921 2191; x_wconf 87' lang='lat' dir='ltr'><strong>materialium.</strong></span> <span class='ocrx_word' id='word_1_156' title='bbox 954 2125 1055 2220; x_wconf 79' lang='lat' dir='ltr'><strong>Atqui</strong></span> <span class='ocrx_word' id='word_1_157' title='bbox 1083 2146 1159 2212; x_wconf 87' lang='lat' dir='ltr'><strong>pro-</strong></span> 
     </span>
     <span class='ocr_line' id='line_1_25' title="bbox 88 2205 1155 2295; baseline 0.002 -24"><span class='ocrx_word' id='word_1_158' title='bbox 88 2209 201 2295; x_wconf 87' lang='lat' dir='ltr'><strong>prium</strong></span> <span class='ocrx_word' id='word_1_159' title='bbox 221 2207 403 2274; x_wconf 86' lang='lat' dir='ltr'><strong>intellectus</strong></span> <span class='ocrx_word' id='word_1_160' title='bbox 425 2222 474 2275; x_wconf 91' lang='lat' dir='ltr'><strong>est</strong></span> <span class='ocrx_word' id='word_1_161' title='bbox 496 2205 676 2289; x_wconf 80' lang='lat' dir='ltr'><strong>intelligere</strong></span> <span class='ocrx_word' id='word_1_162' title='bbox 697 2210 871 2274; x_wconf 88' lang='lat' dir='ltr'><strong>essentiam</strong></span> <span class='ocrx_word' id='word_1_163' title='bbox 892 2207 1070 2272; x_wconf 76' lang='lat' dir='ltr'><strong>cuiuslibet</strong></span> <span class='ocrx_word' id='word_1_164' title='bbox 1091 2209 1155 2285; x_wconf 88' lang='lat' dir='ltr'><strong>rei,</strong></span> 
     </span>
     <span class='ocr_line' id='line_1_26' title="bbox 88 2284 1157 2374; baseline 0.002 -22"><span class='ocrx_word' id='word_1_165' title='bbox 88 2309 173 2374; x_wconf 92' lang='lat' dir='ltr'><strong>quae</strong></span> <span class='ocrx_word' id='word_1_166' title='bbox 195 2284 290 2352; x_wconf 91' lang='lat' dir='ltr'><strong>habet</strong></span> <span class='ocrx_word' id='word_1_167' title='bbox 310 2309 378 2354; x_wconf 90' lang='lat' dir='ltr'><strong>esse</strong></span> <span class='ocrx_word' id='word_1_168' title='bbox 394 2294 427 2356; x_wconf 92' lang='lat' dir='ltr'><strong>in</strong></span> <span class='ocrx_word' id='word_1_169' title='bbox 443 2289 579 2355; x_wconf 90' lang='lat' dir='ltr'><strong>materia</strong></span> <span class='ocrx_word' id='word_1_170' title='bbox 595 2289 617 2349; x_wconf 79' lang='lat'><strong>⁸.</strong></span> <span class='ocrx_word' id='word_1_171' title='bbox 642 2289 729 2372; x_wconf 79' lang='lat' dir='ltr'><strong>Ergo</strong></span> <span class='ocrx_word' id='word_1_172' title='bbox 751 2288 950 2356; x_wconf 89' lang='lat' dir='ltr'><strong>intellectum</strong></span> <span class='ocrx_word' id='word_1_173' title='bbox 966 2288 1157 2356; x_wconf 86' lang='lat' dir='ltr'><strong>facultatem</strong></span> 
     </span>
     <span class='ocr_line' id='line_1_27' title="bbox 87 2367 881 2459; baseline -0.001 -24"><span class='ocrx_word' id='word_1_174' title='bbox 87 2371 313 2454; x_wconf 78' lang='lat' dir='ltr'><strong>inarganicam</strong></span> <span class='ocrx_word' id='word_1_175' title='bbox 334 2392 403 2438; x_wconf 89' lang='lat' dir='ltr'><strong>esse</strong></span> <span class='ocrx_word' id='word_1_176' title='bbox 426 2395 485 2459; x_wconf 88' lang='lat' dir='ltr'><strong>pro</strong></span> <span class='ocrx_word' id='word_1_177' title='bbox 506 2378 594 2436; x_wconf 88' lang='lat' dir='ltr'><strong>certo</strong></span> <span class='ocrx_word' id='word_1_178' title='bbox 617 2367 801 2433; x_wconf 90' lang='lat' dir='ltr'><strong>habendum</strong></span> <span class='ocrx_word' id='word_1_179' title='bbox 822 2381 881 2437; x_wconf 90' lang='lat' dir='ltr'><strong>cst.</strong></span> 
     </span>
    </p>

    <p class='ocr_par' dir='ltr' id='par_1_7' title="bbox 88 2449 1159 2946">
     <span class='ocr_line' id='line_1_28' title="bbox 130 2449 1158 2538; baseline 0 -22"><span class='ocrx_word' id='word_1_180' title='bbox 130 2452 200 2518; x_wconf 89' lang='lat'>181.</span> <span class='ocrx_word' id='word_1_181' title='bbox 224 2451 383 2520; x_wconf 77' lang='lat' dir='ltr'><strong>Probatur</strong></span> <span class='ocrx_word' id='word_1_182' title='bbox 405 2457 517 2520; x_wconf 84' lang='lat' dir='ltr'><strong>maior.</strong></span> <span class='ocrx_word' id='word_1_183' title='bbox 541 2449 798 2536; x_wconf 87' lang='lat' dir='ltr'><strong>Facultas,quae</strong></span> <span class='ocrx_word' id='word_1_184' title='bbox 821 2476 880 2538; x_wconf 89' lang='lat' dir='ltr'><strong>per</strong></span> <span class='ocrx_word' id='word_1_185' title='bbox 901 2473 1060 2537; x_wconf 79' lang='lat' dir='ltr'><strong>organum</strong></span> <span class='ocrx_word' id='word_1_186' title='bbox 1087 2473 1158 2516; x_wconf 91' lang='lat' dir='ltr'><strong>cor-</strong></span> 
     </span>
     <span class='ocr_line' id='line_1_29' title="bbox 89 2533 1158 2619; baseline 0.003 -23"><span class='ocrx_word' id='word_1_187' title='bbox 89 2553 226 2619; x_wconf 87' lang='lat' dir='ltr'><strong>poreum</strong></span> <span class='ocrx_word' id='word_1_188' title='bbox 247 2548 430 2614; x_wconf 83' lang='lat' dir='ltr'><strong>exercetur,</strong></span> <span class='ocrx_word' id='word_1_189' title='bbox 446 2535 486 2601; x_wconf 90' lang='lat' dir='ltr'><strong>ad</strong></span> <span class='ocrx_word' id='word_1_190' title='bbox 503 2556 603 2598; x_wconf 93' lang='lat' dir='ltr'><strong>unum</strong></span> <span class='ocrx_word' id='word_1_191' title='bbox 623 2553 725 2617; x_wconf 77' lang='lat' dir='ltr'><strong>genus</strong></span> <span class='ocrx_word' id='word_1_192' title='bbox 739 2554 850 2598; x_wconf 89' lang='lat' dir='ltr'><strong>rernm</strong></span> <span class='ocrx_word' id='word_1_193' title='bbox 866 2533 1086 2600; x_wconf 88' lang='lat' dir='ltr'><strong>materialium</strong></span> <span class='ocrx_word' id='word_1_194' title='bbox 1100 2533 1158 2618; x_wconf 82' lang='lat' dir='ltr'><strong>de·</strong></span> 
     </span>
     <span class='ocr_line' id='line_1_30' title="bbox 88 2614 1158 2704; baseline 0.001 -22"><span class='ocrx_word' id='word_1_195' title='bbox 88 2617 310 2692; x_wconf 86' lang='lat' dir='ltr'><strong>terminatur,</strong></span> <span class='ocrx_word' id='word_1_196' title='bbox 332 2639 361 2681; x_wconf 92' lang='lat' dir='ltr'><strong>e.</strong></span> <span class='ocrx_word' id='word_1_197' title='bbox 387 2640 431 2704; x_wconf 62' lang='lat' dir='ltr'><strong>g„</strong></span> <span class='ocrx_word' id='word_1_198' title='bbox 454 2617 544 2682; x_wconf 88' lang='lat' dir='ltr'><strong>visus</strong></span> <span class='ocrx_word' id='word_1_199' title='bbox 568 2614 608 2679; x_wconf 94' lang='lat' dir='ltr'><strong>ad</strong></span> <span class='ocrx_word' id='word_1_200' title='bbox 630 2615 764 2678; x_wconf 74' lang='lat' dir='ltr'><strong>colores,</strong></span> <span class='ocrx_word' id='word_1_201' title='bbox 788 2617 900 2701; x_wconf 81' lang='lat' dir='ltr'><strong>Ergo,</strong></span> <span class='ocrx_word' id='word_1_202' title='bbox 923 2618 950 2682; x_wconf 95' lang='lat' dir='ltr'><strong>si</strong></span> <span class='ocrx_word' id='word_1_203' title='bbox 973 2615 1158 2682; x_wconf 90' lang='lat' dir='ltr'><strong>intellectus</strong></span> 
     </span>
     <span class='ocr_line' id='line_1_31' title="bbox 89 2695 1159 2786; baseline -0.002 -22"><span class='ocrx_word' id='word_1_204' title='bbox 89 2709 173 2764; x_wconf 88' lang='lat' dir='ltr'><strong>essct</strong></span> <span class='ocrx_word' id='word_1_205' title='bbox 193 2697 330 2763; x_wconf 89' lang='lat' dir='ltr'><strong>facultas</strong></span> <span class='ocrx_word' id='word_1_206' title='bbox 350 2699 526 2786; x_wconf 83' lang='lat' dir='ltr'><strong>organica,</strong></span> <span class='ocrx_word' id='word_1_207' title='bbox 550 2697 588 2759; x_wconf 93' lang='lat' dir='ltr'><strong>ad</strong></span> <span class='ocrx_word' id='word_1_208' title='bbox 611 2695 868 2778; x_wconf 79' lang='lat' dir='ltr'><strong>cognoscendam</strong></span> <span class='ocrx_word' id='word_1_209' title='bbox 891 2698 971 2763; x_wconf 92' lang='lat' dir='ltr'><strong>hanc</strong></span> <span class='ocrx_word' id='word_1_210' title='bbox 993 2699 1044 2763; x_wconf 86' lang='lat' dir='ltr'><strong>vel</strong></span> <span class='ocrx_word' id='word_1_211' title='bbox 1067 2697 1159 2762; x_wconf 91' lang='lat' dir='ltr'><strong>illam</strong></span> 
     </span>
     <span class='ocr_line' id='line_1_32' title="bbox 90 2778 1157 2865; baseline -0.001 -19"><span class='ocrx_word' id='word_1_212' title='bbox 90 2791 240 2846; x_wconf 90' lang='lat' dir='ltr'><strong>naturam</strong></span> <span class='ocrx_word' id='word_1_213' title='bbox 263 2799 373 2845; x_wconf 89' lang='lat' dir='ltr'><strong>rerum</strong></span> <span class='ocrx_word' id='word_1_214' title='bbox 397 2778 617 2846; x_wconf 85' lang='lat' dir='ltr'><strong>materialium</strong></span> <span class='ocrx_word' id='word_1_215' title='bbox 645 2779 938 2858; x_wconf 85' lang='lat' dir='ltr'><strong>determinaretur,</strong></span> <span class='ocrx_word' id='word_1_216' title='bbox 962 2802 998 2844; x_wconf 89' lang='lat' dir='ltr'><strong>ae</strong></span> <span class='ocrx_word' id='word_1_217' title='bbox 1021 2779 1157 2865; x_wconf 86' lang='lat' dir='ltr'><strong>proinde</strong></span> 
     </span>
     <span class='ocr_line' id='line_1_33' title="bbox 90 2860 1155 2946; baseline -0.002 -20"><span class='ocrx_word' id='word_1_218' title='bbox 90 2872 219 2927; x_wconf 87' lang='lat' dir='ltr'><strong>naturas</strong></span> <span class='ocrx_word' id='word_1_219' title='bbox 231 2863 379 2926; x_wconf 79' lang='lat' dir='ltr'><strong>oninium</strong></span> <span class='ocrx_word' id='word_1_220' title='bbox 392 2883 502 2927; x_wconf 87' lang='lat' dir='ltr'><strong>rerum</strong></span> <span class='ocrx_word' id='word_1_221' title='bbox 515 2860 736 2926; x_wconf 88' lang='lat' dir='ltr'><strong>materialium</strong></span> <span class='ocrx_word' id='word_1_222' title='bbox 750 2882 946 2946; x_wconf 85' lang='lat' dir='ltr'><strong>cognoscere</strong></span> <span class='ocrx_word' id='word_1_223' title='bbox 960 2884 1021 2926; x_wconf 92' lang='lat' dir='ltr'><strong>non</strong></span> <span class='ocrx_word' id='word_1_224' title='bbox 1060 2873 1155 2927; x_wconf 85' lang='lat' dir='ltr'><strong>osset.</strong></span> 
     </span>
    </p>

    <p class='ocr_par' dir='ltr' id='par_1_8' title="bbox 90 2884 1158 3110">
     <span class='ocr_line' id='line_1_34' title="bbox 130 2884 1158 3026; baseline -0.002 -18"><span class='ocrx_word' id='word_1_225' title='bbox 130 2943 202 3016; x_wconf 82' lang='lat'>182.</span> <span class='ocrx_word' id='word_1_226' title='bbox 226 2941 322 3026; x_wconf 90' lang='lat' dir='ltr'><strong>Prop.</strong></span> <span class='ocrx_word' id='word_1_227' title='bbox 346 2941 394 3006; x_wconf 77' lang='lat'><strong>2⁸.</strong></span> <span class='ocrx_word' id='word_1_228' title='bbox 418 2943 601 3018; x_wconf 83' lang='lat' dir='ltr'><strong>Olieatum,</strong></span> <span class='ocrx_word' id='word_1_229' title='bbox 625 2955 653 3006; x_wconf 85' lang='lat' dir='ltr'><strong>ct</strong></span> <span class='ocrx_word' id='word_1_230' title='bbox 675 2945 865 3026; x_wconf 80' lang='lat' dir='ltr'><strong>operationes</strong></span> <span class='ocrx_word' id='word_1_231' title='bbox 890 2965 995 3008; x_wconf 83' lang='lat' dir='ltr'><strong>scasas</strong></span> <span class='ocrx_word' id='word_1_232' title='bbox 1017 2884 1059 3008; x_wconf 80' lang='lat' dir='ltr'><strong>al</strong></span> <span class='ocrx_word' id='word_1_233' title='bbox 1078 2943 1158 3007; x_wconf 81' lang='lat' dir='ltr'><strong>alie—</strong></span> 
     </span>
     <span class='ocr_line' id='line_1_35' title="bbox 90 3024 971 3110; baseline -0.005 -18"><span class='ocrx_word' id='word_1_234' title='bbox 90 3036 150 3103; x_wconf 85' lang='lat' dir='ltr'><strong>cto,</strong></span> <span class='ocrx_word' id='word_1_235' title='bbox 173 3033 201 3088; x_wconf 80' lang='lat' dir='ltr'><strong>et</strong></span> <span class='ocrx_word' id='word_1_236' title='bbox 223 3025 450 3107; x_wconf 81' lang='lat' dir='ltr'><strong>operationibus</strong></span> <span class='ocrx_word' id='word_1_237' title='bbox 472 3024 641 3088; x_wconf 83' lang='lat' dir='ltr'><strong>intellectas</strong></span> <span class='ocrx_word' id='word_1_238' title='bbox 661 3025 787 3089; x_wconf 85' lang='lat' dir='ltr'><strong>omnino</strong></span> <span class='ocrx_word' id='word_1_239' title='bbox 807 3024 971 3110; x_wconf 78' lang='lat' dir='ltr'><strong>differant.</strong></span> 
     </span>
    </p>

    <p class='ocr_par' dir='ltr' id='par_1_9' title="bbox 91 3104 1159 3359">
     <span class='ocr_line' id='line_1_36' title="bbox 131 3104 1159 3193; baseline -0.005 -18"><span class='ocrx_word' id='word_1_240' title='bbox 131 3108 291 3175; x_wconf 81' lang='lat' dir='ltr'><strong>Probatur</strong></span> <span class='ocrx_word' id='word_1_241' title='bbox 313 3105 346 3172; x_wconf 79' lang='lat'><strong>1·</strong></span> <span class='ocrx_word' id='word_1_242' title='bbox 371 3127 456 3193; x_wconf 89' lang='lat' dir='ltr'><strong>pars.</strong></span> <span class='ocrx_word' id='word_1_243' title='bbox 480 3109 598 3174; x_wconf 89' lang='lat' dir='ltr'><strong>Sensus</strong></span> <span class='ocrx_word' id='word_1_244' title='bbox 621 3107 656 3172; x_wconf 90' lang='lat' dir='ltr'><strong>in</strong></span> <span class='ocrx_word' id='word_1_245' title='bbox 677 3104 775 3171; x_wconf 87' lang='lat' dir='ltr'><strong>rebus</strong></span> <span class='ocrx_word' id='word_1_246' title='bbox 797 3128 860 3171; x_wconf 92' lang='lat' dir='ltr'><strong>non</strong></span> <span class='ocrx_word' id='word_1_247' title='bbox 874 3106 964 3171; x_wconf 91' lang='lat' dir='ltr'><strong>aliud</strong></span> <span class='ocrx_word' id='word_1_248' title='bbox 980 3127 1038 3192; x_wconf 88' lang='lat' dir='ltr'><strong>per</strong></span> <span class='ocrx_word' id='word_1_249' title='bbox 1051 3127 1084 3171; x_wconf 89' lang='lat' dir='ltr'><strong>se</strong></span> <span class='ocrx_word' id='word_1_250' title='bbox 1101 3128 1159 3191; x_wconf 87' lang='lat' dir='ltr'><strong>ap-</strong></span> 
     </span>
     <span class='ocr_line' id='line_1_37' title="bbox 91 3187 1159 3289; baseline -0.002 -34"><span class='ocrx_word' id='word_1_251' title='bbox 91 3188 285 3289; x_wconf 89' lang='lat' dir='ltr'><strong>prehendit,</strong></span> <span class='ocrx_word' id='word_1_252' title='bbox 308 3190 371 3254; x_wconf 90' lang='lat' dir='ltr'><strong>nisi</strong></span> <span class='ocrx_word' id='word_1_253' title='bbox 395 3188 569 3274; x_wconf 90' lang='lat' dir='ltr'><strong>qualitates</strong></span> <span class='ocrx_word' id='word_1_254' title='bbox 590 3189 726 3253; x_wconf 89' lang='lat' dir='ltr'><strong>sensiles</strong></span> <span class='ocrx_word' id='word_1_255' title='bbox 753 3189 885 3255; x_wconf 90' lang='lat' dir='ltr'><strong>illarum</strong></span> <span class='ocrx_word' id='word_1_256' title='bbox 900 3189 926 3267; x_wconf 76' lang='lat'><strong>⁸,</strong></span> <span class='ocrx_word' id='word_1_257' title='bbox 949 3200 983 3253; x_wconf 91' lang='lat' dir='ltr'><strong>et</strong></span> <span class='ocrx_word' id='word_1_258' title='bbox 1002 3187 1159 3272; x_wconf 91' lang='lat' dir='ltr'><strong>quoniam</strong></span> 
     </span>
     <span class='ocr_line' id='line_1_38' title="bbox 91 3270 1156 3359; baseline -0.005 -20"><span class='ocrx_word' id='word_1_259' title='bbox 91 3274 168 3340; x_wconf 80' lang='lat' dir='ltr'><strong>allae</strong></span> <span class='ocrx_word' id='word_1_260' title='bbox 189 3272 364 3359; x_wconf 90' lang='lat' dir='ltr'><strong>qualitates</strong></span> <span class='ocrx_word' id='word_1_261' title='bbox 396 3282 469 3338; x_wconf 92' lang='lat' dir='ltr'><strong>sunt</strong></span> <span class='ocrx_word' id='word_1_262' title='bbox 492 3270 663 3356; x_wconf 89' lang='lat' dir='ltr'><strong>quidpiam</strong></span> <span class='ocrx_word' id='word_1_263' title='bbox 686 3273 875 3356; x_wconf 81' lang='lat' dir='ltr'><strong>singulare,</strong></span> <span class='ocrx_word' id='word_1_264' title='bbox 897 3283 928 3337; x_wconf 89' lang='lat' dir='ltr'><strong>et</strong></span> <span class='ocrx_word' id='word_1_265' title='bbox 949 3289 1156 3356; x_wconf 90' lang='lat' dir='ltr'><strong>corporeum,</strong></span> 
     </span>
    </p>
   </div>
   <div class='ocr_carea' id='block_1_5' title="bbox 92 3473 1159 3691">
    <p class='ocr_par' dir='ltr' id='par_1_10' title="bbox 92 3473 1159 3691">
     <span class='ocr_line' id='line_1_39' title="bbox 127 3473 1159 3546; baseline 0 -12"><span class='ocrx_word' id='word_1_266' title='bbox 127 3481 139 3521; x_wconf 81' lang='lat'>¹</span> <span class='ocrx_word' id='word_1_267' title='bbox 158 3479 256 3535; x_wconf 86' lang='lat' dir='ltr'><strong>Contra</strong></span> <span class='ocrx_word' id='word_1_268' title='bbox 276 3498 322 3535; x_wconf 81' lang='lat' dir='ltr'><strong>aas</strong></span> <span class='ocrx_word' id='word_1_269' title='bbox 340 3481 485 3546; x_wconf 77' lang='lat' dir='ltr'><strong>disputarit</strong></span> <span class='ocrx_word' id='word_1_270' title='bbox 504 3473 667 3536; x_wconf 68' lang='lat' dir='ltr'><strong>ufhausei,</strong></span> <span class='ocrx_word' id='word_1_271' title='bbox 688 3477 831 3541; x_wconf 85' lang='lat' dir='ltr'><strong>praecipue</strong></span> <span class='ocrx_word' id='word_1_272' title='bbox 854 3483 943 3531; x_wconf 81' lang='lat' dir='ltr'><strong>contr.</strong></span> <span class='ocrx_word' id='word_1_273' title='bbox 957 3483 1044 3542; x_wconf 74' lang='lat' dir='ltr'><strong>aaut..</strong></span> <span class='ocrx_word' id='word_1_274' title='bbox 1060 3483 1107 3534; x_wconf 85' lang='lat' dir='ltr'><strong>lib.</strong></span> <span class='ocrx_word' id='word_1_275' title='bbox 1124 3481 1159 3546; x_wconf 91' lang='lat' dir='ltr'><strong>ll,</strong></span> 
     </span>
     <span class='ocr_line' id='line_1_40' title="bbox 92 3556 970 3691; baseline -0.005 -12"><span class='ocrx_word' id='word_1_276' title='bbox 92 3556 194 3680; x_wconf 42' lang='lat'>“²⁶11</span> <span class='ocrx_word' id='word_1_277' title='bbox 210 3641 237 3691; x_wconf 79' lang='lat' dir='ltr'><strong>p.</strong></span> <span class='ocrx_word' id='word_1_278' title='bbox 259 3626 390 3678; x_wconf 79' lang='lat' dir='ltr'><strong>rao-aar.</strong></span> <span class='ocrx_word' id='word_1_279' title='bbox 405 3653 438 3664; x_wconf 85' lang='grc'>-</span> <span class='ocrx_word' id='word_1_280' title='bbox 454 3625 464 3662; x_wconf 76' lang='lat'><strong>³</strong></span> <span class='ocrx_word' id='word_1_281' title='bbox 483 3619 518 3676; x_wconf 82' lang='lat' dir='ltr'><strong>cr</strong></span> <span class='ocrx_word' id='word_1_282' title='bbox 533 3638 559 3687; x_wconf 71' lang='lat' dir='ltr'><strong>p.</strong></span> <span class='ocrx_word' id='word_1_283' title='bbox 585 3620 712 3672; x_wconf 71' lang='lat' dir='ltr'><strong>laetas.</strong></span> <span class='ocrx_word' id='word_1_284' title='bbox 730 3621 787 3660; x_wconf 69' lang='lat'><strong>-1</strong></span> <span class='ocrx_word' id='word_1_285' title='bbox 806 3621 842 3675; x_wconf 87' lang='lat' dir='ltr'><strong>cr</strong></span> <span class='ocrx_word' id='word_1_286' title='bbox 857 3638 883 3687; x_wconf 74' lang='grc' dir='ltr'><strong>ρ.</strong></span> <span class='ocrx_word' id='word_1_287' title='bbox 908 3625 970 3675; x_wconf 82' lang='lat' dir='ltr'><strong>ua.</strong></span> 
     </span>
    </p>
   </div>
   <div class='ocr_carea' id='block_1_6' title="bbox 0 0 1248 3909">
    <p class='ocr_par' dir='ltr' id='par_1_11' title="bbox 0 0 1248 3909">
     <span class='ocr_line' id='line_1_41' title="bbox 0 0 1248 3909; baseline 0 0"><span class='ocrx_word' id='word_1_288' title='bbox 0 0 1248 3909; x_wconf 95' lang='lat' dir='ltr'><strong> </strong></span> 
     </span>
    </p>
   </div>
  </div>
 </body>
</html>
