2475 3909
465 191 694 243 crusniacum
1034 165 1093 236 153

61 299 177 368 parare
205 301 268 346 non
295 297 488 366 possumus,
511 282 575 346 nisi
599 301 654 345 eos
681 281 748 345 iam
779 295 1021 362 cognoscamus.
1045 278 1133 363 Ergo

60 363 202 450 simplex
222 363 438 449 apprehensio
461 364 676 428 terminorum
697 361 819 426 iudicio
839 358 1011 447 praecedat
1025 379 1134 425 neces·

61 466 93 510 se
114 454 174 510 est.

99 526 172 591 157.
196 525 296 612 Prop.
319 523 367 592 3¹.
390 525 536 589 Esseotio
557 523 673 588 iudicii
693 544 754 587 noo
774 523 811 586 ia
824 526 1051 607 comparatione
1074 531 1134 586 ter-

61 608 250 726 minoqum,
274 607 325 672 aad
345 607 381 671 ia
401 607 626 691 affirmatione,
648 617 704 670 out
728 605 886 688 negatione
907 604 1039 690 proprie
1062 625 1133 668 coo-

61 689 145 753 sistc't
173 738 181 752 .
421 739 423 744 .

98 768 349 837 Demonstratur
369 780 481 836 contra
501 769 704 845 Loclrianos,
728 769 785 853 qni
809 766 971 834 iudicium
999 765 1132 854 proprie

60 851 93 914 in
114 853 357 937 comparatione
378 853 591 917 terminorum
613 852 711 916 situm
731 870 800 916 esse
825 860 1014 916 autumant:
1038 849 1134 915 lntel-

60 931 163 999 lectus
186 953 245 1018 per
265 933 540 1019 comparationem
562 933 655 1017 ponit
678 952 778 996 unum
796 935 971 997 terminum
993 940 1067 997 ante
1088 930 1133 998 al-

61 1023 181 1090 terum,
205 1014 262 1080 sed
284 1033 399 1080 eorum
424 1015 696 1089 convenientiam,
720 1023 776 1081 aut
797 1015 1045 1100 repugnantiam
1067 1035 1132 1078 non

54 1096 238 1182 cognoscit.
262 1097 362 1182 Atqui
386 1096 454 1161 sine
475 1095 661 1162 huiusmodi
685 1096 870 1181 cognitione
896 1096 1023 1159 nullum
1046 1094 1133 1161 iudi-

60 1179 151 1242 cium
174 1177 326 1243 efficitur.
350 1177 438 1263 Ergo
460 1177 621 1243 iudicium
650 1199 714 1242 non
742 1180 775 1242 in
804 1178 1047 1262 comparatione
1069 1188 1137 1244 ter-

60 1259 227 1324 minorum
250 1261 348 1326 situm
371 1268 433 1335 est,
455 1259 566 1325 sedin
588 1261 729 1335 actione,
745 1279 808 1344 qua
825 1259 1007 1324 intellectus
1023 1261 1132 1324 termi-

61 1360 178 1406 norum
203 1351 470 1426 comparatorum
491 1342 773 1416 convenientiam,
794 1349 852 1404 aut
878 1339 1131 1426 discrepantiam

60 1425 229 1508 perspicit.
254 1423 355 1508 Atqui
379 1422 562 1489 intellectus
594 1443 669 1488 cum
701 1424 860 1508 perspicit
890 1422 1033 1508 aliquam
1058 1443 1132 1508 pro-

58 1506 234 1589 prietatem
257 1504 404 1571 subiecto
426 1505 612 1584 convenire,
628 1514 705 1572 tunc
720 1505 873 1581 affirmat,
896 1512 993 1590 atque
1015 1525 1033 1568 e
1055 1524 1131 1569 con·

61 1587 178 1665 trario,
199 1608 275 1653 cum
297 1587 466 1672 cognoscit
489 1585 633 1672 aliquam
655 1587 888 1684 proprietatem
910 1585 1058 1651 subiecto
1080 1605 1132 1649 re-

59 1687 220 1754 pugnare,
243 1678 320 1734 tunc
344 1679 449 1754 negat.
473 1669 639 1734 ludicium
660 1670 820 1753 igiturex
834 1668 1058 1743 affirmatione,
1074 1679 1132 1735 aut

57 1751 231 1835 negatione
254 1751 388 1837 proprie
410 1751 632 1826 constituitur,
648 1759 681 1815 et
694 1752 897 1836 comparatio
912 1752 1131 1815 terminorum

59 1843 106 1896 est
126 1831 299 1928 dumtaxat
321 1831 479 1909 medium,
502 1831 590 1918 quod
612 1831 652 1896 ad
668 1831 748 1898 illud
771 1830 1034 1898 constituendum
1055 1848 1132 1895 con·

59 1925 174 1981 currit.

401 2037 472 2092 dar.
487 2035 615 2090 X.-l)e
640 2040 778 2091 ratione

102 2148 174 2215 158.
197 2148 317 2212 Anima
339 2147 503 2229 humana,
547 2151 649 2235 uippc
670 2167 755 2234 quae
781 2146 929 2213 infimum
952 2148 1060 2212 locum
1081 2150 1133 2214 io·

60 2239 109 2295 ter
130 2227 329 2294 substantias
355 2171 590 2298 intellectudles
616 2239 727 2305 tenet,
750 2229 792 2293 ad
814 2229 992 2315 perlectam
1017 2250 1130 2296 rerum

59 2312 280 2406 cognitionem
302 2313 559 2458 assequendam,
584 2321 715 2398 praeter
742 2312 927 2397 simplicem
952 2312 1132 2458 apprehen-

58 2413 205 2468 sionem,
229 2412 291 2456 non
314 2414 367 2458 mo
390 2414 411 2458 o
437 2397 563 2461 actione
591 2392 761 2480 complexa
790 2392 930 2468 iudicii,
952 2415 986 2458 se
1031 2395 1129 2458 etiarn

58 2474 186 2542 actione
215 2473 318 2558 magis
341 2495 411 2540 com
438 2478 522 2551 lexa,
551 2497 668 2563 nempe
695 2476 934 2540 ratiocinatione
962 2473 1090 2560 indiget
1102 2475 1127 2549 ’ς

59 2563 261 2702 quapropter
283 2557 353 2639 ipsa
375 2497 495 2644 pudiare
518 2561 637 2624 ratione
658 2557 791 2624 dicitur.
926 2637 933 2652 ·

99 2638 169 2705 109.
222 2658 240 2700 c
267 2649 381 2703 natura
412 2640 672 2707 ratiocinationis
705 2640 739 2705 in
760 2638 876 2722 Logicc
901 2636 1126 2703 disseruimus.

59 2719 123 2785 llic
144 2718 207 2786 tria
229 2719 316 2784 circa
338 2721 489 2785 rationem
511 2721 742 2804 investigemus
769 2729 919 2806 oportet:
947 2717 1129 2784 scilicet1⁰

60 2810 172 2867 utrum
195 2799 396 2877 intellectus,
419 2813 452 2868 et
473 2803 558 2869 ratio
579 2803 645 2866 sint
669 2822 759 2879 una,
781 2823 821 2866 an
849 2800 933 2864 duae
961 2799 1131 2865 facultates

59 2881 275 2968 intelligendi;
297 2881 332 2945 2⁰
354 2894 464 2948 utrum
485 2885 571 2950 ratio
592 2883 784 2969 specsslativo
801 2905 820 2947 a
839 2883 966 2947 ratione
982 2882 1129 2967 practico

57 2961 210 3108 qlid‘erat3
239 2961 274 3030 3⁰
295 2962 376 3048 quid
403 2964 444 3029 de
470 2967 596 3032 ratione
624 2966 781 3051 superiori
802 2973 835 3030 et
854 2964 1000 3049 inferiori
1020 2961 1130 3027 dicen·

79 3066 134 3110 um
156 3054 212 3110 sit.

99 3127 171 3192 160.
195 3124 246 3189 Ad
270 3125 522 3214 primumquod
545 3135 684 3212 spectat,
708 3147 772 3192 non
793 3127 891 3211 pauci
914 3147 959 3190 nu
983 3125 1033 3189 eri
1054 3123 1130 3188 Plri-

56 3205 185 3293 losophi
209 3215 282 3292 post
302 3207 487 3272 llantium⁸
513 3207 714 3273 admiserunt
740 3206 927 3294 specificam
973 3205 1131 3270 istinetio-

57 3309 132 3353 nem
156 3289 245 3353 inter
264 3286 489 3364 intellectum,
512 3299 546 3355 et
567 3290 741 3355 rationem.
768 3288 890 3356 Contra
915 3309 972 3354 eos
997 3284 1129 3352 demon·

56 3379 197 3436 stramus
219 3377 405 3453 sequentem
426 3370 709 3458 Propositionem:

90 3573 102 3613 ¹
123 3576 175 3639 oq.
195 3574 292 3636 dtrpp„
314 3575 352 3624 lla
373 3574 448 3630 Ver..
468 3587 497 3639 q.
520 3570 540 3632 l,
560 3585 587 3624 a.
608 3571 625 3622 3
644 3585 671 3622 c.
686 3569 746 3608 —2
765 3568 787 3632 l,
807 3585 835 3636 q.
855 3565 976 3631 mvl,
997 3583 1024 3620 a.
1045 3569 1061 3621 5
1080 3583 1127 3638 ο.Ι

90 3647 102 3686 ³
122 3647 247 3713 callique,
267 3648 333 3705 sto..
355 3641 456 3697 lutrod.
