2475 3909
530 168 711 219 ouratnam
1075 158 1116 224 29

121 256 174 326 86.
198 257 297 343 Prop.
313 256 465 339 Singulas
484 278 533 321 ree
553 256 723 329 naturales,
739 254 936 343 singulaeque
950 262 1158 344 conceptiones

85 342 263 404 intellectus
280 340 414 424 propria
436 339 564 402 ueritate
585 339 729 420 pandent.
935 342 942 353 '

125 422 298 485 Probatur.
316 422 383 485 Etsi
407 441 465 483 esse
487 420 645 515 cuiusque
668 421 714 483 rei
739 417 781 482 sit
800 418 959 503 quaedam
983 423 1159 507 participa-

81 504 131 567 tio
152 532 200 570 του
215 502 293 565 Esse
316 502 390 577 Dei,
414 502 572 566 etlumen
595 498 803 585 intelligibile
820 500 1001 567 intellectus
1024 503 1156 569 humani

82 586 126 650 sit
152 582 313 669 quaedam
343 582 553 668 participatio
581 582 717 646 luminis
743 581 959 665 intelligibilis
983 582 1081 660 Deil,
1111 595 1158 649 ta-

83 688 159 729 men
183 686 289 739 nemo,
313 666 375 729 nisi
400 666 456 749 qui
482 663 715 759 pantheismum
740 662 927 743 profitetur,
949 686 1065 751 negare
1110 680 1160 732 ot-

83 758 135 811 est
157 768 215 811 essa
237 746 419 811 cuiuslibet
446 765 491 809 rer
515 756 642 809 creatae
669 766 704 807 re
734 746 802 829 ipsa
830 744 987 830 distingui
1018 749 1058 811 ab
1080 686 1158 812 bsse

84 828 170 907 Dei,
195 839 225 895 et
250 829 370 893 lumem
398 826 607 922 intelligibile
634 825 814 890 intellectus
841 826 972 891 humani
997 828 1030 891 in
1053 852 1085 894 se
1108 852 1158 895 re-

86 912 157 994 ipsa
180 910 337 994 distingui
361 908 402 973 ab
424 907 622 993 intelligibili
644 907 766 970 lumine
789 907 862 971 Dei.
880 910 979 993 btqni
1000 930 1060 975 esee
1083 934 1158 997 pro-

85 994 195 1076 prium
219 1012 326 1056 rernm
350 1004 398 1057 est
418 989 666 1054 fundamentum
689 990 835 1055 ueritatis
857 991 1016 1075 ipsarum,
1032 1015 1069 1059 ac
1083 1015 1161 1058 can·

85 1076 251 1171 ceptiones
273 1073 373 1137 nostri
400 1072 581 1137 intellectus
603 1082 679 1135 sunt
699 1091 811 1147 verae,
833 1092 873 1135 eo
895 1071 981 1157 qnod
1007 1097 1063 1161 per
1086 1096 1160 1159 prn-

112 1178 199 1222 rrum
224 1156 331 1219 lumen
348 1154 449 1218 intelli
477 1152 555 1216 ibile
581 1153 761 1227 veritatem,
777 1174 860 1237 quae
876 1150 1032 1220 fundatur
1054 1162 1088 1223 iu
1111 1180 1160 1223 re-

85 1175 174 1312 bus,
198 1237 413 1320 assequimur.
467 1255 552 1318 rgo,
575 1235 599 1297 si
623 1255 684 1297 esse
706 1233 883 1298 cuiuslibet
908 1237 955 1299 rei
981 1240 1088 1325 reipsa
1111 1240 1161 1305 ‹ti-

89 1320 269 1404 stinguitur
290 1317 331 1380 ab
353 1316 430 1381 Esse
453 1314 537 1391 Dei,
561 1316 723 1381 etlumen
748 1314 952 1398 intelligibile
977 1319 1160 1387 intellectus

86 1400 224 1465 humani
249 1418 281 1463 re
304 1400 374 1483 ipsa
397 1397 610 1463 distineuitur
632 1394 674 1460 ab
697 1395 898 1481 intelligibili
924 1399 1047 1467 lumine
1070 1402 1159 1481 Dei,

88 1500 288 1578 consequens
310 1494 357 1547 est
371 1446 551 1565 quamlibet
573 1500 659 1554 rem,
676 1492 708 1545 et
722 1478 901 1563 quamlibet
916 1486 1161 1569 conceptionem

90 1584 224 1651 propria
251 1565 384 1629 veritate
409 1560 548 1643 gaudere
561 1562 585 1623 ².
604 1558 769 1624 budiatur
784 1558 823 1623 Ι).
840 1560 995 1627 Thomas:
1014 1590 1029 1625 a
1044 1566 1164 1631 Dicen-

89 1646 182 1721 dum,
206 1643 289 1729 quod
314 1646 396 1710 ratio
418 1644 564 1707 ueritatis
580 1644 612 1706 in
628 1640 756 1706 duobus
777 1643 987 1720 consistam
1008 1668 1075 1712 esse
1099 1649 1160 1723 rei,

89 1740 120 1793 et
139 1730 171 1793 in
187 1727 442 1813 apprehensione
458 1726 590 1789 virtutis
606 1725 844 1807 cognoscitisae
861 1728 1106 1811 proportionata
1122 1729 1161 1794 ad

91 1831 160 1874 esse
182 1810 242 1874 rei.
268 1808 447 1893 Utrumque
471 1816 578 1871 autem
608 1804 726 1869 borum
752 1808 902 1889 quamvis
926 1806 1102 1875 reducatur
1130 1813 1163 1874 in

91 1891 212 1968 Deum,
228 1892 311 1957 sicut
335 1892 367 1955 in
390 1909 521 1953 cansam
543 1887 747 1960 efficientem,
765 1897 797 1951 et
811 1888 1050 1972 exemplarem3
1068 1893 1165 1957 nibil—

92 1976 224 2039 ominus
239 1984 346 2039 tamen
361 1970 529 2056 quaelibet
543 1990 594 2032 res
612 1968 786 2054 participat
807 1989 903 2033 suum
918 1992 988 2036 esse
1003 1986 1161 2047 creatum,

90 2078 158 2141 quo
182 2056 364 2122 formaliter
384 2064 456 2129 est;
480 2061 512 2115 et
533 2052 758 2135 uuusquisque
783 2050 966 2118 intellectus
992 2057 1165 2141 participat

92 2138 204 2205 lumen
224 2185 231 2213 ,
255 2158 313 2221 per
334 2136 421 2222 quod
444 2144 531 2199 recte
553 2132 593 2196 tle
616 2154 651 2196 re
676 2131 826 2207 iudicat,
850 2133 940 2217 quod
961 2136 1095 2220 quidem
1116 2148 1164 2203 est

93 2221 316 2306 exemplatum
347 2217 510 2282 alumine
540 2216 697 2279 increato.
722 2213 828 2280 Habet
855 2216 953 2281 etiam
984 2219 1166 2285 intellectus

93 2324 185 2367 suam
207 2324 227 2367 o
250 2302 430 2366 arationem
452 2300 486 2362 in
509 2317 559 2369 se,
583 2318 625 2360 ex
647 2314 710 2379 qua
733 2296 920 2380 completur
942 2302 1026 2366 ratio
1048 2303 1167 2367 verita·

93 2386 147 2450 tis.
172 2322 262 2449 Unde
284 2382 371 2457 dico,
394 2378 478 2464 qunel
503 2379 584 2442 sieut
607 2390 656 2443 est
680 2397 780 2440 unum
804 2399 874 2443 esse
897 2378 1076 2460 Divinum,
1121 2405 1166 2449 uo

94 2467 209 2531 omnia
231 2476 316 2541 sunt,
340 2466 425 2529 sicut
445 2482 462 2525 a
486 2461 650 2545 principia
666 2458 821 2554 'effectivo
842 2462 1045 2548 exemplari3
1068 2403 1166 2530 nibil-

94 2548 226 2613 ominus
248 2557 355 2611 tamen
379 2546 411 2609 iu
436 2540 534 2608 rebus
555 2540 691 2605 diversis
719 2554 768 2605 est
795 2541 961 2608 diversum
981 2566 1074 2622 esse,
1098 2568 1164 2631 quo

95 2628 280 2696 formaliter
301 2649 353 2691 res
375 2637 440 2702 est,·
462 2625 504 2689 ita
526 2624 626 2687 etiam
648 2633 697 2686 est
717 2643 783 2686 una
807 2625 942 2701 veritas,
966 2627 1093 2693 scilicet
1114 2629 1165 2695 di-

99 2712 189 2787 rina,
205 2731 267 2795 qua
284 2711 392 2773 omnia
415 2728 491 2771 vera
508 2715 594 2779 sunt,
611 2707 695 2768 sicut
710 2705 871 2790 principie
893 2707 1042 2774 allectiva
1056 2732 1166 2775 exeni-

96 2793 205 2880 pfari:
224 2791 435 2855 nibilominus
457 2798 530 2852 sunt
552 2784 661 2871 plures
683 2787 836 2852 veritates
859 2788 894 2852 in
915 2788 1012 2855 rebus
1033 2794 1164 2869 creatis,

97 2872 221 2961 quibus
242 2871 398 2937 dicuutur
418 2890 514 2936 verae
538 2867 721 2932 formaliter
734 2869 747 2904 ⁸
762 2890 791 2931 n.

135 3064 145 3100 ¹
167 3060 222 3112 lloc
237 3074 314 3110 sensu
329 3074 420 3109 amnes
435 3072 486 3117 res,
500 3064 526 3108 et
541 3061 578 3109 vis
592 3060 755 3109 intellectiva
769 3060 866 3109 mentis
879 3059 1013 3111 humanae
1025 3060 1057 3111 ad
1072 3058 1168 3120 Dauni,

97 3144 238 3199 tamquam
258 3133 291 3183 ad
310 3133 435 3195 primaru,
449 3136 476 3181 at
495 3144 649 3194 supremam
664 3132 827 3182 calcaneum
841 3134 1168 3189 rotataeoonstterrmur,

99 3224 133 3260 sc
155 3206 264 3271 preinde
283 3218 376 3254 amnes
396 3218 437 3254 rae
456 3204 602 3263 naturales,
620 3216 766 3267 omnesque
784 3206 972 3268 conceptiones
990 3205 1072 3254 nostri
1093 3206 1172 3255 tntel-

98 3284 187 3333 lectns
207 3292 283 3329 veras
300 3291 332 3327 aa
352 3278 464 3326 verttats
477 3272 525 3326 liei
544 3289 602 3327 esse
615 3276 812 3340 quodammado
823 3277 875 3327 dict
889 3281 986 3340 petest.
1004 3271 1071 3328 Cis.
1088 3277 1169 3339 bug,

99 3354 188 3411 satit,
208 3350 256 3401 tib.
279 3350 299 3410 t,
319 3363 345 3398 o.
367 3345 387 3406 l,
409 3364 435 3399 n.
456 3346 484 3398 3.
769 3368 778 3381 .

138 3424 150 3462 ²
169 3420 205 3476 Cl
220 3437 243 3472 s.
259 3422 338 3485 bag..
360 3422 457 3474 Baarr.
475 3423 504 3469 tn
523 3422 569 3471 Pa.
586 3422 633 3481 lx,
653 3420 711 3471 mi
732 3425 759 3471 et
778 3434 801 3470 s.
816 3416 924 3479 Tbom,
944 3420 975 3469 tn
994 3420 1040 3469 tta.
1057 3422 1069 3470 t
1087 3422 1169 3478 Sena,

102 3496 170 3549 litet.
184 3492 257 3552 ΧΙΧ,
277 3509 305 3558 q.
321 3491 354 3549 V,
374 3492 431 3543 ab
451 3492 501 3544 sot.
521 3490 560 3543 llx
578 3506 633 3557 quo
651 3495 763 3556 patescit
780 3492 986 3557 ontotogtsmum
1007 3493 1049 3543 rel
1068 3504 1100 3544 ax
1120 3492 1170 3541 bec

102 3572 191 3634 capite
211 3579 269 3617 esse
291 3565 463 3629 panthetsmo·
477 3564 602 3615 adfinem.

140 3642 152 3678 ὅ
172 3643 203 3692 ln
220 3640 269 3689 tib.
291 3640 404 3699 isene„
426 3634 491 3687 bist.
511 3634 585 3697 tttx,
605 3650 633 3702 q.
654 3635 688 3699 V,
709 3652 736 3689 a.
756 3636 770 3687 Ξ
789 3638 838 3689 set.
