2475 3909
133 172 172 235 12
523 185 705 236 osroncara

90 271 350 347 determinatur,
384 278 432 333 est
453 269 538 333 ratio
560 268 723 334 sufficiens
743 264 933 331 existentiae
960 266 1044 330 eins.
1067 265 1158 353 Ergo

90 351 172 417 nihil
194 352 263 416 sine
287 352 397 435 aliqua
419 351 544 417 ratione
568 351 743 416 sufficiente
765 348 888 412 existit.

129 434 180 501 29.
205 432 365 497 Probatur
378 431 414 495 2¹
430 454 515 517 pars.
540 431 661 497 Omnes
675 451 728 494 res
743 440 869 493 creatae
885 449 950 493 uon
964 430 1069 493 solum
1083 451 1160 495 con-

90 514 262 600 tingentes,
284 514 338 579 sed
360 513 459 579 etiam
482 517 695 589 necessariae,
719 522 795 596 puta
819 531 880 573 non
904 530 996 595 posse
1017 512 1158 579 existere

88 594 273 675 hominem,
298 598 360 661 nisi
390 596 514 661 ratione
544 595 688 680 polleat,
714 592 882 659 ordinatae
910 603 985 657 aunt
1005 614 1024 657 a
1047 595 1158 661 Mente

89 675 221 754 Divina,
243 698 317 741 cum
339 678 428 741 Deus
452 678 576 743 infinite
598 679 728 763 sapiens
752 676 805 741 sit.
830 676 928 758 Atqui
957 672 1014 738 ubi
1037 686 1085 743 est
1105 696 1159 741 or-

88 757 143 835 do,
166 762 251 823 ratio
273 779 403 845 quoquc
424 768 472 825 cst
487 760 510 823 ¹.
534 762 622 845 Ergo
638 780 701 823 non
716 757 821 821 solum
843 777 953 820 rernm
969 756 1158 843 contingen-

90 842 183 915 tium,
208 838 262 903 sed
286 843 384 906 etiam
408 846 661 907 necessariarum
688 840 831 904 rationes
857 837 1049 903 sufficientes
1069 854 1155 907 sunt.

128 920 180 987 30.
205 920 364 986 Probatur
385 922 420 989 3⁸
444 944 531 1009 pars.
546 925 668 991 Omnes
683 922 837 985 veritates
851 932 916 986 tam
940 924 1155 999 necessariae,

89 1021 186 1085 qnam
210 1004 432 1087 contingentes
455 1006 489 1069 in
511 1006 646 1093 allatum
672 1002 808 1067 rationis
829 1001 1011 1096 sufficientia
1035 1002 1154 1068 resolvi

91 1093 226 1165 possunt
240 1086 264 1149 ².
291 1088 391 1171 Atqui
414 1087 469 1150 illa
492 1088 630 1162 veritas,
654 1086 804 1168 inquam
832 1082 916 1146 aliae
938 1084 1155 1157 resolvuntur,

87 1173 135 1231 est
157 1165 358 1252 principium
395 1190 521 1233 earum.
546 1169 634 1252 Ergo
665 1165 797 1230 aliatum
818 1164 951 1228 rationis
977 1166 1157 1249 sufficientis

85 1257 134 1310 cst
160 1244 360 1341 principium
375 1252 547 1318 veritatum
565 1261 633 1315 tum
649 1247 917 1324 necessariarum,
941 1257 1010 1312 tum
1030 1250 1158 1313 contin-

109 1336 245 1392 entium.

85 1348 108 1414 g
126 1408 176 1476 31.
200 1410 310 1475 Maior
332 1412 376 1477 ita
398 1412 654 1479 demonstratur:
677 1409 710 1477 Si
731 1410 891 1495 cuiusque
917 1409 966 1474 rei
989 1411 1058 1476 sire
1078 1429 1156 1474 con-

85 1491 262 1576 tingentis,
286 1493 355 1558 sive
376 1496 575 1560 necessariae
598 1489 724 1578 aliquid
751 1510 822 1557 esse
843 1489 962 1568 debet,
986 1513 1046 1577 per
1065 1493 1154 1577 qnod

85 1570 124 1635 ad
147 1584 235 1639 certo
258 1572 352 1639 modo
377 1576 581 1643 existendum
602 1573 861 1650 determinatur,
885 1593 1085 1658 consequens
1105 1586 1156 1641 cst

86 1653 119 1717 in
142 1654 340 1720 resolutione
362 1658 519 1743 cuiusque
552 1658 700 1723 veritatis
722 1675 796 1719 cnm
827 1656 936 1721 contin
960 1656 1060 1733 entis,
1082 1666 1155 1722 tum

84 1737 285 1801 necessariae
311 1738 403 1823 posse
427 1742 554 1805 tandem
578 1738 743 1823 perveniri
767 1736 807 1799 ad
830 1674 975 1822 aliquid,
996 1758 1041 1803 ex
1061 1758 1153 1824 quo,

82 1834 144 1881 cur
164 1818 274 1913 potius
296 1839 374 1895 uno,
397 1840 496 1906 qnam
509 1818 573 1885 alio
589 1818 685 1884 modo
707 1818 838 1895 existat,
859 1818 1072 1903 intelligatur.
1096 1823 1155 1885 At-

81 1899 141 1982 qni
164 1898 195 1963 rd
219 1909 279 1975 est,
302 1900 389 1985 quod
412 1904 497 1967 ratio
519 1902 678 1967 sufficiens
700 1900 831 1964 dicitur.
855 1901 942 1985 Ergo
965 1919 1078 1966 omnes
1098 1922 1153 1967 re·

83 1980 195 2047 ritates
217 1990 286 2049 tum
309 1984 552 2069 contingentes,
577 1995 645 2049 tum
668 1984 865 2047 necessariae
888 1982 920 2045 in
944 1980 1078 2048 allatum
1100 2004 1153 2047 ra-

82 2062 180 2125 tionis
202 2063 390 2129 sufficientis
411 2067 529 2132 resolvi
555 2072 698 2147 possunt.

123 2142 173 2208 32.
202 2144 358 2208 Probatur
384 2146 418 2212 Α·
448 2169 532 2233 pars.
563 2146 647 2211 lllud
677 2144 878 2231 principium
906 2144 1055 2208 omnium
1085 2146 1153 2231 pri·

81 2244 171 2320 mum
183 2222 248 2290 dici
262 2228 391 2312 nequit,
403 2230 489 2313 quod
513 2230 545 2292 in
561 2227 651 2293 aliud
666 2248 700 2292 se
715 2225 868 2323 superias
890 2223 1072 2290 resolvitur.
1096 2229 1154 2292 At-

81 2324 139 2389 qui
163 2306 296 2373 allatum
319 2311 453 2375 rationis
474 2310 656 2457 ειᾶβοίοηιὶε
672 2309 706 2373 in
722 2306 1154 2393 principiumcoatradiatio-

81 2388 134 2451 air
156 2388 339 2455 resolvitur.
364 2392 451 2478 Ergo
473 2416 490 2459 e
518 2402 615 2485 atum
639 2390 774 2456 rationis
806 2388 988 2473 sufficientia
1007 2389 1152 2474 primum

82 2469 282 2555 principium
305 2470 370 2537 dici
394 2478 517 2559 nequit.

121 2551 171 2617 33.
198 2553 307 2617 Minor
331 2552 486 2637 probatur
508 2556 567 2621 hoc
590 2552 709 2618 modo:
732 2552 764 2617 Si
790 2550 868 2616 nihil
895 2551 928 2615 in
950 2572 985 2615 re
1007 2558 1069 2627 eat,
1091 2571 1151 2637 per

77 2632 167 2717 quod
191 2632 261 2717 ipsa
284 2634 324 2699 ad
346 2646 470 2702 certum
495 2634 628 2701 modum
650 2632 810 2699 existendi
829 2634 937 2716 potina
951 2631 1153 2699 determina·

80 2724 146 2789 tur,
168 2733 267 2797 quam
290 2738 352 2782 non
374 2717 632 2792 determinatur,
654 2734 855 2800 consequens
876 2727 925 2779 cst
949 2734 1041 2798 posse
1062 2734 1151 2777 eam·

79 2793 154 2858 dem
176 2814 245 2859 rem
267 2811 356 2864 certo
378 2799 519 2883 quodam
542 2797 639 2863 modo
653 2797 749 2862 simul
764 2816 847 2870 esse,
862 2807 894 2861 et
909 2817 973 2860 non
996 2816 1077 2860 esse.
1095 2797 1150 2859 At·

102 2876 135 2941 ui
161 2873 193 2938 id
215 2880 504 2946 contradictionem
520 2880 667 2945 involvit.
681 2880 770 2964 Ergo
783 2878 917 2945 allatum
932 2878 1068 2942 rationis
1082 2879 1151 2959 aas·

77 2896 216 3045 ardentia
238 2960 271 3023 in
295 2962 496 3047 principium
519 2961 774 3027 contradictionis
795 2959 980 3025 resolvitur.

116 3348 126 3386 ¹
148 3369 159 3396 ι
181 3347 261 3405 Deua.
282 3352 368 3414 lnquit
386 3344 576 3408 Tertullianus,
595 3352 716 3400 ornnlam
736 3351 869 3410 conditor,
887 3352 955 3401 atutt
973 3364 1027 3404 uon
1046 3354 1151 3404 ratione

76 3424 197 3474 tractari.
219 3423 384 3485 intelligique
404 3422 488 3471 voluit
508 3439 534 3481 't
556 3424 595 3473 De
613 3424 726 3479 Poena,
747 3437 772 3473 c.
793 3420 814 3472 l.

112 3491 124 3526 ²
143 3494 242 3544 aerato·
260 3502 377 3555 possunt,
398 3494 543 3556 inquimus,
564 3506 616 3543 non
635 3496 735 3553 moene,
754 3494 828 3559 qaia,
848 3496 969 3557 quamvis
988 3500 1093 3544 cartam
1114 3498 1150 3547 alt

76 3561 141 3614 nihil
161 3576 218 3612 esse
237 3564 292 3613 atne
313 3568 414 3615 ratione
434 3564 589 3623 rauciano,
611 3570 701 3618 tamen
720 3580 772 3619 noa
791 3578 897 3630 semper
916 3568 1036 3619 rattoaca
1054 3579 1148 3621 rorum

74 3632 238 3691 sufficientes
257 3635 380 3703 detegere
399 3634 473 3689 nabla
493 3637 565 3690 licet.
