2475 3909
160 144 222 209 320
449 158 638 207 rnrococre
660 160 849 210 narvnecrs

120 249 287 331 magisque
303 244 455 321 innotuit,
470 263 608 327 eamque
625 244 687 327 ipsi
702 265 832 329 quoque
854 246 1027 329 sepientes,
1042 268 1187 334 quornm

117 341 165 393 est
186 326 385 415 praeiudicia
404 328 582 412 corrigere,
604 336 788 391 constanter
809 340 994 395 tenuerunt.

527 456 772 524 CAPVTII.

385 580 389 585 ’
453 584 510 649 tte
545 589 731 649 natura
765 584 849 649 nei

225 710 316 765 Anci.
333 710 427 763 -Det
446 718 569 763 naturam
587 712 689 762 tnflntto
708 712 856 776 perfectam
874 726 931 765 esee
950 716 1100 767 ostenditur

154 820 204 886 56.
230 820 279 883 Ex
303 820 372 904 ipsa
399 818 591 883 existentiae
624 816 686 883 Dei
713 812 986 885 demonstratione
1013 821 1186 907 colligitur

114 904 223 989 ipsum
246 921 313 965 esse
336 900 475 965 Causam
507 900 676 976 Primam,
703 920 788 984 quae
816 899 856 964 ab
878 902 1026 967 alienon
1092 903 1184 979 ndet,

113 997 145 1051 et
167 982 240 1049 ideo
262 1003 279 1046 a
303 1006 335 1047 se
358 1006 398 1047 ex
420 982 606 1046 necessitate
637 1001 715 1047 suae
746 992 879 1047 naturae
901 985 1023 1050 existit.
1064 1007 1120 1051 arn
1142 1010 1184 1053 ex

112 1068 183 1143 hoc,
207 1063 294 1149 qnod
318 1064 405 1130 Deus
425 1077 474 1129 est
494 1063 597 1128 Causa
622 1062 747 1139 Prima,
770 1085 853 1148 quae
875 1084 893 1128 a
916 1067 1022 1151 seipsa
1044 1080 1107 1143 cst,
1132 1072 1183 1168 lp-

112 1170 184 1213 sum
207 1147 330 1211 infinite
364 1144 545 1233 perfectum
576 1166 646 1209 esse
672 1156 825 1231 oportere
852 1145 957 1231 pionis
978 1164 1182 1235 argumentis

111 1228 287 1295 coniicitur.
304 1230 398 1308 Quod
413 1250 487 1293 cnm
509 1228 554 1292 ita
574 1248 607 1291 se
631 1227 757 1304 habeat,
781 1237 925 1293 nostrum
946 1241 995 1297 est
1016 1234 1130 1316 primo
1145 1235 1184 1300 il-

113 1312 169 1378 tnd
191 1313 373 1388 enucleare,
395 1309 483 1391 cuod
506 1308 593 1374 Dens
615 1330 658 1373 ex
679 1310 869 1378 necessitate
896 1331 972 1377 suae
1000 1326 1140 1381 naturae
1163 1339 1182 1382 a

112 1418 144 1460 se
168 1396 304 1472 existit,
328 1394 444 1459 deinde
466 1391 624 1456 infinitam
648 1393 727 1457 Eius
754 1393 988 1476 perfectionem
1011 1398 1179 1465 evincere.

149 1478 200 1541 57.
226 1478 322 1564 Prop.
348 1475 393 1541 1⁸.
420 1476 500 1539 Dour
521 1484 566 1537 est
588 1494 628 1534 ex
650 1479 822 1539 necessitate
843 1487 972 1539 unturoc
993 1500 1012 1540 o
1035 1491 1150 1563 seipso.

153 1559 318 1623 Probatur.
343 1557 375 1623 1⁰
398 1557 485 1623 Deus
505 1576 546 1621 ex
569 1557 756 1621 necessitate
786 1579 864 1622 snae
890 1568 1022 1624 naturae
1050 1564 1178 1631 existit.

108 1641 254 1705 Etenim:
279 1667 296 1703 n
319 1642 438 1716 Omne,
462 1636 549 1724 qnod
573 1650 622 1701 est
647 1636 802 1724 possibile
830 1660 921 1714 esse,
948 1650 981 1705 et
1002 1664 1066 1706 non
1092 1666 1177 1721 esse,

107 1723 232 1808 indiget
253 1723 364 1808 aliquo
386 1722 474 1797 aiio,
495 1718 582 1804 quod
606 1718 706 1785 iaciat
729 1721 835 1805 ipsum
858 1742 950 1797 esse,
973 1724 1051 1807 qnia
1073 1748 1182 1810 quan-

108 1814 175 1869 tum
197 1818 244 1872 est
268 1808 373 1879 inse,
396 1801 545 1869 sehabet
572 1801 611 1865 od
637 1816 821 1889 utrumque.
845 1802 940 1881 Quod
962 1814 1072 1871 autem
1096 1810 1182 1877 sarit

106 1885 232 1971 aliquid
254 1909 334 1966 esse,
349 1898 397 1951 est
418 1887 510 1974 prins
531 1905 581 1949 eo.
603 1885 690 1969 Ergo
712 1886 815 1962 omni,
837 1884 926 1970 qnod
947 1897 995 1951 est
1015 1891 1180 1973 possihiie

105 1990 187 2045 esso,
202 1982 235 2035 et
250 1992 310 2034 non
331 1991 414 2046 esse,
429 1978 477 2034 est
492 1965 618 2051 aliquid
633 1967 743 2052 prius.
767 1967 834 2035 Deo
856 1979 966 2033 autern
992 1992 1056 2034 non
1075 1988 1130 2041 est
1144 1998 1180 2041 ι,

107 2049 210 2135 liquid
235 2054 337 2140 prins.
361 2053 449 2137 Ergo
471 2070 536 2115 non
557 2060 605 2113 est
626 2048 779 2133 possibile
806 2050 819 2113 1
845 2071 916 2115 snm
942 2072 1028 2126 esse,
1053 2066 1086 2119 et
1110 2079 1177 2123 non

104 2154 194 2210 esso,
224 2134 276 2199 sed
305 2154 431 2198 necesse
463 2143 511 2197 est
539 2132 623 2195 Eum
650 2150 720 2195 esse
737 2132 746 2169 ¹
764 2152 793 2227 p.
821 2070 857 2195 ΙΙ
879 2132 1037 2199 Eristita
1060 2158 1109 2201 se.
1135 2143 1177 2205 Et

104 2236 192 2292 sane,
209 2217 243 2279 in
265 2217 318 2292 iis,
340 2237 424 2301 qnae
448 2217 493 2280 ita
509 2223 591 2285 ,sunt
612 2233 808 2289 necessarie,
824 2225 861 2278 nt
877 2234 1010 2279 causam
1024 2240 1104 2284 suae
1121 2244 1178 2285 ne·

103 2299 262 2363 cessitatis
276 2298 423 2376 habeant,
445 2298 525 2362 hanc
547 2315 677 2360 cansam
700 2297 845 2380 priorem
867 2296 914 2359 eis
935 2316 1004 2361 esse
1027 2318 1172 2387 oportet.

103 2383 202 2465 Atqui
227 2380 306 2445 nihil
331 2380 421 2467 prius
448 2378 607 2443 Decesse
636 2387 751 2464 potest.
776 2379 864 2463 Ergo
890 2375 979 2444 Dens
999 2402 1060 2445 non
1082 2384 1175 2449 tuter

102 2484 227 2527 conum
248 2484 318 2528 sune
339 2463 540 2534 necessitatis,
564 2480 601 2524 ac
622 2459 761 2546 proinde
784 2462 829 2525 ita
852 2463 1032 2527 necessario
1053 2480 1123 2543 cst,
1139 2484 1176 2535 ur

102 2566 188 2622 ase,
211 2556 244 2610 et
265 2568 328 2610 non
350 2545 391 2611 ab
414 2546 479 2610 aiio
502 2543 543 2607 sit
556 2544 581 2605 ².

141 2627 192 2695 58.
216 2628 268 2691 Ex
288 2630 347 2694 bac
392 2624 593 2714 ropositione
615 2622 720 2699 iilud,
742 2622 841 2689 veluti
864 2624 1100 2707 coroliarium,
1128 2635 1176 2697 in·

103 2706 218 2787 fertur,
241 2710 327 2795 quod
382 2732 426 2775 see
448 2708 508 2773 Dei
529 2708 572 2771 sit
594 2706 766 2792 ipsa'Eius
793 2707 954 2773 Essentie.
978 2709 1113 2777 Etenim
1137 2714 1176 2779 ii-

101 2789 167 2865 ind,
184 2792 277 2856 cuins
291 2816 359 2859 esse
373 2804 423 2860 est
442 2788 530 2856 alind
553 2788 593 2852 ab
615 2790 765 2863 essentie,
783 2788 926 2874 utiquam
950 2792 1000 2855 sui
1016 2815 1078 2858 esse
1091 2818 1174 2878 pan·

100 2893 168 2939 sam
190 2879 348 2959 agnoscit.
371 2875 452 2941 Cum
473 2873 576 2959 igitur
595 2869 683 2936 Dens
711 2868 827 2937 habeat
847 2893 907 2935 esse
927 2893 947 2937 a
968 2895 1025 2952 se,
1047 2892 1081 2943 et
1106 2902 1172 2944 non

99 2955 140 3020 ab
155 2957 263 3055 aliqua
284 2980 393 3033 cansa,
413 2954 584 3020 dicendum
606 2964 655 3018 est
677 2954 757 3017 Eius
778 2953 857 3019 Esse
878 2974 948 3018 esse
964 2957 1069 3041 ipsam
1084 2960 1169 3027 Eius

98 3050 272 3106 essentiam
287 3043 309 3105 ⁸.
326 3042 412 3105 Hinc
425 3038 512 3103 Dens
533 3035 655 3101 dicitnr
674 3036 779 3118 ipsum
794 3056 853 3101 erse
864 3054 922 3119 per
936 3057 967 3100 re
982 3039 1164 3117 subsistens,

99 3122 143 3188 ita
163 3142 292 3206 nempe,
307 3135 344 3189 ut
382 3144 418 3187 er
441 3122 543 3207 ipsam
565 3138 657 3183 suam
680 3117 851 3183 essentiam
872 3117 999 3185 existat.

137 3205 188 3271 59.
212 3206 309 3291 Prop.
332 3208 353 3270 2
373 3254 380 3269 .
404 3205 524 3269 Divino
545 3201 673 3267 Natura
699 3220 798 3264 omnes
821 3199 985 3285 possibiles
1002 3206 1166 3289 perfectio·

97 3305 149 3349 nes
170 3288 395 3370 complectitur.

139 3368 307 3431 Probatur.
333 3366 365 3432 1⁰
389 3367 479 3431 Dens
506 3373 555 3429 est
576 3382 687 3428 rernm
712 3364 881 3443 omnium,
904 3383 1109 3452 quaesunt,
1133 3384 1164 3436 et

473 3486 800 3516 fl-——n—-r—-q

133 3576 146 3613 ¹
165 3580 258 3639 Opuec.
279 3579 323 3636 ΙΙΙ,
346 3583 527 3643 compendium
548 3578 645 3641 moi„
666 3591 692 3630 ο.
715 3576 741 3630 6.

131 3648 144 3683 ²
165 3648 297 3699 ibid-³
316 3650 337 3708 Ι,
357 3666 385 3713 q.
406 3650 453 3710 ΙΙΙ,
473 3666 498 3701 a.
520 3653 537 3701 d
558 3667 584 3701 c.
