2475 3909
143 160 190 225 db
536 174 740 225 noorcnn

127 264 163 327 ui
184 262 257 339 rite,
272 260 459 347 utiliterque
473 262 693 345 quaestionem
706 260 860 326 dirimere
875 261 956 339 vuit,
972 280 989 323 a
1005 260 1164 326 solutione

100 284 317 409 dubitationis
339 344 469 410 initium
492 342 684 409 sumendum
706 364 784 408 esse.
808 343 985 408 Enimvero
1006 363 1167 426 quaenam

107 428 192 491 inter
207 426 384 493 contrarias
398 427 568 492 sententias
579 437 670 491 certa
684 428 737 504 sit,
751 435 893 492 statuere
908 446 970 489 non
986 445 1167 511 possumus,

110 509 172 573 nisi
195 507 269 573 illas
287 508 364 572 binc
386 507 460 574 inde
482 510 698 586 excutiamus,
718 518 749 573 et
771 507 850 593 quid
872 506 911 571 de
933 508 983 573 bis
1000 506 1170 573 admitten-

108 590 199 663 dum,
222 591 341 676 quidve
364 590 576 656 reiiciendum
592 592 648 666 sit,
666 591 913 677 perspiciamus3
929 590 1008 657 item
1023 589 1170 653 animum

108 680 251 737 nostrum
282 673 511 759 praeiudicatis
539 673 750 759 opinionibus
775 673 943 758 expoliare
971 692 1033 735 non
1056 691 1174 817 possu-

107 774 193 829 muS,
218 756 294 833 nisi,
316 754 431 821 barum
449 758 598 820 examine
622 756 781 831 instituto,
797 775 890 819 veras
912 774 930 817 a
952 752 1044 817 saisis
1081 754 1172 818 iscri-

107 837 281 901 minemus.
298 838 397 923 Atqui
422 840 456 904 in
477 839 527 903 bis
549 835 668 902 solutio
682 837 897 903 dubitationis
910 835 1066 901 consistit.
1082 836 1172 921 Ergo

110 920 256 1001 quaestio
277 920 339 985 rite
363 920 443 986 solvi
466 922 591 1005 nequit,
615 920 678 985 uisi
700 919 863 987 dubitatio
885 920 918 983 in
939 918 1056 1007 primis
1069 917 1175 983 solva·

111 1013 175 1065 tur.
192 1000 228 1065 Id
243 1002 412 1066 s.Thomas
427 1002 575 1087 sequenti
590 1002 739 1087 exemplo
754 1002 940 1067 declaravit.
955 998 1177 1077 Quemadmo-

106 1082 188 1146 dum
201 1084 322 1170 iigatus
346 1107 409 1150 non
433 1095 538 1172 potest
551 1083 797 1161 ambulare,nisi
811 1083 976 1147 vincutum
991 1082 1176 1229 solvat,quo

106 1167 352 1252 constringitur,
371 1170 427 1243 ita,
444 1190 517 1232 cum
533 1166 641 1242 bomo,
658 1188 725 1231 rem
741 1167 882 1251 ignotam
897 1184 1097 1263 quaerens,a
1136 1187 1174 1229 n-

108 1248 279 1325 bitatione,
302 1249 407 1316 veluti
421 1249 559 1336 quodam
575 1250 705 1313 vinculo
719 1249 834 1318 mentis
855 1246 1049 1324 detineatur,
1065 1247 1099 1311 in
1121 1268 1176 1311 co-

109 1331 254 1412 gnitione
269 1332 315 1395 rei
332 1331 483 1417 progredi
500 1354 562 1397 non
579 1342 694 1416 potest,
709 1330 772 1395 nisi
785 1328 1018 1395 dubitationem
1032 1330 1136 1396 solvat
1147 1331 1173 1394 ¹.

150 1413 200 1481 33.
223 1417 268 1480 At
287 1433 366 1477 vero
388 1415 466 1480 baec
487 1435 549 1478 non
572 1416 616 1478 ita
638 1412 825 1499 accipienda
840 1423 925 1486 sunt,
947 1426 985 1480 ut
1004 1411 1046 1477 de
1068 1414 1179 1477 omni-

108 1494 171 1562 bus
192 1494 372 1561 dubitetur.
397 1497 546 1573 Etenim,
576 1496 601 1560 si
632 1494 672 1560 de
700 1494 849 1562 omnibus
875 1492 1063 1569 dubitetur,
1084 1495 1178 1560 nulia

110 1576 274 1643 dubitatio
292 1577 420 1643 exsolvi
445 1586 570 1664 potest,
600 1579 678 1662 quia
698 1575 858 1642 dubitatio
879 1578 1007 1642 nonnisi
1036 1596 1096 1674 per
1121 1598 1177 1653 ca,

107 1680 197 1745 quae
219 1661 350 1726 omnino
372 1670 459 1727 certa
480 1677 565 1736 sunt,
588 1680 625 1724 ac
648 1658 783 1745 proinde
805 1657 883 1723 nulli
907 1658 1101 1725 dubitationi
1117 1658 1176 1725 ob

114 1744 237 1820 noxia,
267 1741 460 1810 excinditur.
490 1744 574 1808 Hinc
602 1742 766 1827 sapienter
793 1741 981 1806 Aristoteles
1012 1744 1178 1817 monuit',

110 1822 348 1892 dubitationem
371 1826 598 1892 instituendam
621 1846 689 1888 esse
710 1824 759 1887 vet
774 1822 813 1888 de
829 1824 880 1901 iis,
901 1845 984 1920 quae
1007 1844 1027 1889 a
1046 1826 1179 1909 sapien-

113 1906 204 1974 tibus
227 1906 369 1973 nondum
391 1908 578 1993 investigata
601 1917 685 1982 sunt,
701 1905 750 1970 vei
766 1906 805 1969 de
821 1906 873 1981 iis,
889 1926 976 1971 circa
997 1927 1081 1991 quae
1104 1908 1180 1993 plu-

113 2010 190 2065 res,
211 1990 253 2054 ab
276 2011 373 2075 seque
396 1990 612 2077 discrepantes
633 1990 816 2072 sapientum
837 1988 1006 2072 opiniones
1027 1998 1140 2057 extant
1151 1993 1176 2055 ⁸.

153 2072 204 2137 dd.
229 2072 327 2147 Haec,
350 2095 447 2158 quam
469 2070 775 2147 commendavimus,
798 2068 969 2149 dubitatio,
994 2093 1011 2135 a
1038 2070 1180 2155 pellatur

112 2153 296 2231 methodica,
320 2166 414 2238 atque
437 2177 455 2219 a
477 2153 679 2219 dubitatione
693 2155 827 2238 eceptico
848 2154 989 2219 maxime
1005 2092 1126 2235 differt,
1142 2157 1180 2221 1⁰

115 2238 194 2319 quia
216 2236 262 2308 is,
285 2236 341 2320 qui
364 2236 619 2308 dubitationem,
644 2236 784 2301 methodi
807 2236 930 2320 gratia,
951 2237 1113 2315 instituit,
1136 2262 1179 2305 eo

114 2339 219 2403 usque
239 2317 376 2397 dubitat,
392 2319 493 2383 donec
508 2318 546 2383 ad
562 2316 774 2383 dubitationis
789 2316 980 2384 solutionem
996 2322 1178 2405 perveniat,

116 2401 194 2467 dum
216 2402 382 2486 Scepticus
395 2422 431 2467 ea
448 2416 550 2467 mente
565 2397 702 2476 dubitat,
717 2411 754 2466 ut
769 2402 801 2465 in
817 2398 1019 2466 dubitatione
1034 2416 1178 2483 maneae

109 2483 147 2550 2⁰
168 2484 245 2569 quia
266 2485 406 2571 sceptica
427 2483 587 2550 dubitatio
608 2483 695 2547 circa
717 2485 824 2546 omnia
848 2494 1004 2561 versatur,
1028 2484 1107 2549 nibil
1132 2506 1179 2552 ue

113 2586 182 2633 esse
205 2588 245 2631 ex
266 2586 300 2631 se
322 2568 529 2655 perspicuum
552 2565 673 2641 statuit,
689 2564 766 2629 dum
780 2564 813 2628 in
829 2564 1030 2632 dubitatione
1052 2588 1103 2631 me
1140 2590 1182 2633 o-

115 2648 189 2715 dica
210 2648 309 2714 muita
337 2672 380 2715 ex
406 2671 439 2715 se
468 2668 542 2734 pers
566 2648 639 2711 icua
667 2645 904 2724 admittuntur,
927 2647 965 2712 de
1009 2647 1105 2713 uibus
1134 2673 1179 2717 ne

114 2730 269 2818 possibile
282 2732 416 2877 quidem
437 2743 484 2798 est
506 2669 668 2806 duiritare,
683 2738 714 2794 et
727 2750 864 2814 quorum
879 2750 941 2814 ope
956 2731 1000 2797 du
1024 2731 1181 2800 itationes

112 2812 277 2879 exsolvere
312 2814 385 2882 icet.

154 2895 204 2963 «⁹25.
227 2893 457 2971 Quaestionem
479 2892 635 2959 dirimere
657 2892 857 2979 aggredienti
873 2893 966 2961 vaide
981 2896 1078 2962 etiam
1092 2896 1180 2966 utile

112 2990 164 3045 est
185 2976 273 3042 iilius
294 2978 487 3056 historiam,
514 2996 572 3041 seu
599 2976 803 3062 sapientum,
833 2978 889 3074 qui
917 2991 1180 3065 praecesserunt,

112 3060 285 3147 opiniones
312 3082 416 3126 nosse.
448 3061 604 3143 Namque
625 3079 685 3134 ea,
715 3078 798 3142 quae
826 3079 912 3124 cuca
939 3082 1008 3126 rem
1035 3082 1055 3124 a
1080 3061 1181 3130 nobis

116 3142 296 3227 quaesitam
317 3143 456 3218 maiores
477 3142 578 3206 nostri
600 3140 804 3218 invenerunt,
821 3140 871 3208 vei
892 3164 969 3209 vera
990 3163 1058 3209 esse
1080 3164 1098 3208 a
1120 3166 1181 3210 no-

116 3224 167 3289 bis
189 3226 443 3312 perspiciuutur,
466 3222 517 3289 vel
539 3221 631 3287 salsa.
648 3222 681 3289 Si
695 3223 851 3310 primum,
865 3246 955 3291 mens
968 3235 1077 3292 nostra
1091 3248 1179 3295 nova

153 3426 162 3464 ¹
183 3427 214 3476 in
232 3426 277 3476 ttt.
298 3428 341 3477 m
357 3428 430 3486 Met,
450 3424 513 3476 ieet.
534 3422 609 3474 i.-²
627 3426 701 3482 Met..
721 3423 769 3473 lib.
790 3418 825 3482 ii,
845 3436 871 3471 c.
892 3420 913 3482 i,
933 3430 948 3484 s
971 3423 995 3474 i.

152 3497 164 3535 ⁸
184 3496 245 3548 tude
264 3502 336 3561 patet
354 3494 503 3551 Cauterium
522 3495 590 3547 bane
609 3496 801 3546 dubitationem
819 3496 932 3558 longius,
952 3509 1033 3561 quarn
1053 3509 1116 3558 par,
1131 3512 1179 3549 ee-

115 3583 253 3639 qunmque
269 3575 320 3629 ert,
340 3572 500 3635 provexisse,
520 3567 650 3633 etquidem
668 3568 724 3632 ipse
742 3568 774 3618 de
792 3566 924 3628 omnibus,
938 3574 1045 3634 praeter
1060 3570 1178 3623 existen-

86 3640 91 3655 '
116 3646 182 3699 tiam
200 3643 241 3695 soi
260 3643 351 3709 ipsius,
370 3644 490 3696 dubitare
509 3642 632 3703 instituit;
653 3642 693 3693 De
709 3640 837 3700 neeman,
857 3644 873 3701 s
891 3640 919 3692 4.
