2475 3909
162 167 222 232 368
467 169 654 236 rnnonoma
680 187 868 236 uarvnucrs

121 269 220 351 Atqui
244 287 339 331 causa
357 270 542 346 materialis,
558 282 592 337 et
610 272 768 352 formalis,
785 272 907 356 quippe
922 292 1005 355 (qnae
1020 277 1197 336 essentiam

121 349 169 411 rei
191 349 326 414 ellectac
348 354 570 430 constituunt,
593 377 717 429 riuum,
742 358 894 436 idemque
916 373 991 417 cum
1015 354 1086 437 ipsa
1111 369 1195 418 sont.

121 431 208 494 Erro
232 429 330 503 lions,
353 455 428 498 cum
450 436 493 498 sit
514 456 609 500 causa
632 437 778 502 ellectrix
802 434 915 500 mundi
935 481 941 507 ,
965 455 1066 498 causa
1097 448 1198 501 mate·

122 481 225 589 riaiis,
241 527 296 578 aut
319 513 467 580 lorrnalis
488 517 560 580 eius
582 539 652 583 esse
675 522 819 603 nequit¹.
836 517 955 582 Contra
971 538 1022 588 ea,
1041 523 1197 600 quoniam

122 591 208 660 Deus
234 609 283 660 est
309 617 406 662 causa
434 597 583 662 elleetrix
611 601 745 674 mundi,
769 601 982 682 consequitur
1007 601 1096 662 Eum
1130 620 1196 662 esse

119 697 249 762 quoque
271 699 402 744 causam
417 700 504 742 exem
527 680 623 744 larem
637 684 666 756 ²3
689 687 770 769 quip
795 705 813 747 e
836 681 935 765 quod,
952 701 1027 742 eum
1045 680 1138 743 Deus
1160 685 1196 744 sit

120 779 215 823 causa
238 761 387 825 ellectrix
410 783 486 825 mun
513 765 520 825 i
545 763 671 829 infinite
693 707 797 832 intelli
810 811 811 814 ,
824 783 892 838 eus,
909 783 959 825 res
978 761 1196 826 mundanase

120 840 221 905 nihilo
236 843 374 908 condere
398 863 461 907 non
485 846 601 930 potuit,
619 847 681 911 nisi
704 785 884 912 sectandum
898 847 993 918 ideae,
1011 864 1072 907 seu
1095 865 1197 906 excar-

114 921 223 1004 pluriu
248 923 399 998 illarum,
423 946 506 1008 quae
534 931 566 990 in
594 948 627 990 se
652 927 800 996 babuit⁸.
824 929 935 1010 ltaque
957 925 1194 1008 explicandum

119 1018 278 1086 superest,
295 1007 458 1092 quomodo
473 1008 563 1072 Deus
583 1029 680 1073 eausa
703 1011 807 1076 linaiis
830 1008 941 1073 mundi
956 1005 1123 1070 dicendus
1146 1009 1194 1071 sit.

162 1088 346 1165 titubetis,
364 1111 438 1153 cum
461 1090 584 1157 infinita
600 1093 765 1175 Sapientia
782 1091 909 1178 polleat,
928 1089 1023 1153 linem
1049 1087 1193 1172 aliquem

121 1167 152 1228 iu
177 1170 287 1234 mundi
310 1174 472 1236 creatione
494 1174 584 1256 operi
612 1193 672 1237 suo
698 1178 911 1260 praestituere
934 1169 1078 1244 debuit;
1103 1191 1194 1235 seco.-

120 1248 200 1313 illud
224 1263 345 1318 temere
363 1302 371 1329 ‚
387 1266 419 1319 et
442 1255 635 1339 insipienter
654 1256 881 1323 coniecisset&
905 1255 1006 1319 Porro
1028 1255 1193 1336 quaestio

118 1332 169 1395 uis
191 1332 297 1409 liuius,
313 1358 370 1400 cur
395 1337 475 1400 Deua
496 1338 596 1401 uoluit
619 1338 771 1402 anundum
793 1338 917 1402 oreore?
932 1335 1058 1419 duplex
1082 1355 1193 1400 sensus

118 1427 330 1560 essedpotcst:
356 1417 388 1482 1⁰
411 1440 570 1503 quaenam
593 1419 691 1484 luerit
714 1422 800 1485 ratio
822 1421 926 1506 ipsius
948 1419 1092 1481 aetionis
1117 1416 1190 1482 Dei:

118 1495 192 1562 ‘2⁰a
237 1519 335 1586 quem
360 1500 455 1564 sinum
480 1500 567 1565 Deus
582 1522 678 1566 suum
701 1502 903 1568 ordinaverit
924 1501 1044 1588 opus⁵.

154 1730 245 1784 tvm.
267 1749 288 1784 s.
310 1731 417 1792 Tuom..
439 1733 460 1794 i,
482 1739 533 1788 toc.
555 1740 613 1795 cii.¹
637 1741 723 1789 cnutr.
745 1739 831 1796 oeni„
852 1737 898 1786 lib.
920 1733 954 1791 ll.
974 1749 1001 1785 c.
1025 1733 1078 1791 ti,
1099 1739 1128 1783 et
1149 1733 1190 1784 is.

118 1805 239 1858 Pluribus
258 1807 397 1856 aliereudia
416 1808 597 1869 abstinemus3
617 1825 721 1862 errores
740 1813 810 1862 enirn
831 1807 934 1859 Daridis
953 1807 985 1856 de
1005 1803 1148 1866 llinando,
1168 1814 1190 1855 et

119 1879 245 1929 Attuarici
265 1875 434 1930 carnotensis
454 1883 650 1944 pantheismnm
676 1885 785 1934 omnino
811 1882 949 1938 redolent,
969 1879 1002 1930 do
1022 1891 1078 1944 quo
1099 1881 1127 1929 in
1149 1893 1192 1942 pc-

117 1958 216 2001 stromo
235 1954 323 2014 capito
342 1953 472 2015 agendum
493 1956 568 2005 nobis
587 1957 649 2009 orit.

152 2023 164 2059 ²
185 2023 205 2082 l,
226 2038 253 2089 q.
275 2020 367 2081 xttv.
387 2040 413 2073 a.
436 2025 451 2075 3
472 2041 497 2076 o.

153 2095 164 2130 ³
186 2095 250 2145 ilinc
269 2097 372 2158 antiqui
392 2096 482 2147 Patres
501 2099 643 2150 discrimen
669 2101 738 2149 inter
763 2097 891 2148 mnndum
916 2095 1126 2157 iutelliqililem,
1147 2101 1188 2158 qni

117 2170 144 2216 in
165 2167 305 2218 intellecto
326 2167 372 2218 oei
391 2169 423 2217 ab
443 2177 551 2220 aeterno
570 2178 621 2230 est,
642 2178 668 2222 ct
689 2172 816 2222 muudum
830 2169 1020 2233 aspectabilem,
1040 2180 1091 2216 sen
1112 2173 1189 2217 seori·

115 2241 207 2300 bitem,
228 2254 307 2303 quem
328 2238 397 2290 licus
415 2243 448 2290 ad
468 2245 559 2292 muudi
579 2245 752 2307 intelligibilis
771 2245 854 2293 instar
873 2243 899 2290 in
920 2246 1040 2302 tempore
1059 2241 1186 2294 condidit.

116 2318 242 2364 accurate
258 2313 427 2364 adnotarunt.
449 2313 509 2366 Vid.
530 2329 593 2380 prae
612 2317 708 2367 ceteris
728 2312 814 2368 (liena.
836 2311 924 2371 Alex..
945 2315 1056 2367 sirum,
1077 2311 1126 2360 lib·
1144 2309 1185 2365 ll'.

116 2401 141 2435 θ·
166 2387 216 2444 lli
237 2401 260 2434 s.
282 2383 386 2444 tusum,
409 2389 509 2438 Cobort.
536 2391 571 2439 od
590 2390 677 2447 Gaui„
704 2404 732 2437 n.
752 2387 807 2446 3ος
833 2383 952 2446 Olizon..
974 2383 1078 2435 Hamil.
1102 2381 1137 2434 ΙΙΙ
1162 2387 1186 2432 in
1234 2415 1235 2430 .

117 2461 227 2516 Cantica
248 2455 359 2517 insen,
381 2461 477 2523 Proep.
498 2464 609 2526 Enoup„
631 2476 656 2511 e.
677 2460 772 2510 ‘ia-itt.

152 2529 163 2566 ⁴
184 2549 195 2575 ι
218 2528 296 2594 Quia,
317 2543 338 2580 s.
361 2528 523 2594 Augustinus
543 2534 642 2596 inquit,
658 2534 753 2583 audeat
766 2531 853 2582 dicere
867 2527 951 2578 Deum
966 2527 1186 2578 irrationabiliter

115 2605 203 2652 omnia
225 2603 414 2651 condidisset·
445 2606 492 2669 Qq.
515 2607 655 2665 cxxxiii,
676 2621 702 2668 q.
721 2605 766 2656 tii.
787 2601 956 2663 investigatio
975 2599 1034 2648 linis
1053 2600 1089 2648 ob
1109 2614 1186 2663 quem

115 2675 230 2725 mumius
249 2689 263 2724 a
284 2673 338 2724 oco
356 2681 463 2725 creatus
482 2679 531 2735 sit,
550 2681 701 2737 temerario,
715 2675 939 2741 quemadmodum
959 2669 1011 2722 iul.
1027 2669 1122 2722 Simon
1141 2671 1186 2738 (Lo

114 2750 222 2811 relictori
240 2748 383 2804 ooturelle,
412 2753 480 2810 part.
503 2749 538 2807 2,
560 2764 585 2798 e.
607 2747 637 2810 l,
659 2764 685 2813 p.
710 2749 778 2808 titt,
799 2747 841 2797 ed.
863 2740 922 2813 cit.)
941 2743 1096 2804 contendit,
1117 2745 1185 2794 baud

115 2825 165 2870 est.
186 2817 302 2877 Etenim,
324 2820 435 2870 ducente
455 2819 597 2884 Aquinate,
615 2841 626 2866 ι
643 2836 704 2872 oum
725 2821 783 2870 linis
802 2819 958 2881 respondeat
978 2817 1122 2879 principio.
1137 2829 1186 2866 non

115 2897 200 2957 potest
220 2891 275 2940 beri
296 2897 344 2950 ot,
365 2894 495 2955 principio
515 2895 640 2957 cognito,
668 2895 730 2958 quid
756 2893 789 2943 sit
809 2905 897 2942 rerum
923 2889 980 2938 tinir
1000 2891 1142 2952 ignoretur
1164 2907 1183 2935 ··.

116 2965 137 3024 l,
179 2961 273 3021 .Clll,
294 2977 320 3013 a.
341 2963 357 3013 2
378 2981 403 3015 c.
1233 2971 1234 3026 ζ

151 2980 208 3086 sqlu
226 3037 322 3086 barum
341 3039 527 3101 quaestionum
548 3039 680 3088 solutione
700 3038 766 3088 haee
786 3049 849 3098 prae
868 3034 952 3085 ocutis
970 3031 1094 3082 babentia
1115 3039 1183 3090 suno
1233 3029 1234 3039 ¹

118 3112 144 3160 l⁰
164 3105 231 3161 Cum
251 3111 322 3160 aetio
341 3107 431 3160 [lirina
452 3112 486 3158 sit
505 3107 626 3160 Essentia
652 3107 737 3168 Eius,
764 3123 817 3158 uon
842 3110 971 3172 quaeritur
990 3120 1024 3155 ee
1044 3106 1094 3154 boe
1112 3113 1185 3168 pnrie

114 3186 175 3249 Auia
193 3186 266 3241 atur,
287 3185 332 3232 rad
350 3197 383 3232 ea·
399 3190 475 3247 porte
492 3184 559 3242 ilio,
586 3197 636 3248 quo
661 3183 773 3246 effectum
792 3187 925 3232 crenturoe
943 3181 1119 3228 communicat
1144 3175 1182 3244 (in

114 3259 159 3307 tib.
181 3256 195 3303 1
213 3257 295 3309 Sunt.⁸
317 3253 383 3305 bist.
406 3253 427 3314 l,
447 3269 475 3317 q.
497 3252 530 3314 ll,
550 3269 576 3304 a.
599 3256 610 3303 i
634 3255 666 3304 ad
686 3251 725 3323 A).
747 3253 777 3302 2⁰
796 3249 835 3302 Er
855 3265 897 3310 eo,
917 3249 989 3314 quod
1009 3247 1180 3299 Voluntatem

116 3325 161 3376 liei
180 3341 195 3374 a
215 3339 294 3375 cansa
314 3333 440 3375 extranea
459 3327 630 3375 determinari
651 3329 798 3388 repugnat,
820 3323 967 3386 negandum
987 3334 1040 3370 non
1060 3327 1103 3371 est
1123 3335 1179 3371 cnm

115 3393 228 3446 Clarkoo
247 3395 356 3462 (Lettrer
374 3401 440 3457 etc„
461 3398 489 3447 3⁰
507 3399 593 3461 uepi„
614 3399 629 3458 S
649 3395 688 3466 Ξ),
711 3396 792 3447 Deum
812 3411 844 3446 ex
857 3397 944 3457 atiqna
960 3395 1061 3442 ratione
1076 3407 1121 3442 res
1139 3408 1180 3442 er·

115 3473 154 3513 tra
175 3480 202 3515 se
222 3469 379 3529 producam
400 3469 528 3531 siquidem
546 3489 555 3512 e
574 3467 704 3520 Voluntas
718 3468 763 3518 liei
785 3467 944 3518 rationabilis
962 3469 1015 3522 est,
1037 3478 1093 3514 non
1114 3463 1178 3528 quel

114 3536 214 3596 aliquid
234 3540 266 3586 sit
285 3537 339 3590 Deo
359 3553 438 3589 carisa
459 3539 582 3597 volendi,
604 3541 649 3590 sed
670 3543 845 3605 inquantum
866 3539 920 3586 vult
941 3549 1022 3586 uuum
1043 3549 1104 3585 esse
1126 3551 1180 3598 pro-
1232 3561 1233 3603 3

114 3605 464 3671 nteratiuu.s1‚q,xix,
483 3626 508 3660 a.
524 3612 540 3660 5
559 3611 591 3659 ad
615 3611 651 3678 t).
674 3611 792 3663 Praestat
811 3611 834 3658 id
855 3625 914 3662 eum
935 3609 1028 3658 eodem
1050 3605 1179 3672 Aquinate

114 3677 228 3735 antistius
248 3681 391 3740 explicare:
409 3701 419 3724 ι
437 3681 462 3732 Si
475 3684 571 3746 aliquis
591 3697 642 3733 arno
663 3691 724 3736 actu
746 3685 808 3736 retii
826 3682 916 3740 finem,
937 3687 961 3730 at
981 3683 1034 3730 alio
1054 3686 1120 3730 actu
1140 3693 1177 3734 es,

20 3790 126 3858 Α
