2475 3909
507 241 686 293 rosaceum
1034 228 1092 298 195

70 328 103 395 iu
125 349 302 406 carcerem,
327 324 370 392 ob
391 326 550 413 quaedam
566 327 703 393 crimina
718 327 861 405 detrusa,
877 330 1035 407 omnium,
1051 354 1134 417 quae

68 426 142 477 ante
165 410 367 486 intuebatur,
389 423 438 475 est
460 409 572 475 oblita.
597 410 707 495 ltaque
729 412 837 477 anima
865 412 898 475 in
920 410 978 475 bae
1001 414 1066 478 vita
1088 435 1136 479 se·

66 515 144 557 oum
169 493 233 560 lert
254 492 443 560 obliteratas
466 492 566 571 ideas,
588 514 669 579 quas
691 494 724 559 in
739 504 884 559 anteacta
907 494 971 558 vita
993 505 1135 560 contem-

68 575 157 660 plata
180 587 253 652 cst;
276 575 331 640 sed
354 577 507 660 quoniam
528 596 580 640 res
601 585 754 641 externae
777 574 818 640 ad
840 576 970 641 illarum
991 576 1135 640 idearum

67 660 238 745 exemplar
250 657 399 723 conditae
414 668 500 735 sunt,
515 658 664 733 efficitur,
681 668 717 724 ut
731 658 839 723 anima
854 678 912 743 per
925 660 1133 734 sensationes,

68 740 192 825 quibus
212 760 265 805 res
286 751 433 806 externas
456 741 607 827 percipit,
632 739 703 805 illas
727 742 815 804 ideas
838 742 872 804 in
894 761 927 805 se
949 742 1134 817 exsuscitet,

71 834 170 905 atque
193 824 226 886 in
271 822 431 888 raesentia
464 821 714 907 contempletur.
740 823 824 887 Hinc
857 822 990 887 scientia
1013 843 1135 900 rerum,

70 907 172 990 q'tram
188 906 222 970 in
262 906 307 970 ies
322 905 458 989 adipisci
474 904 635 981 videmur,
651 925 714 969 non
733 906 797 969 nisi
812 904 1053 969 reminiscentia
1075 914 1134 978 est;

69 986 111 1050 ad
133 1008 231 1072 quam
255 1008 322 1050 rom
344 988 434 1053 Plato
455 987 549 1053 aliert
561 988 748 1073 exemplum
770 988 877 1071 pueri,
893 987 949 1083 qui
973 986 1033 1051 etsi
1054 986 1138 1050 nihil

70 1090 229 1153 umquam
250 1068 427 1147 didicisset,
450 1070 564 1135 ordine
587 1080 705 1145 tamen,
722 1071 886 1133 etsensim
905 1077 1135 1153 interrogatus,

69 1154 171 1217 etiam
192 1149 476 1298 odbndiffiefflimis
509 1150 765 1240 problematibus
797 1150 970 1236 protinus,
998 1162 1137 1217 streete

71 1254 232 1299 resono
277 1245 299 1300 t.

115 1254 164 1381 ill.
189 1318 275 1381 llaec
296 1316 438 1381 Platonis
469 1316 625 1382 sententia
648 1315 819 1381 manifeste
841 1312 988 1379 absurda
1008 1325 1065 1380 est.
1090 1314 1138 1381 Re

70 1397 208 1484 quidem
231 1420 305 1464 vera
327 1396 359 1462 1⁰
375 1400 447 1484 ipsa
462 1398 614 1464 innititur
628 1398 755 1463 animae
772 1397 1034 1483 praeexistentia,
1052 1398 1139 1461 eius-

71 1501 137 1566 que
160 1480 287 1565 poenali
306 1481 533 1545 eoniunctione
554 1501 629 1546 cum
651 1499 798 1566 corpore.
822 1480 923 1565 Atqui
943 1480 1022 1545 baec
1045 1478 1137 1555 lalsn,

70 1575 106 1628 et
127 1560 266 1627 absurda
286 1582 354 1627 esse
375 1582 434 1627 suo
456 1561 527 1627 loco
548 1560 764 1628 ostendemus.
789 1564 887 1648 Ergo.

112 1642 150 1707 2⁰
173 1643 313 1710 Platonis
334 1643 470 1721 iudicio,
492 1644 584 1710 ideae
605 1655 680 1712 sunt
700 1646 828 1709 animae
849 1645 1024 1721 naturales,
1040 1652 1140 1728 atque

72 1727 182 1791 anima
203 1747 246 1791 ex
265 1747 329 1803 eo,
350 1723 437 1811 quod
459 1748 534 1791 cum
562 1743 697 1809 corpore
725 1729 962 1812 coniungitur,
990 1737 1141 1792 naturam

73 1828 168 1873 suam
189 1829 254 1873 non
275 1809 404 1873 amittit.
427 1809 529 1894 Atqui
543 1831 561 1871 «
578 1808 685 1873 nullus
707 1809 816 1887 bomo,
838 1811 942 1875 aiente
964 1828 989 1872 s.
1007 1809 1138 1884 Thorna,

72 1888 281 1958 obliviscitur
301 1911 440 1968 eorum,
462 1911 546 1976 qnae
567 1891 759 1959 naturaliter
779 1913 818 1957 co
863 1892 945 1957 osoit
966 1889 976 1928 ¹
1000 1914 1028 1956 n.
1052 1892 1140 1975 Ergo

72 1972 263 2040 coniunctio
283 1994 359 2038 cum
379 1985 527 2061 corpore,
543 1971 720 2038 secundum
735 1975 806 2039 eius
829 1994 880 2039 em
894 1974 1036 2040 Platonis
1051 1975 1139 2069 prin-

74 2056 178 2139 cipia,
201 2057 235 2121 in
256 2076 353 2122 causa
373 2077 443 2123 esse
465 2076 529 2121 non
551 2064 672 2141 potest,
694 2078 753 2121 cur
774 2058 882 2121 anima
900 2055 1030 2122 illarum
1054 2057 1141 2122 adeo-

75 2158 153 2203 rnm
174 2137 394 2206 obliviscatur.

118 2217 152 2285 3⁰
174 2222 209 2287 si
232 2221 307 2286 illae
328 2222 420 2286 ideae
442 2242 500 2307 per
527 2240 639 2287 sensus
659 2223 870 2297 excitantur,
899 2218 1073 2286 dicendum
1094 2232 1143 2287 est

76 2302 338 2369 coniunctionem
358 2324 433 2368 cum
454 2324 592 2389 corpore
614 2322 684 2368 esse
707 2324 863 2379 causam,
886 2323 945 2367 cur
971 2302 1078 2368 anima
1102 2303 1141 2369 il·

78 2386 186 2449 larum
206 2385 407 2463 recordetnr;
429 2387 505 2470 quia
527 2387 637 2451 anima
659 2386 724 2451 vim
746 2384 904 2452 sentiendi
932 2384 1078 2470 adquirit
1101 2409 1143 2452 ex

77 2490 132 2544 eo,
153 2466 241 2551 quod
263 2489 337 2538 cum
358 2488 495 2552 corpore
510 2468 729 2551 coniungitur.
746 2469 845 2556 Atqui
867 2468 1053 2535 coniunctio
1068 2490 1145 2535 curn

77 2568 229 2635 corpore,
251 2550 427 2616 secundum
446 2551 597 2615 eumdem
618 2550 798 2629 Platonem,
820 2560 868 2617 est
889 2571 1009 2630 causa,
1031 2572 1090 2616 cnr
1112 2574 1145 2617 a·

78 2634 170 2698 nima
192 2632 322 2698 illarum
344 2633 492 2698 idearum
513 2631 735 2699 obliviscatur.
753 2632 839 2719 Ergo
853 2633 894 2696 ob
909 2632 1055 2699 eamdem
1071 2656 1144 2702 eau-

78 2735 151 2779 sam
172 2716 282 2779 anima
302 2713 531 2793 obliviscitur,
559 2723 592 2780 et
611 2712 802 2781 recordatur
828 2736 960 2781 suarum
983 2714 1143 2795 idearum3

80 2795 115 2861 id
138 2795 227 2911 quod
248 2808 359 2895 aperte
380 2794 559 2863 absurdum
580 2806 638 2863 est.

120 2878 144 2942 A
179 2878 433 2947 Remmisoentia
454 2878 600 2943 idearum
614 2878 809 2963 expostulat,
825 2888 862 2945 ut
882 2881 990 2945 anima
1011 2880 1083 2949 illas
1098 2886 1146 2947 in·

79 2972 149 3025 ator
169 2959 299 3026 babitus
319 2964 352 3026 in
373 2984 406 3029 se
439 2970 606 3027 conservet
626 2962 650 3039 ²,
673 2969 706 3026 et
726 2959 855 3027 habitus
876 2963 1082 3047 expostulat,
1111 2976 1148 3030 nt

80 3043 189 3121 bomo,
211 3045 476 3129 quotiescumque
497 3045 529 3110 ei
551 3043 676 3120 libeat,
698 3041 754 3107 illo
780 3054 890 3110 utatur
912 3046 934 3108 ⁸.
960 3050 1056 3133 Atqui
1079 3052 1149 3114 ani-

81 3145 146 3203 ma,
169 3125 349 3191 secuudum
371 3127 549 3205 Platonem,
571 3148 636 3193 non
657 3136 762 3211 potest
782 3126 853 3193 illas
874 3126 989 3207 idees,
1034 3151 1091 3196 nas
1114 3133 1149 3198 in

79 3217 229 3275 anteacta
251 3208 317 3274 vita
338 3219 462 3274 contem
488 3209 552 3275 lata
573 3219 633 3287 est,
650 3228 708 3293 pro
731 3229 789 3273 suo
809 3208 916 3276 lubitu
930 3150 1147 3293 considerare,

81 3288 138 3357 sed
159 3292 268 3357 solum
289 3312 364 3357 cum
385 3312 404 3355 a
424 3228 522 3358 rebus
542 3293 684 3358 externis
699 3288 740 3357 ad
755 3290 845 3357 illam
859 3292 1149 3362 considerationem

488 3498 798 3513 ffl—

120 3596 129 3633 ¹
150 3594 175 3655 l,
196 3610 225 3659 q.
250 3591 374 3657 XXXlV,
394 3611 421 3647 a.
442 3600 458 3650 3
477 3614 503 3652 o.
524 3600 583 3638 -2
602 3596 636 3653 Cl
653 3617 679 3665 p.
703 3602 763 3653 ¹59.

118 3666 130 3705 ³
151 3690 162 3715 ι
186 3666 256 3722 Usus
275 3668 436 3732 habituum,
458 3674 542 3738 inquit
561 3688 582 3724 s.
611 3669 745 3736 Thomas,
765 3676 882 3729 subiacet
903 3676 1033 3731 volontati
1054 3682 1148 3743 '50¹1·

83 3740 185 3809 dispp„
207 3743 250 3797 De
276 3742 375 3805 Virtut„
395 3758 423 3809 q.
445 3742 466 3807 l,
486 3762 513 3799 a.
536 3748 565 3797 tt
587 3747 621 3798 ad
643 3748 685 3799 ll.
1181 3754 1185 3763 '

975 3818 995 3858 A
