2475 3909
162 102 203 167 te
568 123 752 171 euraccum

121 213 193 265 ectu
215 211 262 269 est
283 201 448 323 luperam
469 210 596 283 natura,
620 205 687 270 sive
700 205 786 269 inter
799 222 860 266 esse
873 202 1048 278 essentiae,
1069 210 1103 267 et
1121 220 1180 264 esse

122 286 313 349 existentiae
345 333 351 347 .

164 366 231 432 119.
255 366 351 443 Quod
373 366 412 430 ad
442 366 577 432 alterurn
606 376 749 453 spectat,
771 366 806 430 in
826 366 956 432 notione
985 363 1181 430 substantiae

123 445 180 511 illa
201 448 299 513 verba
320 470 380 515 esse
398 467 456 532 per
476 472 518 528 se,
541 451 609 515 sive
630 470 693 515 esse
713 450 747 513 iu
766 469 796 511 se
815 446 993 512 excludunt
1014 447 1181 511 inhaeren-

122 528 201 593 tiam
223 531 257 596 in
279 531 446 610 subiecto,
469 534 537 597 sive
559 530 712 598 denotant
732 529 838 608 illud,
858 528 945 615 quod
966 527 1087 595 dieitur
1108 525 1183 590 sub-

122 613 252 690 stantia,
276 635 339 679 non
360 613 479 679 habere
500 636 563 679 esse
585 634 679 679 suum
708 615 742 677 in
764 612 841 689 alio,
863 624 1029 696 tamquam
1051 612 1085 674 in
1107 607 1181 673 snb-

122 693 231 769 iacto,
264 696 319 761 sed
346 718 410 761 non
437 704 648 763 removente
678 694 855 760 substantia
882 715 1012 759 causam
1044 692 1184 757 effectri-

122 794 192 838 cem
214 798 290 843 suae
312 778 514 856 existentiae,
537 779 604 844 sive
618 798 681 842 non
703 776 853 842 denotant
866 775 907 840 ad
927 777 1091 841 notionem
1110 773 1184 838 snb-

122 859 258 923 stantiae
280 862 452 946 pertinere,
469 875 505 926 nt
525 881 585 926 ease
599 880 693 924 suum
713 859 754 923 ab
775 859 839 923 alio
859 879 921 923 non
943 858 1093 943 recipiat,
1108 875 1182 919 nam

123 936 320 1007 substantiae
342 953 467 1008 creatae
489 964 549 1007 csse
572 964 667 1009 suum
688 963 707 1005 a
728 941 797 1005 Deo
818 940 1022 1026 accipiunt&

165 1020 234 1087 120.
250 1024 396 1090 Iamrero
410 1045 472 1099 res,
484 1026 538 1090 cui
553 1024 704 1090 convenit
717 1044 779 1087 esse
793 1024 829 1088 in
842 1045 885 1099 se,
897 1043 958 1086 eoa
975 1023 1010 1086 in
1022 1020 1097 1096 olio,
1110 1016 1183 1083 sub-

124 1106 238 1167 stantia
253 1126 294 1169 ex
309 1128 347 1171 eo
364 1109 537 1192 praecipue
560 1116 775 1204 nuncupatur,
798 1104 886 1190 quod
899 1114 949 1170 est
966 1101 1182 1169 accidentium

124 1183 318 1263 subiectum,
334 1209 371 1253 ac
386 1188 520 1276 proinde
542 1189 598 1255 sul>
612 1187 830 1255 accidentibus
850 1198 950 1262 stare,
969 1187 1030 1251 hoc
1051 1193 1110 1261 cst,
1133 1201 1184 1247 ac-

125 1264 307 1362 cidentibus
319 1271 435 1335 subesse
449 1271 655 1356 intelligitur.
673 1268 889 1337 Substantiam
903 1280 1012 1334 autem
1030 1287 1097 1331 esse
1110 1264 1185 1329 sub-

124 1358 244 1415 rectum
265 1351 478 1419 accidentium
501 1357 545 1419 ita
566 1352 824 1418 demonstratur:
846 1352 880 1418 si
900 1349 1081 1415 subiectum
1101 1348 1185 1410 acci-

123 1428 270 1497 dentium
292 1455 356 1498 non
376 1448 460 1501 esset
480 1436 681 1512 substantia,
703 1443 867 1519 oporteret
893 1452 963 1498 esse
990 1429 1079 1496 aliud
1104 1430 1187 1493 acci-

125 1509 228 1592 dens,
252 1525 283 1581 et
309 1516 462 1600 quoniam
484 1517 542 1583 hoc
574 1516 749 1594 accidens,
776 1537 840 1580 non
861 1535 953 1581 secus
974 1535 1012 1579 ac
1030 1532 1126 1577 omne
1154 1531 1186 1574 a·

126 1593 194 1659 liud
217 1595 389 1675 accidens,
411 1600 593 1684 expostulat
617 1598 822 1674 subiectum,
850 1598 884 1662 in
905 1617 970 1683 qno
990 1596 1091 1671 insit,
1112 1612 1187 1677 pro-

126 1695 252 1761 gressus
274 1678 308 1742 in
330 1680 492 1745 inlinitum
520 1679 738 1746 admittendus
756 1689 850 1745 esset.
871 1680 971 1764 Atqui
999 1674 1186 1741 huiusmodi

125 1776 326 1855 progressus,
348 1761 499 1828 omnibus
521 1761 708 1840 fatentibus,
723 1772 772 1827 cst
785 1759 942 1826 absurdus
958 1762 981 1823 ⁸.
1004 1760 1092 1845 Ergo
1112 1756 1188 1821 san

126 1851 246 1908 rectum
267 1843 482 1910 accidentium
505 1858 554 1911 est
574 1844 764 1911 substantia.

206 1975 273 2031 ilar.
286 2008 319 2017 -
330 1978 365 2032 ll.
386 1980 554 2033 definitiones
573 1983 735 2033 substantiae
753 1996 768 2033 a
787 1981 921 2032 nonnullis
940 1978 1104 2042 Philosophia

502 2054 614 2106 traditae
634 2054 809 2117 exploduntur

107 2197 110 2205 ·
168 2170 237 2235 121.
261 2170 310 2234 Ex
333 2172 519 2257 principiis,
543 2173 681 2257 quaein
705 2170 908 2257 praecedenti
930 2169 1067 2235 articulo
1088 2188 1189 2255 expo

127 2253 261 2329 suimus,
277 2272 309 2316 se
334 2254 479 2319 nentium
496 2255 753 2340 propositionum
767 2252 1067 2318 demonstrationem
1091 2249 1189 2315 conli-

127 2335 242 2409 cimus,
264 2335 322 2431 qui
346 2356 384 2399 us
404 2338 581 2401 sententiae
603 2335 788 2420 aliquorum
809 2333 1078 2419 Philosophorum
1099 2332 1187 2396 circa

127 2413 324 2480 substantiae
347 2418 508 2482 notionem
530 2414 687 2482 absurdae
710 2418 902 2501 pmduntur.

169 2498 263 2582 Prop.
287 2497 332 2564 1⁸.
355 2499 499 2563 Absurde
525 2509 569 2564 est
597 2500 748 2563 senteutio
774 2496 899 2573 tostii,
921 2514 1026 2579 nempe
1051 2492 1187 2558 mistae-

127 2579 205 2643 tiam
227 2601 290 2644 esse
310 2604 328 2644 a
350 2581 590 2675 complexionem
612 2580 812 2667 qualitatum,
834 2600 910 2668 quus
929 2597 1018 2643 sensu
1034 2577 1190 2661 perspiri-

128 2680 209 2739 mus,
231 2663 336 2745 iquotu
355 2674 472 2727 ratione
494 2663 730 2728 eesaistemium
745 2664 757 2700 ⁴
774 2685 803 2726 a.

164 2856 176 2893 ¹
194 2850 230 2907 Gi
244 2870 267 2907 a.
288 2853 395 2917 Titum..
415 2856 438 2920 l,
457 2874 485 2923 q.
506 2855 552 2916 ΙΙΙ,
573 2871 600 2907 a.
621 2859 638 2907 5
659 2856 692 2906 ad
713 2856 738 2906 Ι.

164 2925 225 2978 ²iu
243 2928 289 2978 tto.
310 2932 325 2982 1
341 2933 424 2990 sant„
443 2928 510 2981 litat.
531 2927 601 2989 vlit,
621 2942 649 2993 q.
671 2926 692 2987 1,
711 2941 737 2978 a.
758 2926 775 2977 2
793 2928 826 2977 ad
845 2928 874 2977 Ξ.

164 2998 176 3036 ³
194 2996 262 3051 lline
280 3014 303 3051 a.
323 2998 437 3053 Thomas
455 3003 598 3058 adnotavit.
618 3002 639 3051 sl
659 3000 816 3064 quandoque
834 2999 957 3050 accidens
980 3003 1020 3049 est
1038 2998 1192 3049 cabutam

129 3073 250 3131 alterius,
269 3073 319 3134 uti,
339 3088 365 3125 e.
379 3088 418 3139 q..
437 3076 590 3137 superficies
608 3078 649 3123 eat
667 3073 815 3124 subiectum
834 3073 940 3132 eoloris,
959 3071 985 3121 td
1003 3074 1029 3121 et
1047 3072 1192 3122 ooanuire

129 3158 178 3211 per
195 3145 381 3207 substanttam,
400 3150 476 3198 cuius
494 3152 534 3198 est
552 3147 676 3197 accidens
690 3164 716 3206 ·;
732 3147 763 3197 ra
774 3145 820 3196 ue.
834 3147 851 3196 1
859 3146 944 3204 mar..
959 3141 1024 3193 Dist.
1040 3140 1086 3201 ΙΙΙ,
1100 3156 1128 3205 q.
1144 3141 1190 3201 lv,

130 3231 157 3269 a.
178 3216 194 3268 3
213 3218 246 3268 ad
265 3216 294 3268 2.

165 3286 177 3325 ⁴
197 3290 246 3355 Op.
260 3294 314 3350 cit..
334 3288 418 3350 tuit.
438 3305 464 3341 e.
479 3290 525 3351 ΙΙ,
545 3296 561 3351 s
581 3290 592 3339 Ι
613 3303 673 3354 aqq.
693 3287 767 3339 llano
785 3284 876 3339 Lockil
894 3287 1065 3350 opinionem,
1085 3290 1193 3349 praeter

130 3373 222 3411 omnes
240 3364 374 3423 aeneidas,
394 3360 477 3415 David
495 3361 618 3420 flumina,
639 3366 731 3425 utpote
749 3362 916 3422 aceptieiamo
927 3372 976 3408 sno
989 3358 1135 3417 laventem,
1149 3358 1194 3408 lu·

131 3431 222 3481 beuter
239 3436 387 3498 amplexas,
401 3436 563 3487 substantiae
582 3434 717 3484 notionem
735 3434 877 3484 absurdam
894 3444 962 3487 ease,
982 3430 1124 3494 ipsumque
1141 3443 1194 3480 ao·

132 3508 216 3629 :pepp
225 3506 352 3623 'patmum
365 3522 417 3561 uon
431 3508 478 3561 niai
491 3507 634 3574 quamdam
647 3506 892 3571 pamnomenorau
909 3504 1120 3567 complexionem
1132 3515 1194 3555 aare

168 3589 184 3629 u
208 3588 253 3628 u.
