2475 3909
163 124 222 190 168
561 141 761 192 cosnosocra

121 223 252 307 piatur,
276 241 391 308 nempe
423 222 475 290 vel
497 243 554 292 sua
576 225 681 290 lorma
715 227 780 290 iam
810 221 981 309 praedita,
1003 221 1111 310 qualis
1135 233 1186 287 est

121 305 273 382 mundus,
296 305 345 370 vel
367 308 472 372 omnis
495 305 617 374 lormee
638 327 766 394 expers,
790 315 873 371 essct
895 307 1024 381 inlecta,
1048 326 1087 370 ac
1108 327 1187 389 pre

122 385 197 452 iude
220 390 329 456 stricto
352 409 445 456 sensu
469 399 610 468 aeterua,
634 390 702 474 ipsa
718 387 949 475 proculdubio
964 391 1121 454 existeret
1143 410 1186 451 ex

120 471 310 536 necessitate
333 491 409 537 suae
432 483 577 548 naturae,
601 471 740 556 ideoque
763 470 999 546 immutabilis,
1021 480 1119 553 atque
1143 469 1187 532 ab

120 554 208 616 omni
230 554 430 620 successione
452 555 605 620 immunis
627 554 729 632 loret;
752 551 915 637 siquidem
938 551 982 626 id,
1006 551 1094 635 quod
1117 573 1184 616 uon

119 633 332 712 estfactum,
355 656 396 701 ex
418 657 450 702 se
473 638 544 722 ipso
566 659 635 702 esse
661 636 757 702 debet
765 655 774 713 ;
797 634 831 699 id
854 655 952 711 sero,
975 633 1062 718 quod
1086 655 1130 697 ex
1149 655 1185 696 se

119 716 192 812 ipso
215 729 275 795 est,
298 719 408 784 existit
428 721 613 786 necessitate
641 740 718 786 suae
741 729 888 795 naturae,
909 727 943 783 et
963 714 1049 811 quod
1073 736 1187 812 neces·

120 809 213 864 sitate
236 810 370 866 naturae
392 821 467 868 suae
489 802 623 878 existit,
646 800 829 876 mutationi,
852 810 882 865 et
904 819 1104 864 successioni
1127 796 1187 861 ole

118 881 253 946 noxium
277 903 345 948 esse
368 885 500 968 nequit,
524 883 670 969 alioquin
696 893 778 950 esset
799 883 1039 956 necessarium,
1060 892 1097 944 et
1118 902 1184 943 non

118 966 352 1039 necessarium,
386 985 501 1050 nempe
529 965 773 1040 necessarium,
798 976 832 1030 et
855 965 1054 1047 contingens.
1079 964 1185 1046 Atqui

119 1055 288 1129 repugnet,
302 1045 491 1112 docentibus
506 1046 585 1132 ipsis
600 1047 806 1123 adversariis,
822 1065 904 1128 quos
918 1047 969 1110 liic
984 1042 1184 1113 refellimus,

119 1126 286 1192 materiam
319 1148 388 1194 esse
422 1131 659 1204 necessariam,
682 1127 941 1204 immutabilem,
963 1137 1059 1222 etque
1082 1124 1127 1190 ab
1149 1147 1186 1189 o·

119 1208 183 1270 mni
199 1211 400 1276 successione
415 1211 605 1276 immunem.
623 1213 711 1294 Ergo
725 1219 884 1307 repugnat
902 1221 1086 1287 materiam,
1102 1229 1187 1294 quo-

118 1307 256 1375 cumque
280 1292 373 1358 modo
396 1292 465 1414 ipsa
486 1294 702 1378 concipiatur,
717 1313 787 1356 esse
809 1290 975 1368 infectam,
996 1311 1054 1354 seu
1069 1292 1185 1356 stricto

117 1391 210 1436 sensu
235 1383 395 1440 aeteruum
428 1424 435 1438 .

159 1453 224 1519 lise.
250 1455 394 1523 Secunda
417 1469 524 1524 autem
541 1457 580 1546 hy
604 1456 723 1522 ethesis
737 1455 829 1532 aliis,
846 1456 950 1540 iisque
966 1452 1184 1524 validissimis

117 1539 317 1620 argumentis
339 1549 557 1686 uppupnatur.
582 1479 623 1604 dt
643 1559 742 1614 sene,
767 1536 855 1602 Deus
880 1557 943 1600 non
967 1547 1092 1620 poterat
1114 1557 1184 1599 ma-

119 1619 220 1682 teriae
242 1621 407 1705 ingenitae
442 1621 542 1705 argiri
574 1621 736 1696 sormam,
758 1640 857 1703 quam
881 1616 1000 1693 habet,
1024 1618 1087 1682 nisi
1112 1619 1182 1702 ipsa

118 1697 158 1764 ab
182 1702 229 1767 Eo
252 1701 417 1786 penderet,
440 1704 545 1788 Eique
567 1700 796 1766 subiiceretur.
813 1701 913 1785 Atqui
935 1721 969 1764 re
994 1712 1095 1784 ugnat
1116 1721 1182 1764 ma-

115 1782 245 1858 teriam,
269 1805 352 1870 quae
375 1795 423 1852 est
445 1786 599 1870 ingenita,
624 1794 720 1867 atque
740 1780 872 1860 inlecta,
893 1783 933 1848 ab
954 1720 1061 1867 aliqua
1084 1803 1181 1846 causa

116 1865 272 1930 auteriori
298 1865 449 1952 pendere,
473 1867 596 1952 ullique
620 1887 735 1930 causae
750 1864 1052 1932 exteriorisuhiici.
1077 1865 1180 1948 Ergo,

116 1944 143 2007 si
169 1948 305 2013 materie
328 1947 478 2014 informis
499 1970 567 2016 esse
590 1946 727 2025 inlecta,
750 1959 847 2033 atque
869 1949 1014 2034 ingenite
1037 1944 1181 2020 dicatur,

115 2023 219 2091 Deum
235 2050 277 2094 ex
291 2029 362 2115 ipsa
379 2029 548 2108 mundum,
564 2049 662 2128 quern
678 2027 775 2094 modo
790 2031 1017 2116 conspicimus,
1033 2028 1179 2095 effecisse

114 2106 179 2174 dici
203 2108 352 2195 nequit¹.
376 2111 545 2178 Praeterea
570 2111 626 2188 rd,
648 2111 733 2196 quod
761 2123 809 2179 est
829 2113 1032 2198 ingenitum,
1056 2111 1180 2178 nullam

115 2191 328 2257 mutationem
352 2192 505 2260 admittit.
531 2195 630 2280 utqui
655 2193 735 2258 nihil
756 2214 795 2257 ex
816 2214 869 2269 eo,
891 2190 976 2279 quod
998 2205 1046 2258 est
1062 2194 1180 2258 immu-

114 2271 238 2348 tabile,
260 2271 330 2339 lieri
353 2286 470 2359 potest,
492 2278 569 2362 quia
592 2276 803 2362 perspicuum
824 2287 873 2342 est
893 2277 951 2341 laoc
973 2274 1066 2359 ipso,
1091 2273 1178 2361 quud

114 2373 155 2418 ex
179 2353 290 2452 aliquo
312 2353 435 2440 aliquid
458 2357 515 2436 fit,
539 2359 658 2426 mutari
683 2356 741 2437 id,
764 2378 804 2422 ex
833 2379 898 2444 quo
930 2357 975 2422 lit.
999 2381 1016 2420 u
1040 2357 1179 2424 Materia

114 2457 205 2521 ergo,
230 2445 275 2504 rte
296 2437 460 2507 concludit
481 2440 682 2515 Lactantius,
706 2441 732 2504 si
757 2438 841 2508 lacta
864 2448 1019 2517 nonest,
1042 2461 1083 2504 ue
1107 2439 1177 2506 lieri

114 2539 155 2583 ex
178 2539 213 2582 ea
237 2519 411 2666 quicppnam
434 2532 538 2606 potest
560 2523 571 2560 ³
594 2544 624 2586 u.
648 2522 799 2599 Accedit,
823 2521 911 2606 quod
939 2520 1026 2586 Deus
1052 2519 1179 2588 infinita

114 2601 257 2686 potentia
273 2621 314 2685 po
340 2611 385 2681 et,
409 2623 446 2666 eu
476 2605 611 2689 proinde
641 2602 819 2690 putandum
847 2625 909 2669 uon
931 2614 979 2668 esi
1001 2606 1101 2679 Eum,
1115 2623 1178 2668 nou

114 2703 205 2748 secus
226 2703 262 2746 ac
284 2683 456 2762 homines,
480 2707 542 2752 non
565 2706 659 2773 posse
680 2687 806 2754 efficere
820 2687 1026 2772 quidquam,
1050 2687 1116 2754 nisi
1137 2707 1177 2751 er

463 2825 800 2844 *nawa—*manun—

149 2901 158 2937 ¹
180 2897 219 2950 Er
238 2911 291 2964 qno
309 2899 382 2951 vides
401 2900 524 2964 antiquos
543 2897 633 2952 Patres
652 2900 828 2965 philosophis,
849 2901 1044 2964 haereticisque
1062 2904 1176 2953 aeterni-

113 2975 175 3025 tatis
195 2973 321 3026 materiae
340 2973 521 3024 defensoribus
540 2975 608 3032 iure,
629 2976 776 3037 meritoque
795 2973 940 3032 obiecisse,
960 2973 1030 3037 qnod
1052 2975 1101 3036 ipsi
1121 2988 1177 3025 ma·

113 3047 206 3096 teriam
227 3042 280 3096 Deo
299 3044 438 3107 aequalem
459 3043 587 3105 lacerent,
607 3047 767 3108 proindeque
785 3047 851 3095 dnos
865 3044 931 3097 Deos
943 3046 1177 3097 comminisceretu-

112 3126 170 3174 turi
193 3118 322 3182 siqrridem
342 3131 399 3167 esse
418 3131 449 3166 ex
470 3131 496 3166 se
511 3121 589 3179 'ipso‚
610 3131 656 3167 seu
677 3119 833 3168 suecessitate
853 3132 917 3168 sarae
936 3123 1058 3176 naturae,
1079 3119 1177 3168 immn-

113 3190 202 3250 labjle,
218 3197 244 3239 et
257 3191 349 3240 stricto
361 3203 438 3240 sensu
454 3194 602 3246 aeternum,
617 3195 657 3240 est
671 3193 806 3253 proprium
820 3191 901 3241 solius
914 3195 1023 3239 naturae
1043 3203 1175 3247 summae,

112 3268 140 3312 el
159 3262 303 3325 perlectae,
324 3263 426 3310 seilicet
446 3259 502 3311 Del.
526 3261 596 3310 luter
613 3275 670 3319 eos,
690 3277 766 3312 secus
786 3276 817 3311 ae
837 3262 1020 3324 ductorSpst.
1038 3269 1096 3310 not.
1116 3261 1177 3326 (Sy-

115 3331 192 3382 alima
209 3335 239 3382 de
258 3335 284 3381 lu
303 3339 405 3390 sumre,
426 3339 492 3395 part.
513 3333 540 3390 2,
561 3349 586 3384 c.
607 3334 634 3390 2,
657 3330 737 3384 lond.
754 3330 843 3401 1770),
865 3335 1032 3395 impudenter
1051 3337 1176 3391 asseruit.

115 3404 290 3453 recensendus
309 3409 349 3452 est
369 3399 566 3462 Tertullianus,
587 3408 633 3466 urii
652 3409 837 3456 aeternitalem
857 3406 948 3456 muudi
966 3406 1092 3456 adsersus
1111 3403 1177 3458 fler-

115 3486 252 3533 ruegenem
271 3487 302 3523 ex
323 3475 450 3526 industria
471 3479 644 3539 impugnavit.

150 3541 161 3576 ²
183 3537 217 3592 Cf
233 3557 254 3592 s.
276 3543 381 3604 lustin„
402 3549 442 3597 Ad
463 3549 553 3598 Gentes
571 3548 725 3609 eodortuts'o,
745 3565 771 3601 c.
791 3548 837 3601 23.

150 3609 219 3663 ³110
236 3616 276 3665 im
297 3617 355 3674 Dal,
376 3617 422 3666 lib.
443 3615 476 3676 ll,
497 3633 523 3669 c.
543 3619 570 3672 u.
