2475 3909
109 110 171 173 292
507 127 687 177 suessonis

69 212 151 279 ittud
166 209 401 297 arripiendum.
417 213 516 295 Atqui
541 214 648 277 anima
672 210 704 277 1⁰
719 210 783 278 sibi
806 232 958 296 praesens
978 210 1076 279 habet
1092 212 1141 289 id,

69 292 156 379 quod
178 292 300 358 directe
329 293 440 368 novit,
485 295 542 359 uia
564 297 733 378 cognitio,
755 314 829 359 cum
851 297 893 360 sit
916 294 1044 360 affectio
1065 294 1142 360 suh-

72 378 148 441 iecti
169 377 419 459 cognoscentis,
442 376 474 439 in
498 396 611 441 serere
632 376 728 443 debet
752 377 783 440 in
807 377 937 452 anima,
959 397 1043 461 quae
1065 377 1142 440 sub-

73 459 193 522 iectum
215 477 409 541 cognoscens
431 466 490 533 θείς
513 457 548 520 2⁰
572 478 631 543 per
653 460 718 523 sim
741 456 940 535 reflectendi,
963 479 1028 543 qua
1048 458 1144 525 intet-

71 540 172 605 lectus
194 538 307 623 poilet,
329 541 436 602 anima
466 552 653 625 retorquere
676 550 780 626 potest
801 560 834 604 se
849 560 948 625 super
968 561 1001 603 se
1023 539 1140 626 ipsam,

71 634 225 705 actusque
247 640 334 686 suos.
365 622 453 706 Ergo
475 622 595 697 anima,
617 634 655 688 ut
676 622 892 706 cognitionem
914 620 1069 687 reflexam
1093 646 1144 687 re·

70 726 143 849 ruffi
163 699 328 799 adquirat,
352 724 414 768 non
437 703 560 789 indiget
579 706 738 769 sermonis
760 704 897 779 auxilio,
921 703 975 768 sed
990 704 1060 790 ipsa
1076 705 1140 769 sibi

51 801 107 849 'su
142 796 197 849 cst.

110 869 163 933 80.
185 865 283 950 Prop.
306 864 655 932 sansanctissimae
677 866 880 948 inteliiqentia
901 867 965 931 sine
985 867 1144 950 prmsidio

70 948 223 1095 sermonpq
242 948 339 1067 equini
361 960 461 1033 potest
484 948 576 1013 etiam
602 948 701 1034 quood
728 952 873 1013 veritates
905 950 1142 1035 metaphysicos,

71 1042 98 1093 et
122 1052 190 1095 mor
222 1052 252 1092 es
284 1078 291 1092 .

112 1114 202 1177 Hanc
217 1112 472 1197 propositionem
487 1112 660 1177 statuimus
675 1121 785 1177 contra
800 1112 957 1199 Bonnettp
968 1114 993 1189 ²,
1007 1112 1042 1177 P.
1056 1114 1144 1177 Ven-

72 1207 144 1260 tura
160 1198 184 1272 ⁸,
207 1196 353 1278 aliosque
383 1195 530 1260 mitiores
557 1193 846 1261 Traditionalistas.
872 1194 913 1259 Hi
940 1194 1056 1260 docent
1076 1216 1145 1259 ser-

71 1298 199 1343 monem
231 1298 296 1340 non
325 1297 394 1341 csse
427 1275 645 1341 necessarium
673 1275 712 1340 ad
742 1296 961 1361 quascumque
994 1278 1143 1341 notiones

93 1359 239 1425 onerates
264 1358 501 1444 assequendas,
525 1355 579 1422 sed
602 1369 727 1425 tantum
751 1357 790 1423 ad
813 1357 899 1434 illas,
921 1380 1005 1443 quae
1027 1358 1065 1422 ad
1089 1380 1145 1423 or·

71 1380 179 1507 iinem
203 1440 473 1526 metaphps'icum,
497 1452 529 1505 et
549 1440 706 1505 moratam
753 1442 917 1517 ertinent,
939 1439 1141 1517 cuiusmodi,

71 1548 99 1587 e.
125 1545 170 1620 g„
194 1533 269 1587 sunt
289 1524 437 1585 notiones
459 1523 543 1599 uei,
566 1535 699 1589 naturae
728 1460 890 1599 iominis,
913 1526 1050 1609 eiusque
1072 1524 1146 1588 ori-

71 1607 158 1691 ginis
179 1618 210 1671 et
232 1604 465 1669 destinationis.

112 1687 281 1753 Probatur.
297 1685 389 1750 Mons
410 1684 550 1750 humana
571 1688 724 1751 veritates
746 1686 992 1773 metaphysicas,
1016 1698 1049 1753 et
1070 1709 1143 1751 mo·

72 1770 156 1835 rates
179 1768 426 1838 ratiocinatione
451 1768 639 1852 cognoscit,
662 1770 739 1854 quia
767 1768 876 1853 ipsaS,
899 1790 960 1853 opc
984 1788 1144 1853 quorum·

71 1852 146 1917 dam
169 1852 403 1937 principiorum
430 1851 689 1927 abstractarum,
711 1848 846 1915 deducit
873 1872 914 1915 cx
942 1850 1144 1936 contempta-

72 1934 159 2000 tione
181 1936 249 2012 sui,
273 1953 470 2016 rerumque,
493 1931 613 2029 quibus
641 1932 901 1998 circumdatur⁴.
923 1933 1024 2019 Atqui
1048 1952 1142 1997 mcns

72 2015 210 2081 humana
233 2014 277 2093 1⁰,
301 2014 476 2081 fatentibus
501 2015 580 2097 ipsis
603 2013 822 2101 philosophis,
845 2026 956 2080 contra
978 2035 1060 2099 quos
1082 2034 1143 2100 pu-

71 2117 218 2182 gnamus,
241 2106 346 2183 potest
366 2098 435 2163 sine
451 2096 519 2161 ullo
534 2095 698 2180 praesidio
720 2098 879 2161 sermonis
895 2106 928 2161 et
942 2117 1145 2183 cognoscere

72 2200 133 2253 res,
149 2200 233 2264 quae
255 2181 289 2243 in
309 2200 422 2244 sensus
444 2181 631 2255 incurrunt,
646 2190 677 2243 et
690 2200 731 2244 en
746 2178 808 2253 his,
823 2198 885 2262 ope
900 2177 1140 2256 abstractionis,

72 2260 230 2327 conficere
252 2262 416 2346 principia
437 2259 608 2335 abstracta,
624 2269 656 2324 ct
672 2260 847 2345 generatim
861 2257 896 2323 2⁰
912 2261 958 2324 uti
975 2271 1143 2327 ostensum

72 2357 133 2420 cst,
149 2345 215 2409 vim
228 2342 325 2409 habet
339 2363 402 2406 non
417 2342 521 2407 solum
537 2341 799 2427 apprehendendi
823 2362 886 2419 res,
902 2340 1070 2409 sedetiam
1087 2364 1144 2407 co-

73 2425 248 2508 gnoscendi
265 2448 307 2491 ex
321 2423 414 2489 rebus
436 2424 647 2510 apprehensis
666 2424 759 2500 alias,
774 2444 856 2507 quae
879 2422 939 2487 sub
961 2426 1142 2509 apprehen-

74 2508 199 2574 sionem
221 2531 284 2574 non
306 2505 434 2573 cadunt.
450 2510 538 2591 Ergo
560 2526 651 2569 mens
672 2507 810 2571 humana
841 2506 924 2572 valet
945 2526 1141 2591 cognoscere

70 2592 223 2656 veritates
246 2590 488 2675 metaphysioas,
504 2599 535 2653 ot
556 2588 695 2653 moratos
717 2589 786 2652 sine
809 2588 980 2663 sermonis,
1002 2589 1052 2653 rel
1076 2590 1141 2657 aiio

72 2672 288 2739 institutionis
303 2672 430 2738 socialis
443 2671 581 2736 auxilio.
595 2671 738 2735 Praestat
752 2667 784 2733 id
801 2669 909 2753 atiquo
924 2670 1074 2756 exempto
1088 2670 1145 2736 de·

73 2753 207 2819 clarore.
221 2756 313 2820 diens
326 2764 434 2819 nostra
450 2764 565 2850 potest,
576 2752 752 2817 secundum
768 2749 981 2825 adversarios,
995 2754 1141 2819 notiones

72 2836 389 2911 tauromenitanus
404 2834 467 2902 sibi
482 2845 789 2919 comparare,atque
804 2830 923 2897 exinde
939 2834 1140 2920 principium

568 3008 745 3022 m

46 3127 49 3134 ,
114 3090 121 3126 ¹
143 3086 210 3141 Cum
231 3092 255 3141 td
274 3093 436 3149 asserimus,
466 3103 545 3141 nemo
570 3095 646 3153 putet
664 3104 713 3141 nos
733 3091 758 3139 tn
778 3097 957 3145 casamentis
977 3108 1050 3155 asse,
1070 3100 1142 3161 quod

75 3167 155 3214 tromo
175 3167 233 3214 sine
253 3166 417 3215 institutione
437 3164 529 3213 sociati
548 3163 680 3213 conticere
699 3167 784 3227 potest
805 3166 952 3229 integrum,
972 3175 999 3217 ct
1017 3168 1050 3217 ab
1068 3174 1143 3222 omui

73 3249 165 3286 errore
185 3238 304 3287 immune
322 3241 437 3301 systema
458 3237 600 3285 recitatum
618 3235 871 3299 metaphysicarum,
892 3244 919 3289 ot
938 3241 1093 3301 moratium
1115 3244 1142 3294 td

73 3310 145 3357 enim
165 3308 266 3370 homo,
288 3315 317 3359 ot
334 3323 384 3360 suo
402 3311 461 3358 toco
480 3309 615 3368 dicemus,
636 3322 669 3357 ne
688 3308 781 3372 longae
800 3309 925 3373 quidem,
944 3326 977 3361 sc
995 3315 1143 3377 exquisitae

75 3382 247 3432 institutionis
265 3382 371 3433 sociatis
390 3382 539 3445 praesidio,
559 3382 605 3431 sed
625 3394 675 3443 ope
693 3379 802 3431 Dtrtnne
821 3377 995 3435 deselationis
1014 3389 1143 3453 consequi

74 3452 234 3517 potere-²
252 3456 370 3505 Annutes
385 3457 417 3506 de
433 3455 499 3519 part.
519 3455 609 3515 ciret„
631 3450 686 3505 Ser.
709 3454 735 3512 d,
756 3460 777 3503 t.
798 3452 857 3515 Vll,
876 3461 904 3507 et
924 3463 944 3507 t.
967 3454 1036 3509 vttt.

111 3524 123 3560 ⁸
142 3526 180 3575 La
199 3528 350 3588 trudisione,
371 3528 631 3591 etSemipelupians'
648 3526 715 3576 detio
734 3528 865 3591 Fttosofiu,
887 3544 912 3580 o.
934 3528 956 3590 Ι,
978 3535 993 3590 s
1012 3530 1039 3581 d.

110 3588 176 3647 ‘Cf
191 3608 214 3645 s.
236 3592 343 3661 Tuom„
364 3602 413 3665 Qq.
434 3600 532 3663 dtrpp,
553 3601 591 3650 De
616 3602 687 3659 Ver„
708 3613 734 3663 q.
756 3596 802 3661 Xt,
822 3614 849 3651 a.
875 3602 884 3653 t
907 3616 931 3653 c.
