2475 3909
492 176 673 227 annotatam
1048 156 1086 225 17

62 260 235 328 secundum
256 282 336 358 quas
352 261 438 325 Deus
453 282 503 326 res
519 263 621 337 novit,
638 270 713 326 sunt
728 273 890 339 aeternae,
910 266 1124 341 necessariae,

62 358 90 410 ot
111 342 341 409 immutabiles.
366 344 453 427 Erga
476 346 633 408 essentiae
658 365 785 419 rerum,
809 356 905 429 prout
926 346 1055 411 suntin
1077 345 1128 409 ln·

61 426 188 491 telieatu
211 424 342 501 Divino,
358 437 431 489 sunt
444 435 605 502 aeternae,
627 427 827 491 necessariae
842 438 874 493 et
893 425 1124 494 immutabiles.

98 508 149 571 tr.
174 506 270 589 Prop.
295 505 342 571 Δ).
366 506 524 571 Esseutiae
555 527 661 571 rernm
677 554 685 584 ,
704 517 801 591 prosu
830 511 990 574 iurarunt
1012 518 1127 573 notura

60 601 141 663 sunt,
163 608 225 650 non
245 600 315 650 stent
339 598 488 663 aeternae,
512 587 564 652 sed
586 590 785 675 intempore.

100 668 268 733 Probatur.
293 669 380 732 Deus
403 690 454 733 res
477 670 674 755 intempore
696 670 852 737 condidit.
866 672 954 755 Ergo
968 669 1126 736 essentiae

61 772 168 817 rerum
190 759 363 835 spectatae,
380 760 478 835 prout
491 752 525 815 in
538 773 649 817 rerum
664 762 780 821 natura
801 754 957 830 existunt,
973 773 1038 819 non
1053 762 1128 817 snut

60 844 222 907 aeternae,
244 832 300 897 sed
324 832 355 895 in
378 845 521 918 tempore
539 834 561 896 ¹.

98 914 150 979 48.
174 914 271 999 Prop.
293 912 341 978 5⁸.
364 912 523 977 Essentiae
543 935 661 991 rerum,
674 925 771 997 prout
795 927 867 981 sunt
888 917 922 981 in
943 936 1051 981 rerum
1073 936 1129 978 no·

59 1012 142 1071 turo,
166 1006 236 1059 sunt
258 1016 319 1059 uon
338 994 487 1070 absolute,
509 997 560 1061 sad
581 996 770 1081 bppotbetiee
795 1001 996 1075 necessariae,
1018 1007 1046 1061 et
1068 998 1128 1062 int·

60 1075 246 1157 mutabiles,
269 1084 298 1141 si
318 1081 496 1160 reserantur
522 1078 561 1141 ati
582 1079 707 1158 Deum,
729 1101 748 1141 a
769 1100 828 1165 quo
849 1084 889 1145 ad
909 1090 1016 1145 uotum
1036 1079 1129 1145 redu·
1184 1124 1190 1135 -

59 1172 189 1225 cuntur:
213 1171 284 1223 suut
308 1169 412 1223 autern
439 1157 575 1223 absolute
595 1162 806 1239 necessariae,
829 1176 855 1225 et
877 1160 1087 1227 immutabiles
1100 1162 1130 1237 ²,

59 1246 89 1307 si
108 1240 286 1321 reserantur
306 1240 346 1304 ad
363 1240 541 1323 principia,
563 1262 603 1305 en
625 1241 738 1328 quibus
758 1246 992 1309 constituuntur
1005 1244 1029 1306 ⁸.

101 1323 256 1388 Probatur
279 1322 312 1387 1³
332 1343 417 1408 pars,
442 1342 559 1408 nempe
581 1344 646 1389 non
668 1344 738 1389 esse
760 1325 895 1390 obsolute
917 1323 1123 1389 necessarias.

58 1406 145 1471 Deus
166 1426 208 1469 ex
229 1404 332 1470 libera
354 1426 411 1469 sua
434 1405 598 1470 voluntate
619 1426 672 1470 res
693 1408 828 1472 creavit.
853 1408 940 1491 Ergo
969 1406 1127 1471 essentiae

59 1506 180 1564 rerum,
194 1499 301 1631 prout
325 1488 355 1551 in
380 1495 495 1550 natura
516 1488 672 1564 existunt,
689 1488 715 1553 si
737 1488 924 1553 reserantur
945 1486 984 1553 ad
1008 1486 1125 1561 Deum,

59 1596 77 1637 a
116 1590 191 1635 uoa
230 1579 337 1633 actum
353 1568 565 1644 reducuntur,
581 1591 644 1633 non
659 1579 734 1635 sunt
749 1571 895 1635 absainte
912 1567 1124 1635 necessariae.

93 1592 150 1720 bb.
177 1652 335 1715 Probatur
356 1651 391 1714 2³
416 1672 515 1736 pars,
539 1672 655 1738 nempe
676 1673 746 1718 esse
768 1652 960 1739 bppotbetice
982 1669 1128 1716 necessa-

58 1740 136 1802 rias.
160 1732 224 1797 Res
248 1754 305 1818 per
327 1734 499 1799 essentiam
522 1753 613 1797 suam
635 1744 711 1800 sunt
732 1733 779 1812 id,
800 1733 888 1819 quod
910 1742 995 1799 sunt.
1019 1733 1126 1816 Ergo,

58 1817 188 1884 etiamsi
210 1814 298 1879 Deus
319 1816 479 1902 potuisset
501 1834 550 1879 res
573 1835 637 1878 nnn
659 1836 782 1895 creare,
806 1827 927 1891 tamen,
949 1815 1054 1901 posita
1075 1834 1130 1879 ea-

57 1922 133 1966 rum
156 1900 335 1973 creatione,
352 1898 441 1983 ipsae
463 1898 612 1961 essentiis
637 1898 703 1961 suis
724 1909 889 1983 nequeunt
910 1896 1057 1971 destitui,
1073 1916 1128 1959 no-

58 2002 180 2065 vasque
203 1979 394 2063 adquirere,
408 1978 554 2063 alioquin
577 1979 674 2042 simul
697 1988 812 2056 essent,
828 1990 860 2045 et
882 2000 946 2043 non
968 1986 1084 2043 essent.

98 2064 150 2129 50.
175 2061 335 2127 Probatur
357 2060 390 2126 3⁸
414 2083 499 2147 pars.
523 2058 605 2123 lttut
635 2060 781 2127 absolute
803 2062 1021 2126 necessarium
1046 2055 1128 2122 dici·

57 2158 124 2221 tur,
142 2148 235 2209 cuius
251 2147 438 2230 oppositum
461 2150 633 2226 repugnat.
650 2144 752 2226 Atqui
774 2152 935 2229 repugnat
955 2140 1128 2206 essentiam

56 2229 100 2292 iis
117 2227 291 2375 principiis
314 2224 459 2298 destitui,
475 2246 516 2289 ex
539 2224 660 2307 quibus
681 2237 816 2304 constat,
832 2227 955 2310 quippe
977 2220 1063 2307 quod
1085 2219 1128 2285 si-

56 2332 115 2375 mu
151 2322 248 2383 esset,
272 2320 304 2373 et
327 2328 390 2371 non
411 2316 506 2381 esset,
530 2307 654 2372 scilieet
674 2318 784 2384 esset,
805 2316 965 2392 quatenus
987 2305 1128 2370 sumitur

56 2412 141 2467 esse,
165 2390 325 2475 simulque
349 2408 411 2452 non
435 2398 529 2463 esset,
552 2388 630 2471 quia
652 2411 716 2453 non
738 2388 871 2454 haberet
892 2387 1071 2472 principia,
1086 2404 1128 2447 ex

55 2474 184 2558 quibus
205 2472 427 2536 coristituitur.
452 2472 491 2535 Ε.
509 2489 553 2553 g,
571 2470 786 2555 triangulum,
808 2469 895 2555 quod
918 2479 1060 2553 quatuor
1081 2464 1128 2528 la-

54 2554 200 2629 teribus,
223 2566 255 2617 et
276 2565 417 2637 quatuor
439 2549 567 2637 angulis
589 2564 763 2629 constaret,
779 2564 862 2618 esset
882 2551 993 2628 simui,
1008 2559 1041 2614 et
1063 2567 1128 2610 non

54 2646 156 2712 esset,
179 2637 255 2719 quia
280 2634 490 2719 triangulum,
513 2634 600 2717 quod
624 2635 719 2720 plus,
742 2656 839 2719 quam
863 2634 924 2701 tria
948 2632 1072 2703 latera,
1095 2638 1129 2693 et

53 2730 123 2783 tres
147 2716 280 2801 angulos
302 2714 422 2792 habet,
446 2716 646 2810 triangulum
669 2716 735 2780 dici
766 2715 887 2800 nequit.
912 2713 1000 2797 Ergo
1023 2732 1128 2777 essen-

52 2802 135 2876 tiae,
160 2798 187 2863 si
210 2797 249 2861 ad
273 2796 433 2882 principia
457 2818 620 2881 proxima,
643 2797 828 2881 exquibus
850 2804 1019 2872 constant,
1043 2790 1129 2856 refe·

53 2894 187 2953 rantur,
203 2879 348 2943 absolute
372 2880 570 2944 necessariae
593 2890 678 2945 sunt.
694 2878 790 2956 Quod
810 2878 851 2943 de
865 2878 1055 2943 necessitate
1077 2895 1125 2937 es·

52 2965 237 3029 sentiarum
258 2960 512 3028 demonstratum
532 2970 602 3038 est,
625 2958 665 3025 ad
687 2981 799 3026 earum
821 2958 1126 3025 immutabilitatem

431 3122 510 3131 ...μ--

93 3218 100 3253 Ι
123 3214 322 3267 Potesttamen
346 3209 385 3258 eis
410 3206 519 3257 attribui
544 3207 688 3255 aeternitas
713 3210 850 3270 mattea,
876 3211 1008 3271 quatenus
1032 3219 1129 3268 nempe

51 3306 110 3341 non
129 3287 224 3337 habeut
243 3286 271 3333 in
290 3296 333 3340 ss,
354 3294 402 3345 auo
421 3276 622 3329 determinantur
642 3280 678 3329 aa
696 3279 932 3343 alternaturam
952 3275 974 3338 1,
994 3293 1022 3341 q.
1042 3274 1128 3338 xvir,

51 3378 80 3413 a·
90 3356 275 3483 Praebebam
293 3424 407 3475 alieuius
426 3422 464 3473 rat
485 3425 570 3485 potest
589 3434 646 3471 esse
659 3422 703 3472 vet
715 3421 844 3480 absoluta.
858 3422 910 3473 troc
922 3427 974 3484 est,
988 3422 1129 3480 eiusmodi,

52 3510 84 3555 ut
105 3519 120 3555 a
142 3502 215 3553 natta
235 3496 388 3563 hypothesi,
409 3508 455 3546 seu
474 3495 625 3545 conditione
638 3494 761 3557 peniteat,
776 3494 817 3545 ret
830 3496 998 3559 ipporbsttoa,
1012 3495 1064 3546 boe
1077 3500 1127 3550 est,

51 3574 199 3633 eiusmodi,
221 3573 261 3629 ut,
282 3582 335 3619 non
353 3568 403 3618 nisi
423 3572 521 3618 statuta
542 3566 631 3629 attans
651 3566 814 3626 conditione,
833 3567 940 3619 existat.

90 3649 103 3685 ⁸
124 3643 162 3698 Gt
177 3660 200 3694 s.
221 3638 330 3699 Tuom..
350 3644 439 3697 contr.
463 3641 550 3698 Genu,
570 3640 617 3690 tib.
639 3634 674 3704 ll,
693 3654 720 3693 o.
740 3638 787 3705 30,
806 3654 834 3693 n.
854 3639 883 3691 t.

128 3733 237 3787 Panos.
250 3727 362 3788 tuae.
375 3732 513 3796 Campona
528 3726 563 3781 li.
928 3730 944 3783 2
957 3730 968 3766 ὓ
