2475 3909
153 141 215 205 ⁴10
442 159 627 204 susannam
651 157 838 204 n'ttrvttntts

111 255 187 318 stas,
210 243 330 316 omnia,
351 261 434 326 quae
463 257 549 318 sunt,
572 251 628 306 aut
650 241 830 304 necessario
856 262 874 305 a
898 240 961 307 Dei
985 253 1108 310 natura
1131 243 1185 310 de·

112 325 343 398 terminantur,
359 334 415 389 aut
429 321 489 388 Dei
507 324 697 396 necessaria,
712 333 745 389 et
760 335 911 420 perpetua
928 327 1082 392 evolutio
1096 343 1184 396 snntt

110 405 147 472 4⁰
168 405 331 489 deniqne,
355 405 440 470 Dens
461 425 503 470 ex
527 405 794 492 pngnantissimts
815 406 1031 491 qualitatihus
1055 423 1186 475 consta·

112 501 185 566 ret;
210 487 349 574 plurima
371 490 481 562 enim,
504 507 588 571 quae
611 488 644 551 in
668 485 791 552 mttndt)
812 510 880 554 sese
909 491 1054 554 invicem
1079 492 1187 577 repel-

112 569 193 647 lunt,
218 571 251 635 in
274 569 340 634 lleo
362 569 460 634 simul
482 570 658 634 consistere
681 568 843 638 deberent.
867 572 905 636 E.
923 592 970 655 g.,
991 587 1083 638 esset
1100 574 1187 638 Dens

113 652 210 718 simul
238 664 413 728 extensus,
441 663 474 717 et
494 655 664 735 cogitans,
690 653 889 738 proindeque
920 674 1131 740 corporeus,
1155 669 1187 720 et

112 735 262 819 simplem
285 742 318 797 ct
338 735 491 818 qnoniam
513 734 599 798 inter
618 755 671 800 res
692 755 865 822 corporeas
884 735 967 800 aliae
996 751 1186 811 moventur,

114 815 198 882 aliae
219 822 401 902 quiescunt,
426 828 522 900 atque
544 816 629 881 inter
655 837 707 880 res
728 821 906 904 cogitantes
931 816 977 890 id,
1002 821 1098 904 quod
1123 841 1187 885 una

113 900 215 973 novit,
238 898 339 964 altera
360 897 420 962 suh
443 897 557 962 eodem
579 911 726 984 respectu
750 903 888 985 ignorat,
910 911 945 965 et
964 897 1010 974 id,
1035 903 1129 988 quod
1153 925 1188 966 u-

113 1003 153 1046 na
176 990 272 1057 amat,
295 990 462 1046 aversatur
483 980 560 1056 alia,
585 980 672 1045 Dens
695 983 790 1046 simul
812 991 1011 1058 moveretur,
1033 997 1071 1050 et
1093 985 1187 1070 quie·

113 1074 227 1137 sceret,
250 1084 351 1128 unum
374 1063 526 1148 idemque
548 1062 608 1126 suh
630 1062 743 1128 eodem
767 1075 914 1150 respectu
942 1079 1184 1149 cognosceret.

115 1158 149 1212 et
170 1147 356 1242 ignoraret,
381 1156 525 1221 amaret,
548 1156 580 1211 et
602 1157 817 1210 aversaretur.
840 1145 967 1220 lmmo,
988 1167 1067 1211 cnm
1100 1149 1185 1211 Deus

113 1248 222 1294 omma
245 1228 329 1304 sint,
353 1227 439 1292 Deus
460 1249 493 1292 se
516 1248 627 1292 versus
658 1249 692 1293 se
714 1231 820 1313 ipsum
849 1240 1015 1302 moveret,
1038 1231 1184 1316 seipsum

114 1333 153 1376 cn
177 1321 334 1384 nosceret,
355 1320 387 1374 et
408 1312 585 1393 ignoraret,
608 1323 742 1382 amaret,
766 1320 797 1373 et
818 1323 1036 1375 aversaretur.

217 1442 223 1453 .
246 1391 339 1470 Quod
362 1393 388 1456 si
411 1413 486 1456 cnm
508 1392 700 1458 Pantheistis
723 1390 912 1456 idealisticis
939 1404 1091 1458 nostrum
1119 1413 1183 1476 epa,

114 1485 147 1540 et
169 1475 308 1541 mundus
330 1476 486 1549 exterior,
508 1486 539 1538 at
563 1494 604 1538 ue
626 1495 678 1549 ea,
701 1495 784 1558 quae
807 1473 838 1534 in
862 1485 970 1538 nostro
996 1476 1130 1550 animo,
1154 1489 1185 1539 et

113 1559 147 1622 in
170 1557 291 1622 mundo
312 1557 404 1631 liunt,
429 1557 511 1620 inter
534 1576 554 1640 p
577 1576 766 1630 aenomena,
796 1553 992 1640 fallacesque
1012 1556 1186 1622 illusiones

113 1640 318 1714 reiiciantur,
342 1660 404 1703 non
427 1639 534 1702 minus
557 1637 676 1702 ahsona
699 1637 758 1701 Dei
776 1638 866 1701 notio
882 1637 955 1702 inde
971 1641 1119 1724 exurgit3
1144 1640 1187 1704 si-

114 1720 261 1807 quidem,
282 1742 357 1786 cum
379 1719 505 1784 nullum
528 1720 561 1783 in
578 1720 634 1784 illa
649 1718 827 1806 hypothesi,
851 1731 979 1804 praeter
995 1719 1119 1794 Deum,
1141 1722 1186 1785 sit

114 1803 297 1869 subiectum
330 1801 503 1887 cogitans,
537 1800 707 1866 illusiones
740 1799 815 1864 illae
848 1803 977 1866 nonnisi
1009 1804 1042 1866 in
1072 1804 1185 1886 ipsum

115 1886 219 1951 Deum
241 1885 357 1950 cadere
379 1894 518 1967 possent.
541 1881 630 1948 Deus
653 1884 765 1968 igitur,
789 1884 854 1947 Ens
876 1903 989 1968 nempe
1014 1883 1186 1970 perlectis-

115 1969 248 2042 simum,
271 1964 427 2042 illusioni,
449 1986 533 2048 quae
551 1966 693 2028 maxima
715 1962 922 2049 imperiectio
940 1979 999 2042 est,
1018 1965 1186 2030 obnoxius

116 2049 211 2114 leret.
239 2048 389 2114 Ceterum
417 2046 709 2122 contradictiones,
735 2043 879 2143 quihus,
912 2047 1090 2113 secundum
1124 2049 1185 2113 hoc

115 2129 308 2218 pantheismi
332 2149 445 2215 genus,
468 2130 556 2193 notio
578 2129 639 2194 Dei
665 2128 865 2215 implicatur,
885 2129 918 2194 in
938 2131 1082 2216 sequenti
1107 2132 1186 2196 arti·

115 2211 190 2278 culo
211 2211 400 2277 manifestas
421 2210 590 2274 faciemus.

154 2294 227 2359 240.
251 2293 410 2358 Probatur
431 2292 527 2357 tertia
552 2311 638 2377 pars.
663 2289 695 2356 1⁰
718 2292 943 2358 Pantheismus
967 2303 1014 2359 est
1040 2293 1184 2358 eiusmo-

115 2375 147 2440 di
170 2385 307 2462 systema
339 2371 621 2460 philosophicum,
644 2384 681 2439 nt
707 2394 747 2436 ex
780 2395 819 2439 eo
852 2375 1124 2440 rationalismus¹
1150 2378 1182 2440 in

116 2456 326 2542 Theologiam
347 2467 460 2541 sponte
482 2455 580 2523 veluti
603 2475 661 2519 sua
683 2451 858 2521 derivetur.
879 2455 1005 2522 Revera
1029 2477 1184 2543 superna·

117 2540 304 2605 turalismns
325 2535 392 2604 duo
414 2557 531 2622 genera
545 2557 696 2602 verorum
711 2535 864 2613 admittit,
879 2558 995 2624 nempe
1014 2561 1118 2606 unum
1134 2543 1183 2604 in-

116 2619 353 2707 telligibilium,
376 2619 514 2686 alterum
535 2618 907 2705 superintelligibilinrn,
929 2623 1007 2705 quia
1031 2621 1112 2686 duos
1133 2643 1183 2686 re-

116 2723 192 2766 rum
207 2700 338 2766 ordines
352 2702 509 2786 agnoscit,
522 2722 623 2766 unum
637 2721 761 2778 rerum,
777 2723 819 2765 ex
833 2703 951 2786 quihus
970 2715 1082 2769 natura
1096 2725 1181 2769 com·

117 2784 276 2871 ponitur,
299 2782 435 2847 alterum
457 2803 590 2858 rerum,
619 2803 704 2866 quae
726 2803 826 2867 supra
853 2796 1001 2849 naturam
1027 2797 1111 2850 sunt.
1141 2789 1182 2852 At

140 2865 497 2936 antheismusnonnisi
524 2863 656 2929 unicum
689 2885 789 2950 genus
820 2885 972 2931 verorum
995 2867 1181 2955 intelligibi-

117 2886 200 3013 lium
214 2945 384 3013 admittere
406 2955 521 3032 potest;
543 2949 634 3032 qnia,
650 2968 723 3012 cnm
747 2947 873 3023 omnia,
897 2969 980 3034 quae
1006 2951 1040 3014 in
1061 2952 1182 3015 hacre-

117 3051 191 3094 rnm
205 3028 418 3094 universitate
439 3038 628 3106 cernuntur,
652 3027 750 3092 veluti
771 3029 898 3111 samaa,
919 3030 969 3095 vel
992 3033 1109 3106 modos,
1131 3033 1180 3098 vel

118 3111 378 3197 manifestationes
394 3110 493 3175 nnius
506 3109 614 3187 Eratis,
638 3111 708 3175 sive
729 3109 818 3176 ideae
837 3111 1031 3188 consideret,
1052 3115 1180 3179 unicum

118 3212 229 3257 rerum
249 3191 398 3256 ordinem
419 3212 531 3277 reapse
554 3191 708 3258 admittit.
731 3193 834 3338 Erpa,
853 3195 881 3257 si
901 3195 1124 3340 pantheismns
1148 3198 1177 3260 in

118 3272 315 3358 theologiam
333 3273 547 3337 Christianam
570 3273 759 3350 inducatur,
805 3275 881 3339 nius
923 3285 1050 3362 ogmata
1072 3279 1179 3340 nonni·

120 3355 149 3416 si
163 3355 266 3419 veluti
290 3353 443 3418 veritates
465 3353 692 3440 intelligibiles
714 3357 852 3440 spectari
877 3369 1019 3444 possunt.
1044 3357 1103 3426 Sed
1123 3359 1177 3424 hac

159 3553 167 3588 ¹
187 3550 253 3616 Quid
271 3557 306 3603 stt
324 3555 520 3606 rationalismua
539 3557 715 3623 theologicus,
735 3558 927 3627 explicavimus
946 3564 971 3614 ia
991 3563 1136 3630 tantona,
1155 3579 1177 3619 e.

124 3621 147 3684 l,
167 3634 194 3674 a.
215 3623 243 3685 8,
263 3639 290 3690 p.
311 3625 374 3686 204,
393 3627 447 3679 rot.
468 3625 490 3678 l.
