2475 3909
40 3798 75 3805 Α.

407 261 878 391 tosuottott

491 614 783 684 INTRODVGTIO

143 825 171 888 1.
196 789 406 904 Cosmotogia
430 818 516 885 idem
539 821 636 897 vaiet,
661 844 699 887 ac
717 843 819 888 sermo
833 822 868 886 de
882 824 1008 900 mundo,
1032 848 1049 887 ι(
1073 845 1170 909 quem

100 906 201 982 enim,
225 915 262 968 ut
282 903 408 980 Plinius
430 903 489 978 ait,
512 903 631 969 Graeci
647 912 756 987 {torpes
770 905 902 969 nomine
923 907 1098 971 ornamenti
1118 930 1174 1005 ap-

101 987 288 1072 peiiavere,
308 996 387 1049 eum
409 993 442 1049 et
463 1004 522 1048 nos
543 1008 561 1051 a
586 984 755 1071 perfecta,
777 986 991 1073 absolutaque
1012 989 1173 1076 elegantia

104 1067 257 1132 mundum
278 1064 420 1131 dicimus
443 1067 504 1129 ¹».
526 1067 596 1132 lam
610 1067 723 1132 mureti
744 1068 876 1134 nomine
891 1067 1083 1155 designatur
1099 1071 1172 1134 uni-

102 1151 236 1220 versitas
258 1169 365 1213 rerum
388 1157 575 1224 creatorum,
599 1170 675 1234 quoe
690 1150 781 1226 coeio,
797 1161 938 1236 terreque
961 1154 1170 1217 continentem.

101 1233 152 1296 Ex
175 1251 241 1317 quo
265 1230 472 1314 intelligitur,
495 1231 520 1294 si
544 1251 662 1296 nomen
683 1230 920 1318 Cosmoiogiae,
942 1254 1007 1318 qna
1031 1235 1096 1300 late
1118 1255 1173 1319 pa·

103 1323 160 1389 tet,
184 1324 355 1390 sumatur,
372 1313 541 1378 scientiam
564 1313 707 1378 hominis
729 1314 819 1380 iilius
841 1314 968 1381 ambitu
990 1317 1171 1392 contineri,

101 1397 181 1480 quia
204 1393 303 1460 homo
322 1395 409 1460 inter
431 1415 505 1471 res,
528 1416 612 1480 quae
634 1394 738 1471 coeio,
761 1408 914 1482 terraque
942 1397 1171 1472 continentur,

103 1477 280 1543 invenitur.
305 1479 348 1541 nt
370 1498 448 1542 vero
470 1478 606 1543 scientia
639 1475 679 1542 de
701 1477 832 1543 homine
855 1499 873 1541 a
895 1477 1103 1566 Cosmologia
1125 1499 1174 1544 se·

101 1559 233 1704 Pregari
256 1559 350 1634 solet,
373 1568 468 1642 atque
491 1558 624 1644 speciali
641 1559 771 1624 nomine
786 1561 1044 1658 Anthropolopice
1061 1561 1172 1646 appel·

114 1652 198 1706 atur.
222 1639 338 1726 Neque
359 1639 566 1726 Cosmoiogia
588 1662 664 1705 cum
691 1642 838 1708 scientiis
866 1642 1008 1728 physicis
1028 1654 1078 1708 est
1099 1663 1173 1707 con·

102 1719 292 1799 fundenda,
316 1721 370 1787 sed
393 1724 502 1807 potius
525 1724 595 1808 ipsa
616 1732 666 1787 est
686 1722 775 1788 reiut
799 1722 930 1788 iliarum
951 1723 1173 1800 vestibulum,

101 1805 195 1881 sive,
219 1813 256 1869 ut
277 1804 368 1870 aiunt
384 1851 391 1881 ,
410 1804 653 1888 propedeutico,
675 1805 754 1887 quia
775 1805 940 1902 principia
962 1806 1174 1871 scientiarum

101 1887 307 1975 physicarum
331 1890 529 1963 communia,
552 1906 732 1970 earumque
754 1886 862 1952 studio
884 1883 1099 1954 inservientia
1121 1908 1175 1952 ex-

103 1971 205 2055 ponit.
222 1967 383 2045 Quocirca
406 1970 476 2053 ipsa
491 1966 621 2033 definiri
638 1977 753 2052 potest:
769 1969 922 2045 scientio,
934 1990 1014 2064 quoe
1028 1990 1174 2054 reprenso

96 2053 206 2137 princi
229 2052 275 2128 io,
297 2071 516 2136 supremusque
537 2051 676 2113 rationes
700 2050 812 2114 mundi
833 2052 956 2115 sensilis
978 2052 1117 2136 exponit.

141 2134 173 2198 2.
196 2071 233 2198 ir
257 2153 295 2196 ea
317 2142 426 2198 autem
448 2131 611 2198 tractanda
645 2132 730 2195 hunc
752 2131 902 2197 ordinem
925 2153 1172 2219 persequemur,

102 2228 140 2282 ut
160 2215 267 2300 primo
293 2212 420 2279 diversa
449 2235 566 2300 genera
596 2234 707 2278 rerum
735 2212 894 2279 mundum
921 2215 1173 2290 constituentia,

102 2305 240 2383 excepto
261 2298 405 2374 homine,
427 2299 484 2379 qui
507 2305 556 2361 est
576 2295 842 2380 anthropologiae
864 2295 1043 2374 obiectum,
1067 2295 1174 2382 expli·

103 2399 226 2455 oemus;
249 2377 365 2444 deinde
386 2397 528 2454 nexum,
553 2396 619 2463 quo
643 2377 713 2461 ipsa
737 2378 822 2442 inter
850 2399 919 2442 seso
941 2379 1173 2452 continentur,

103 2461 281 2547 mundique
296 2471 434 2548 systema
449 2461 603 2534 efficiunt,
620 2477 835 2543 exponamus;
849 2458 989 2545 denique
1003 2459 1043 2525 de
1058 2458 1174 2525 mundi

102 2545 243 2628 origine,
267 2553 299 2608 et
320 2542 520 2629 perfectione
542 2541 752 2605 disseramus.

142 2625 172 2692 3.
196 2624 247 2688 sd
270 2627 408 2711 primam
433 2634 557 2708 partem
578 2619 665 2706 quod
689 2632 828 2706 spectat,
851 2621 1079 2706 distinguenda
1100 2630 1176 2686 sunt

84 2726 238 2792 ¹corpora
259 2707 403 2773 viventia
433 2728 451 2772 a
473 2727 537 2770 non
559 2703 755 2769 viventibus.
783 2704 952 2781 Viventio,
976 2707 1023 2770 uti
1053 2705 1122 2769 iarn
1142 2724 1175 2768 a·

102 2788 163 2852 iihi
185 2787 371 2867 diximus²,
394 2797 469 2854 sunt
489 2807 571 2873 quae
593 2805 662 2849 sese
685 2784 852 2869 abaliquo
874 2787 1037 2873 principio
1060 2786 1176 2851 intrin-

104 2889 178 2936 seco
194 2869 233 2934 ad
250 2879 386 2947 motum,
403 2871 471 2934 sive
487 2868 711 2970 operationem
733 2867 950 2932 determinant
964 2886 973 2944 ;
997 2879 1030 2933 et
1048 2888 1111 2931 non
1124 2869 1174 2931 oi·

102 2955 205 3018 ventio
226 2948 295 3028 iila,
318 2972 401 3036 quae
417 2950 457 3016 ab
473 2951 583 3034 aliquo
605 2948 770 3034 principio
791 2950 975 3013 extrinseco
992 2947 1176 3014 admotum

103 3033 371 3100 determinantur.
395 3031 453 3096 iiia
477 3031 633 3096 dicuntur
652 3031 752 3096 etiam
774 3031 930 3107 animata,
953 3032 1031 3115 quia
1053 3030 1177 3128 princi-

103 3117 196 3201 pium
217 3114 327 3193 vitale,
350 3134 466 3199 nempe
489 3111 590 3188 ittud,
613 3131 656 3176 ex
676 3131 742 3197 quo
763 3131 900 3197 corpora
922 3113 1010 3178 inter
1031 3112 1177 3178 viventia

103 3207 329 3274 numerantur,
351 3195 457 3260 animo
482 3203 628 3272 vocatum
652 3194 715 3259 ista
736 3205 844 3260 autem
866 3193 1056 3258 inanimato.
1079 3194 1173 3258 insu·

103 3298 164 3363 per
183 3278 239 3343 iiia
261 3275 416 3344 dicuntur
435 3277 535 3342 etiam
556 3276 716 3358 erponico,
733 3276 795 3342 ista
810 3277 1002 3358 inorpcnico,
1025 3277 1104 3360 quia
1119 3273 1177 3338 ilia

103 3360 247 3445 organis,
263 3379 321 3426 seu
336 3359 559 3424 instrumentis
578 3357 712 3442 poilent,
734 3378 876 3443 quorum
896 3355 1042 3423 subsidio
1062 3377 1176 3443 opera·

458 3493 790 3511 *-

140 3554 149 3588 ¹
171 3553 242 3604 Hirt.
262 3563 330 3613 not..
351 3556 397 3621 tto.
418 3551 453 3614 li,
473 3569 499 3604 e.
519 3555 547 3607 4.

139 3621 299 3690 ²Dpttom,
320 3640 345 3678 c.
368 3625 388 3685 t,
409 3639 435 3677 a.
459 3627 484 3686 t,
505 3639 532 3692 p.
552 3625 587 3678 ot
607 3629 660 3679 rot.
680 3625 704 3680 1.
