2475 3909
474 197 706 249 nunnurnoora
1023 183 1082 250 159

71 299 97 345 sa
117 301 179 346 non
201 279 298 346 modo
321 301 372 345 res
396 280 561 365 intelligit,
584 282 762 348 sedetiam
785 281 918 347 illarum
934 283 1125 351 intellectio-

70 384 116 428 ues
135 375 288 439 revocat,
309 373 341 428 et
362 365 517 448 agnoscit.
542 365 574 430 S.
598 365 825 430 Bonaventnra
846 363 996 431 distinxit
1018 365 1124 450 dupli·

70 465 127 508 cem
148 453 256 508 actum
276 447 455 510 memoriae
475 445 705 522 intellectivae,
720 467 835 525 unum,
850 466 916 530 quo
931 448 1037 512 anima
1052 469 1123 534 spe·

69 528 141 590 ciem
163 527 212 590 rei
235 527 416 592 intellectae
438 528 472 590 iu
494 547 527 590 se
550 530 691 603 retinet,
715 527 875 605 alterum,
897 549 963 613 quo
988 531 1123 595 remini-

68 610 159 675 scitur
180 608 228 670 rei
243 629 302 692 per
316 610 458 695 speciem
480 621 751 693 repraesentatae.
775 611 918 687 Primus,
940 612 1047 677 aiente
1069 633 1124 676 eo-

67 687 128 754 dem
150 702 260 756 sancto
282 688 434 767 Doctore,
450 700 497 755 ost
512 691 545 754 in
560 694 669 756 anima
684 693 789 756 instar
810 691 948 767 latitas,
969 695 1048 777 quia
1068 715 1124 779 po·

68 773 123 836 tius
142 781 276 848 statum,
297 792 395 856 quam
417 773 578 838 actionem
599 772 772 857 signifieat,
795 774 877 840 alter
901 775 1003 839 instar
1022 796 1122 851 usus,

86 856 134 918 uia
155 873 217 949 per
239 854 345 938 ipsum
368 857 477 919 anima
497 854 611 921 habitu
627 858 803 921 memoriae
818 857 933 922 utitur.
950 858 1123 923 Praeterea

67 874 115 999 ille
135 955 205 999 siue
229 934 402 1002 voluntatis
424 947 505 1002 nutu
527 937 684 1020 efficitur,
707 937 759 1003 hic
780 937 816 1003 lit
836 959 899 1023 ope
922 937 1122 1014 rellexionis‚

68 1028 129 1082 eta
154 1018 317 1082 voluntale
362 1016 497 1083 endetl.

101 1099 167 1164 176.
191 1100 289 1183 Prop.
353 1101 471 1164 emoria
494 1099 682 1165 intellectiva
708 1121 770 1163 aaa
798 1112 841 1165 est
868 1103 1026 1184 facultas,
1048 1121 1125 1187 puae

68 1178 98 1241 el
119 1181 269 1274 intellectu
283 1185 387 1298 ²speeie
410 1180 537 1266 differt,
560 1183 672 1248 sedeat
695 1184 844 1268 quaedam
874 1185 977 1268 ipsius
1006 1183 1126 1247 intelle-

69 1273 167 1325 atara
194 1275 270 1327 cotto
301 1312 308 1323 .

101 1261 256 1409 psallatur
276 1356 389 1410 contra
412 1345 478 1410 lere
501 1366 612 1410 omncs
645 1357 790 1411 recentes
811 1346 1030 1432 philosophos.
1054 1345 1122 1410 llle-

68 1428 162 1491 moria
185 1427 377 1493 intellectiva
401 1437 532 1492 nonest
559 1425 695 1495 facultas
727 1427 768 1493 ab
796 1429 866 1513 ipso
890 1426 1054 1495 intellectu
1076 1427 1125 1490 di·

68 1509 188 1585 stinata,
211 1510 239 1574 si
261 1509 340 1583 duo,
362 1531 443 1594 quos
468 1510 645 1589 innuimus,
669 1510 741 1574 eius
763 1522 853 1576 actus
874 1510 914 1575 ab
939 1511 1009 1594 ipso
1033 1509 1126 1573 iutel-

68 1587 144 1654 lectu
165 1593 273 1675 repeti
295 1600 438 1677 possunt.
456 1592 556 1675 Atqui
579 1591 629 1657 illi
651 1591 716 1656 duo
732 1603 823 1657 actus
845 1593 1021 1657 memoriae
1035 1591 1128 1656 intel·

67 1670 193 1737 lectivoe
214 1672 255 1736 ab
278 1673 349 1757 ipso
370 1673 535 1738 intellectu
557 1693 649 1738 suam
665 1684 816 1759 repetunt
836 1676 1008 1759 originem.
1025 1673 1071 1737 Er
1093 1694 1125 1737 o.

103 1753 170 1817 177.
195 1753 355 1818 Probatur
378 1756 492 1818 minor.
517 1752 550 1818 1⁰
573 1756 725 1822 Reteutio
740 1756 920 1852 specierum
937 1694 1128 1840 intelligili-

68 1833 155 1913 lium,
178 1835 227 1900 uti
249 1835 290 1899 ab
312 1837 475 1920 Aquinate
497 1835 703 1905 observatum
726 1835 801 1912 luit,
826 1837 1003 1902 intellectui
1025 1838 1129 1900 maxi-

69 1937 112 1979 me
132 1920 296 1993 convenit,
318 1917 408 2001 quia,
433 1941 449 1980 a
473 1938 548 1982 cum
572 1919 753 1985 intellectus
776 1917 943 2002 possibilis
968 1919 1010 1983 sit
1031 1918 1130 1983 stabi-

68 1996 151 2064 lioris
173 2011 321 2071 naturae,
344 2019 442 2082 quam
464 2019 586 2077 sensus,
610 2011 750 2087 oportet,
773 1999 861 2086 quod
884 2000 1010 2085 species
1033 2000 1066 2063 io
1089 2021 1128 2065 eo

67 2093 191 2167 recepta
222 2079 372 2145 stabilius
403 2083 605 2168 recipiatur;
633 2081 718 2148 uude
753 2082 854 2166 magis
878 2083 911 2145 in
933 2103 973 2146 eo
1016 2093 1127 2146 ossnnt

68 2165 185 2228 servani
210 2161 356 2248 species,
377 2183 477 2247 quam
510 2165 544 2226 in
571 2175 661 2249 parte
689 2163 868 2228 sensitiva⁸
893 2103 1130 2229 1211119113-

68 2254 131 2310 ctus
154 2245 188 2310 ri
210 2265 308 2342 supra
330 2265 363 2309 se
385 2263 525 2329 suasque
547 2248 690 2311 actiones
712 2243 899 2311 relleeteudi
922 2246 1045 2331 pollet;
1068 2246 1129 2311 hae

68 2336 171 2392 aulem
194 2339 337 2395 actiones
356 2327 391 2390 in
405 2325 513 2411 aliquo
535 2339 681 2413 tempore
703 2328 863 2403 existuut3
879 2347 958 2412 ergo
973 2329 1055 2392 sicut
1077 2348 1130 2391 co-

69 2429 218 2491 gnoscere
237 2417 341 2496 potest
362 2428 395 2472 se
417 2411 451 2472 in
476 2411 637 2491 praesenti
659 2408 782 2496 aliquid
806 2406 1000 2491 intelligere3
1019 2409 1063 2474 ita
1078 2429 1130 2473 cu-

69 2510 220 2572 gnoscere
245 2498 350 2577 potest
370 2510 405 2556 se
427 2503 520 2555 antea
543 2491 667 2575 aliquid
692 2490 888 2556 intellexisse
903 2493 927 2553 ⁴.

104 2573 174 2640 178.
199 2575 251 2637 Ex
272 2573 321 2637 his
358 2592 410 2636 ers
436 2571 546 2648 icitur,
563 2594 621 2637 cur
636 2574 797 2637 memoria
812 2573 965 2637 sensitiva
979 2571 1020 2637 sit
1056 2592 1132 2637 uae-

69 2651 136 2717 dam
161 2655 313 2740 specialis
336 2593 471 2718 llteullas
488 2656 511 2728 ⁵,
534 2665 651 2720 elnon
675 2655 752 2719 item
773 2655 932 2717 memoria
960 2591 1132 2720 intellecti-

69 2753 114 2800 ra.
137 2737 223 2802 Nam
245 2735 397 2821 specialis
419 2734 556 2800 facultas
578 2736 789 2801 constituitur
809 2754 852 2797 ex
873 2733 1021 2811 obiecto,
1043 2737 1132 2822 quud

65 2834 116 2896 per
139 2839 182 2896 se,
205 2827 237 2882 et
259 2840 321 2881 non
344 2839 386 2881 ex
408 2815 546 2893 obiecto,
569 2815 657 2902 quod
674 2836 734 2900 per
755 2815 896 2879 occidens
915 2815 955 2880 ad
972 2815 1060 2881 illam
1083 2839 1132 2883 re-

70 2895 183 2966 lertur.
207 2900 305 2983 Atqui
329 2899 555 2983 praeteritum,
579 2908 677 2985 prout
690 2907 737 2963 est
753 2898 977 2982 praeteritum,
1000 2919 1074 2964 cum
1091 2902 1134 2964 sit

70 2981 277 3062 particulare,
300 2992 333 3047 et
353 2978 617 3057 determinatum,
641 2978 784 3045 refertur
805 2997 863 3062 per
885 3000 914 3042 se
936 2977 975 3042 ad
999 2979 1134 3047 faculta-

70 3069 131 3126 tem
153 3061 339 3141 sentiendi,
362 3062 402 3127 ad
425 3061 613 3136 facultatem
646 3073 754 3128 autem
782 3060 1014 3146 intelligendi,
1037 3064 1133 3127 cuius

69 3139 231 3209 obiectum
251 3154 299 3208 est
314 3143 612 3220 indeterminatum,
627 3154 660 3207 et
674 3140 870 3219 universale,
884 3140 1027 3207 refertur
1040 3143 1134 3207 dum-

70 3233 156 3292 taxat
172 3244 231 3309 per
251 3226 401 3304 accidens,
425 3245 540 3311 nempe
564 3234 724 3309 quatenus
739 3225 811 3311 ipsa
826 3244 924 3309 supra
946 3244 1019 3332 sutas
1035 3227 1136 3291 actio-

446 3373 580 3383 ..ιι-...ω-
588 3372 774 3383 ...ωηο-ι.-

105 3445 113 3481 ¹
136 3447 167 3494 ln
186 3445 230 3496 tta.
253 3446 280 3495 11
297 3446 368 3495 seat.
388 3439 454 3491 Dist.
476 3440 533 3500 Vll,
555 3446 625 3504 part.
646 3439 674 3499 2,
695 3453 721 3488 a.
745 3441 770 3499 l,
790 3455 818 3504 q.
839 3442 854 3492 2
875 3445 953 3494 recol.

103 3511 475 3638 lllqnd'l‘xx'xdeal'dro'
529 3581 548 3608 v
584 3599 598 3634 n
632 3583 684 3633 20

103 3657 114 3694 ⁴
134 3589 205 3724 lla
221 3603 344 3721 llpllx,
365 3673 391 3709 a.
412 3600 657 3710 o'luq'a.'¹2²'ct
673 3620 699 3720 ρ’.
724 3655 784 3706 ies.
