2475 3909
454 306 723 425 Lttltn

397 680 775 747 PROLEGOMENA

91 858 118 919 l.
146 806 278 938 logica
308 850 437 915 deliniri
468 860 570 935 potest
597 872 673 916 cum
702 874 726 916 s.
753 845 902 916 Thomu:
925 873 942 911 u
966 845 1119 927 Scientia,

52 958 130 1021 quae
152 948 203 1001 est
223 935 380 998 directim
406 934 509 1016 ipsius
532 940 623 997 actus
646 934 793 1009 rationis,
808 952 978 1027 perquam
996 932 1122 999 scilicet

51 1021 143 1083 homo
168 1019 201 1082 in
225 1016 296 1099 ipso
318 1024 392 1079 actu
411 1014 550 1081 rationis
570 1013 738 1091 ordinate,
760 1024 793 1077 et
813 1013 972 1089 lacilrter,
998 1025 1030 1078 et
1051 1017 1121 1079 siue

48 1122 158 1165 errore
182 1095 335 1183 procedat
351 1097 360 1133 ¹
376 1118 403 1156 u.
428 1096 516 1159 Haec
542 1094 684 1160 definitio
705 1095 739 1158 in
762 1094 902 1179 logicam
927 1096 1119 1177 adquisitam

47 1183 195 1268 quadrat,
218 1198 301 1262 qnae
325 1175 426 1263 probe
448 1175 676 1261 distinguenda
698 1187 747 1242 est
768 1198 786 1240 a
808 1177 927 1261 logica,
947 1195 1045 1258 qnam
1065 1198 1121 1239 utr-

47 1265 178 1329 turnleru
200 1266 328 1322 vocant.
350 1258 409 1321 Est
430 1267 539 1321 antem
566 1257 674 1342 logica
702 1257 858 1323 naturalis
885 1256 1045 1340 quaedam
1070 1258 1120 1321 di-

46 1345 183 1432 spositio
204 1339 323 1435 animis
343 1338 464 1434 insita,
494 1358 554 1422 per
581 1360 681 1425 qnam
705 1337 918 1406 facultatibus
939 1337 980 1402 ad
1002 1358 1120 1425 coguo-

45 1426 200 1493 scendum
221 1421 389 1485 destinatis
411 1430 499 1485 recte
521 1422 657 1485 utimur.

81 1510 113 1571 2.
138 1506 235 1572 Circa
259 1501 341 1565 lianc
365 1500 518 1565 scientiae
546 1502 672 1586 logicae
700 1500 924 1567 definitionem
952 1499 1119 1585 explicare

47 1598 173 1673 oportet
193 1582 329 1678 quinam
356 1580 398 1645 sit
424 1579 479 1645 ille
506 1598 593 1648 octus
614 1583 771 1660 rationis,
793 1584 829 1647 in
849 1582 1009 1728 paucius
1029 1581 1119 1647 obie-

47 1682 132 1735 ctum
153 1672 314 1733 consistit.
338 1662 440 1725 Porro
462 1684 552 1727 mens
574 1673 683 1730 nostra
698 1684 756 1749 per
770 1675 837 1729 tres
872 1663 994 1729 iversas
1016 1664 1118 1729 actio·

48 1773 100 1817 nes
121 1750 163 1815 ad
187 1765 296 1813 rernm
318 1743 537 1837 cognitionem
559 1747 718 1831 pervenit.
742 1748 813 1810 Hac
834 1753 910 1810 sunt
929 1746 1027 1823 notio,
1050 1766 1117 1830 qua

48 1854 133 1898 mens
155 1850 206 1896 rcs
228 1823 421 1909 simpliciter
442 1825 667 1968 apprehendit;
690 1827 860 1903 iudicium,
883 1847 949 1910 qno
971 1846 1061 1891 mens
1083 1847 1117 1890 a·

48 1914 167 1999 liquam
190 1908 356 1973 notionem
379 1903 418 1969 de
441 1926 508 1969 ara
529 1906 679 1983 affirmat,
696 1908 746 1973 vel
764 1917 872 1991 negat3
895 1907 1115 1982 ratiocinium,

47 2016 108 2079 qno
129 2014 172 2059 ex
193 1986 320 2055 duobus
342 1985 475 2051 indiciis
497 1986 636 2052 alterum
659 1990 756 2066 eruit,
779 1997 876 2073 atque
898 1987 944 2050 ita
966 2009 1009 2052 ex
1029 1989 1118 2053 uotis
1229 2027 1230 2030 =

48 2076 84 2139 ad
107 2078 295 2161 ignotorum
324 2069 473 2134 notitiam
502 2067 722 2153 progreditur.
746 2067 942 2134 Huiusmodi
970 2070 1116 2135 actiones

49 2158 89 2221 ita
111 2158 197 2222 inter
218 2173 251 2218 se
265 2156 506 2235 comparantur,
529 2158 565 2215 ut
586 2151 679 2236 prior
701 2150 875 2237 posteriori
896 2151 1113 2227 contineatur,

48 2240 142 2322 eique
164 2232 330 2305 inserviam
354 2251 428 2294 nam
452 2229 610 2294 iudicium
633 2251 676 2294 ex
699 2231 908 2310 notionibus,
932 2243 965 2297 et
983 2234 1115 2297 ratioci-

49 2321 135 2384 nium
157 2338 200 2382 ex
222 2312 356 2380 indiciis
377 2309 545 2376 conllatur.

84 2402 113 2467 3.
137 2399 283 2463 lamvcro
304 2413 346 2457 ex
368 2392 416 2455 nis
438 2400 566 2459 nostrae
589 2394 707 2457 mentis
734 2394 920 2460 actionibus
947 2394 1043 2459 tertia
1064 2400 1113 2459 est

48 2480 212 2566 proprium
234 2475 398 2541 obiectum
421 2473 558 2559 logicae.
576 2472 624 2535 Re
640 2473 774 2557 quidem
792 2495 879 2553 vern,
895 2472 969 2547 finis
984 2475 1111 2560 logicae

47 2575 90 2627 est
112 2570 250 2625 mentem
272 2556 437 2639 dirigere,
460 2564 497 2619 ut
519 2554 589 2637 ipsu
612 2554 647 2617 in
669 2555 817 2621 scientiis
845 2566 1037 2641 assequatur
1059 2576 1113 2620 ve-

49 2664 115 2706 rnm
137 2643 207 2705 sine
228 2656 351 2713 errore,
375 2632 482 2711 facile,
506 2645 539 2701 et
560 2643 650 2700 certo
671 2636 797 2701 ordine.
819 2638 920 2723 Atqui
942 2657 1033 2701 mens
1055 2659 1111 2702 no-

48 2734 108 2787 stra
124 2724 157 2786 in
172 2719 319 2787 scientiis
333 2717 519 2801 assequitur
531 2734 646 2782 verum
660 2737 722 2802 ope
737 2718 1004 2785 ratiocinationis.
1022 2720 1111 2804 Ergo

48 2804 116 2869 finis
130 2803 253 2887 logicae
267 2807 317 2865 cst
331 2806 473 2861 mentem
488 2799 521 2861 in
537 2798 761 2863 ratiocinando
776 2798 931 2883 dirigere,
948 2820 984 2864 ac
999 2804 1111 2883 proin-

47 2885 83 2949 de
104 2882 309 2949 ratiocinatio
324 2886 373 2943 est
388 2879 559 2963 proprium
583 2875 750 2945 obiectum
772 2880 895 2965 logicae
914 2884 938 2945 ².
961 2882 1058 2959 Quod
1080 2882 1110 2946 si

48 2968 78 3030 in
97 2966 200 3050 logica
221 2964 322 3028 etiam
343 2958 382 3023 de
404 2958 608 3036 notionibus,
632 2969 665 3024 et
686 2959 819 3026 iudiciis
840 2969 1006 3039 tractatur,
1028 2964 1108 3029 haec

47 3045 82 3109 ad
101 3064 236 3111 examen
258 3050 462 3119 revocantur,
486 3061 549 3105 non
595 3051 671 3105 rout
692 3062 751 3126 per
772 3062 823 3120 sc,
847 3042 902 3107 sed
925 3054 1021 3128 prout
1042 3044 1108 3108 ele-

47 3138 144 3193 menta
165 3122 428 3192 ratiocinationis
449 3132 532 3186 sunt.
587 3122 689 3188 tenim
716 3123 941 3201 ratiocinatio,
963 3135 1001 3189 ut
1021 3124 1108 3189 dixi·

46 3229 121 3285 mus,
140 3229 182 3275 ex
205 3203 405 3280 notionibus,
420 3212 452 3269 et
466 3201 601 3268 indiciis
614 3212 750 3282 constat;
768 3214 967 3290 quapropter
982 3204 1107 3291 logicus

372 3364 699 3382 -ι-ι--ιῃ

76 3462 133 3517 llu
152 3464 198 3515 tto.
220 3464 235 3513 l
253 3464 366 3518 Foster..
388 3462 451 3511 lect.
474 3456 496 3510 l.

74 3536 85 3573 ²
102 3536 174 3589 liano
195 3534 228 3585 ob
250 3536 380 3584 rationem
400 3532 484 3596 logica
504 3546 519 3582 a
538 3534 674 3583 nonnullis
693 3534 817 3585 detlnltur
835 3537 942 3584 suendo
963 3539 1107 3588 ratiocina-

47 3614 121 3671 tantu
141 3614 168 3660 et
187 3606 292 3671 abipso
307 3602 339 3655 l).
354 3600 465 3664 Thomu,
480 3604 619 3658 rationulis
632 3609 749 3670 scientim
764 3609 793 3658 ln
808 3604 852 3657 tet.
869 3607 987 3669 tanat,
1002 3608 1066 3659 lect.
1081 3606 1104 3675 l,

1134 3819 1231 3875 A
