2475 3909
172 153 238 247 180‘
567 190 767 238 cosuonours

356 317 423 369 dar.
445 315 478 366 ΙΙ.
493 343 525 351 -
539 311 711 381 Optimtsnrus
732 315 821 364 mundi
842 314 973 363 refellitur

173 430 244 498 192.
268 426 456 492 Doctriuam
483 420 523 486 dc
545 419 666 488 mundo
694 421 840 506 optimo,
864 437 1070 502 quocumque
1100 416 1200 481 modo

132 511 325 597 accipiatur,
342 506 471 574 admitti
493 525 556 569 non
572 524 665 590 posse
687 501 897 588 sequentibus
918 499 1201 586 propositionibus

133 594 314 662 evincitur:

176 672 337 760 Prop.1¹.
356 669 562 756 Optimismus
585 667 851 732 Leibuitiouorum
872 676 900 728 et
910 685 968 750 per
990 685 1020 728 se
1043 663 1200 728 absurdus

135 770 193 833 eat,
215 768 242 818 et
263 758 303 821 od
322 754 465 819 exitiales
487 770 605 814 errores
629 750 724 814 ducit.

178 837 337 905 Probatur
359 838 464 921 prima
517 852 579 896 ars.
605 832 721 908 Finis,
744 829 786 896 ob
808 851 904 915 quern
928 826 1015 894 Deus
1040 828 1201 894 mundum

133 923 269 998 creavit,
292 931 327 986 ut
348 920 382 982 in
407 919 434 982 T
436 853 576 979 deodiceo
595 912 791 991 ridebimus,
813 924 862 978 est
884 910 1106 976 manifestatio
1129 931 1201 996 per-

134 1006 311 1072 fectionum
334 1000 406 1074 Βοὴ
427 1017 492 1082 qua
513 994 553 1060 de
575 1017 610 1061 re
635 995 774 1061 mundus
800 994 940 1080 optimus
965 993 1018 1058 itte
1040 991 1200 1059 dicendus

134 1088 232 1162 foret,
255 1085 312 1173 qui
334 1081 544 1168 perfectiones
566 1078 626 1144 Dei
649 1077 700 1154 ita
717 1078 917 1150 manifestet,
933 1087 968 1142 ut
982 1076 1064 1141 nibil
1087 1095 1198 1161 supra.

135 1170 235 1256 Atqui
257 1165 408 1240 mundus,
428 1161 567 1247 quilibet
589 1163 658 1246 ipse
680 1162 733 1238 sit,
756 1171 869 1258 utpote
890 1157 1001 1223 finitus
1022 1159 1202 1244 perfectio·

135 1275 193 1319 nes
213 1250 274 1314 Dei
295 1249 409 1333 nequit
429 1247 474 1309 itu
496 1242 713 1318 manifestare,
738 1256 773 1310 ut
795 1263 884 1328 ipsae
906 1243 1020 1327 magis,
1044 1241 1202 1327 amplius-

159 1360 199 1404 ue
222 1331 422 1396 manifestari
444 1347 506 1391 non
529 1329 662 1410 possint.
686 1327 772 1410 Ergo
793 1324 878 1389 hunc
900 1321 1070 1398 muudum,
1092 1325 1145 1388 rei
1170 1345 1202 1388 a·

135 1420 216 1485 lrurn
236 1412 415 1536 quemlibet
433 1406 618 1498 possibilem
640 1429 709 1472 esse
732 1407 877 1472 omnium
900 1407 1062 1490 optimum
1084 1405 1201 1472 absur-

136 1504 429 1650 dulppspiobamr
451 1573 550 1639 altera
572 1592 658 1659 pars.
682 1571 835 1638 Doctrina
858 1568 898 1634 de
922 1568 1042 1634 mundo
1073 1573 1204 1668 optimo

137 1667 316 1752 potentiam
341 1659 426 1729 Dei,
448 1676 530 1740 quae
552 1675 680 1718 omnem
709 1651 845 1718 iimitem
867 1653 1012 1739 respuit,
1036 1651 1201 1717 limitibus

138 1749 246 1833 cogit3
269 1756 363 1842 atque
386 1740 513 1812 Deum,
534 1735 591 1821 qui
614 1736 649 1801 in
673 1735 884 1821 productione
918 1755 1023 1798 rerum
1049 1745 1146 1799 extra
1169 1757 1201 1799 se

139 1831 280 1896 maxima
294 1826 443 1892 libertate
459 1817 589 1906 gaudet,
605 1817 787 1884 necessitati
808 1817 987 1884 obnoxium
1003 1815 1094 1881 tacit.
1111 1817 1203 1902 Ergo

139 1914 180 1979 ad
201 1911 348 1979 exitiales
369 1923 495 1971 errores
516 1900 615 1967 ducit.

182 1997 253 2063 19d.
276 1988 457 2058 Antecedeos
481 1986 525 2049 ita
546 1980 794 2048 demonstratur.
818 1983 859 2047 Et
880 2000 977 2044 sane:
1001 1978 1034 2043 1⁰
1056 1980 1092 2046 Si
1115 1977 1204 2044 Deus

139 2078 296 2144 mundum
317 2071 461 2138 omnium
485 2063 690 2152 possibtttum
706 2065 865 2150 optimum
888 2062 1021 2140 crearit,
1045 2063 1129 2126 Eius
1172 2083 1202 2125 o

139 2162 241 2227 tentia
263 2158 327 2222 iam
349 2155 503 2218 exhausta
523 2157 582 2223 est;
597 2151 688 2232 quia,
705 2167 779 2210 cum
804 2143 923 2210 mundo
945 2144 1070 2228 optimo
1094 2083 1203 2210 nudus

140 2244 224 2309 nlius
245 2235 459 2326 praestantior
484 2230 556 2295 dari
576 2238 696 2313 quent,
720 2228 806 2292 Deus
828 2229 892 2293 iam
915 2225 1021 2291 effecit
1041 2225 1202 2314 quidquid

140 2327 264 2392 efficere
287 2329 402 2407 potest.
425 2313 523 2461 Attplui
546 2311 707 2398 potentia,
729 2311 822 2374 cuius
846 2307 1009 2376 obiectum
1031 2307 1201 2375 exhauriri

142 2415 259 2494 potest,
276 2408 342 2471 imo
358 2409 422 2466 iam
438 2420 477 2464 ex
501 2404 627 2459 austum
642 2400 701 2470 est,
718 2412 780 2455 non
796 2402 844 2456 est
857 2387 994 2457 infinita.
1010 2390 1100 2475 Ergo
1113 2391 1203 2457 theo-

141 2493 208 2568 ria,
231 2508 315 2575 quae
337 2479 492 2548 mundum
514 2476 657 2542 omnium
679 2471 885 2561 possibilium
912 2472 1072 2618 optimum
1094 2493 1112 2536 a
1138 2473 1203 2540 Deo

142 2583 286 2638 creatum
308 2587 377 2634 esse
399 2563 524 2638 statuit,
546 2556 707 2623 infinitum
729 2556 904 2641 potentiam
956 2551 987 2617 ei
1010 2553 1097 2620 tollit
1115 2556 1142 2619 ².

182 2651 217 2718 2⁰
239 2655 273 2722 Si
300 2651 388 2715 Deus
415 2643 571 2709 mundum
603 2656 715 2703 creare
743 2636 874 2714 volens,
901 2634 1015 2702 debuit
1040 2636 1204 2734 optimum

143 2738 290 2802 omniurn
312 2726 518 2818 possibilium
538 2741 659 2798 creare,
679 2742 743 2785 non
766 2721 870 2804 potuit
889 2741 930 2784 ex
954 2715 1092 2784 infinitis
1113 2739 1207 2784 mun·

143 2818 194 2883 dis
216 2811 451 2906 possibilibus⁸
472 2807 579 2896 potius
600 2824 725 2879 unum,
747 2823 845 2888 quam
872 2801 975 2866 alium
1002 2797 1041 2864 ad
1064 2801 1207 2867 existen·

179 3029 189 3066 ¹
209 3024 247 3082 Ct'
261 3043 284 3078 s.
303 3023 410 3082 Titum„
430 3025 478 3087 ος.
498 3023 593 3085 dispp..
614 3017 653 3066 Dr
672 3016 742 3071 1³01..
762 3025 790 3076 q.
812 3008 833 3068 Ι,
852 3022 880 3061 a.
900 3010 916 3061 5
935 3025 960 3061 o.

178 3102 283 3155 ²noeo
301 3113 394 3149 rerum
411 3101 452 3146 est
469 3095 622 3157 optimirmo
645 3086 737 3140 mundi
761 3084 981 3146 omnipotentiam
1000 3079 1047 3133 Dei
1067 3081 1160 3140 iaedi,
1181 3087 1208 3133 nt

143 3174 318 3230 Abreinrdus,
338 3177 365 3221 et
383 3167 525 3224 Wicieiur,
544 3178 608 3215 cum
626 3161 764 3212 docuerint
783 3155 865 3206 Deum
880 3168 931 3206 non
945 3168 1020 3220 posse
1039 3153 1092 3204 atta
1107 3150 1207 3210 innare,

144 3261 225 3310 qnam
244 3259 312 3311 qnae
331 3244 405 3301 tecit,
425 3241 450 3290 id
468 3239 538 3305 quod
557 3232 764 3298 omnipotentiae
782 3227 828 3280 lter
848 3226 967 3292 protecto
978 3227 1150 3284 adversatur,
1164 3243 1209 3278 au·

145 3323 285 3369 inmarnnt
303 3328 425 3381 quoqne,
438 3314 476 3366 uti
496 3312 575 3374 panto
592 3311 654 3357 ante
668 3303 861 3358 adnotavimus.
877 3299 951 3351 iilum
969 3299 1101 3350 mnndum
1122 3313 1138 3349 ι
1158 3296 1208 3350 Deo

146 3397 267 3440 creatum
286 3404 354 3450 esso,
373 3389 419 3451 qui
438 3394 478 3436 est
496 3384 613 3432 omnium
635 3377 794 3441 possibilium
813 3374 940 3436 optimus.

182 3461 194 3496 ⁸
212 3460 298 3512 Series
315 3462 474 3510 mundorum
495 3453 667 3517 possibilium.
683 3461 734 3497 non
753 3447 879 3497 diffitente
890 3446 984 3496 eodem
997 3440 1130 3494 Leibnitio
1144 3443 1208 3512 (dst-

147 3539 200 3580 trra
217 3530 236 3581 d
254 3536 374 3597 Borpuat,
394 3528 477 3580 Lettr.
499 3526 532 3595 t),
552 3531 592 3575 est
610 3523 721 3573 infinita.
743 3517 776 3569 Et
795 3531 858 3569 sane
878 3518 988 3575 mundi,
1006 3517 1053 3581 qui
1071 3529 1131 3566 essa
1152 3529 1209 3578 pos-

146 3607 228 3659 sunt,
248 3607 384 3659 totunm,
404 3607 470 3664 quot
487 3604 549 3650 sunt
567 3596 659 3654 modi,
678 3592 773 3658 quibus
792 3588 861 3642 ocus
879 3605 933 3642 aare
950 3603 1028 3639 suum
1047 3601 1112 3638 cnm
1133 3590 1209 3639 rebus

149 3676 222 3723 extra
240 3687 269 3724 so
287 3677 485 3725 commonicare
504 3675 598 3734 potest.
620 3667 698 3732 Atqui
718 3667 797 3715 series
821 3665 916 3716 horum
936 3661 1074 3713 modorum
1093 3667 1136 3711 est
1157 3661 1209 3712 inu
