2475 3909
501 156 585 206 anns
605 155 729 204 rsnrtt
1065 143 1107 209 87

71 259 160 325 qnae
183 236 339 306 dicuntur
362 237 461 320 salso,
485 240 529 306 ita
553 238 733 324 appellari,
761 257 825 301 non
852 238 929 322 quia
958 238 1047 304 nulla
1073 259 1147 324 pars

71 323 224 388 veritatis
238 323 273 386 iu
288 323 336 387 cis
351 324 404 396 sit,
419 319 474 386 scd
488 321 568 417 quia
585 321 756 388 veritatem
769 318 965 406 incompleta
979 321 1145 395 exhibent3

68 401 106 468 3⁰
129 423 195 467 non
216 402 307 469 alind
331 402 549 488 philosophtae
564 411 703 489 systema
717 422 832 467 verum
846 421 928 480 csse,
943 422 1042 487 quam
1056 402 1144 500 qnod

70 484 185 547 omnia
207 482 367 550 elementa
388 483 581 568 cognitionis
603 485 763 549 humanae
785 482 923 568 colligit,
939 496 973 550 et
988 485 1144 568 explicatu

70 561 106 628 4⁰
129 563 258 629 nullum
280 566 546 651 philosophorum
566 585 668 650 usquc
691 563 731 628 ad
753 564 836 630 hanc
851 575 990 632 aetatem
1005 565 1147 650 comple-

72 665 153 709 xum
177 667 247 710 esse
268 647 428 732 integram
454 647 649 723 veritatem,
678 645 734 711 sed
762 647 908 732 singulas
935 647 1009 712 elus
1038 657 1147 733 partes

72 724 171 790 modo
193 726 317 803 abhis,
342 728 439 794 modo
460 727 500 792 ab
523 727 589 792 illis
611 729 775 812 expositas
796 726 910 792 fuisse.
927 730 979 795 lix
999 729 1050 793 his
1072 749 1147 793 con·

73 807 153 873 lecit
174 807 361 874 methodum
384 806 632 894 philosophandi
653 810 750 874 aetati
765 820 893 875 nostrae
911 811 1007 876 unice
1020 831 1147 876 accom-

73 888 237 954 modatam
260 890 350 955 illam
371 897 463 968 esse,
492 911 576 976 qnae
604 898 764 974 quotquot
786 911 806 954 a
828 891 1029 978 philosophis
1057 891 1145 957 dicta

71 979 162 1046 sunt,
186 969 323 1056 colligit,
345 991 447 1056 eaque
472 973 557 1038 inter
577 991 611 1035 se
633 971 827 1038 connectit¹.

112 1051 165 1116 32.
190 1051 289 1136 Prcp.
312 1051 477 1117 Methodns
499 1052 642 1119 eclectice
661 1053 741 1136 salsa
763 1054 800 1117 in
821 1073 852 1117 se
873 1064 929 1130 est,
945 1053 1061 1134 ct'fclso
1074 1056 1146 1137 [utt-

71 1132 214 1196 dumerttc
236 1133 400 1198 innititur.

113 1215 278 1279 Probatur
300 1215 406 1299 prima
428 1235 513 1299 pars.
531 1215 572 1280 [lt
592 1213 770 1279 secundum
791 1213 973 1291 eclecticos,
996 1213 1145 1282 diversae

74 1297 225 1362 veritatis
245 1306 365 1380 partes,
387 1316 468 1380 quas
490 1295 677 1381 Philosophi
699 1317 845 1361 scorsum
867 1295 1059 1371 docuerunt,
1081 1300 1147 1363 col-

74 1375 132 1460 ligi
162 1381 311 1474 possint,
334 1378 444 1462 aliqua
467 1398 605 1455 norma,
629 1396 688 1441 seu
712 1376 882 1443 methodus
906 1380 1143 1463 expostulatur.

74 1465 173 1542 Atqtn
197 1461 265 1526 sive
285 1458 470 1524 ecletismus
489 1460 572 1524 hanc
592 1477 741 1522 normam
764 1466 926 1535 sectetur,
948 1460 1017 1524 sive
1041 1462 1146 1546 ipsam

74 1552 218 1624 respuat,
243 1551 408 1625 tamquam
430 1541 483 1604 via
506 1538 546 1605 ad
568 1539 739 1605 scientiam
761 1541 920 1636 assignari
943 1561 1005 1604 ncn
1028 1551 1143 1626 potest.

74 1621 174 1706 Ergo.
198 1622 309 1687 Minor
341 1623 387 1687 ita
420 1621 670 1686 demonstratur.
693 1623 727 1688 si
748 1622 936 1688 eclettsmus
990 1625 1145 1687 uamdam

73 1723 246 1780 normam,
271 1723 329 1768 seu
352 1701 539 1767 methodum
566 1709 729 1778 sectetur,
760 1703 826 1769 iam
854 1723 918 1768 nou
946 1642 1142 1779 eiletismus,

71 1783 129 1848 sed
150 1785 244 1860 haec,
267 1803 350 1868 quae
372 1784 402 1846 ci
420 1781 598 1868 praecedit,
614 1802 728 1846 norma
748 1792 798 1848 est
818 1785 874 1849 via
896 1783 936 1847 ad
957 1805 1071 1848 verum
1096 1787 1144 1849 in-

70 1862 281 1930 veniendum.
304 1865 360 1931 Sin
382 1884 511 1928 omnem
533 1883 680 1928 normam
702 1875 849 1950 respuat,
871 1874 977 1949 partes
997 1867 1144 1933 veritatis

68 1967 113 2010 ex
143 1944 297 2010 omnihus
331 1945 595 2029 philosophorum
611 1947 809 2044 'spstematis
837 1945 967 2011 fortuna
1002 1946 1143 2031 quadam
1218 1951 1221 1956 ’

67 2037 315 2104 construuntur,
330 2046 366 2090 ac
389 2026 526 2110 proinde
541 2029 690 2104 scientia,
713 2047 798 2112 quae
812 2046 855 2092 cx
876 2026 944 2091 illis
957 2027 1140 2106 conficitur,

68 2119 158 2175 certa
182 2127 337 2174 essenon
360 2117 474 2191 potest.

109 2191 163 2257 ³3.
189 2189 348 2256 Probatur
361 2185 461 2254 altera
476 2209 561 2275 pars.
577 2189 692 2275 Neque
707 2210 803 2255 error
815 2198 864 2254 est
876 2189 997 2255 veritas
1019 2191 1143 2255 incom-

91 2273 169 2348 leta,
193 2292 298 2357 neque
320 2269 430 2365 aliqua
451 2271 600 2337 veritatis
623 2291 698 2356 pars
718 2271 753 2334 in
768 2269 859 2335 falsis
872 2273 1052 2357 systematis
1068 2273 1142 2337 Phi-

68 2293 278 2439 issophosum
300 2360 497 2416 continetur.
520 2353 609 2436 Ergo
623 2351 810 2418 ecletismus
828 2350 911 2416 salso
932 2351 1144 2420 fundamento

71 2435 236 2502 innititur.
261 2432 446 2497 Antecedens
468 2435 513 2498 ita
535 2431 783 2498 demonstratur.

111 2516 145 2583 1⁰
164 2517 251 2580 ‘lum
273 2533 363 2579 mens
386 2513 419 2576 in
440 2533 553 2579 errore
575 2515 697 2579 versari
714 2511 854 2590 dicitur,
869 2534 944 2581 cum
964 2516 1080 2580 asserit
1096 2515 1141 2592 id,

70 2596 157 2682 qnod
181 2617 246 2662 non
267 2603 327 2670 cst,
351 2593 402 2658 vcl
424 2605 520 2680 negat
541 2593 586 2672 id,
608 2593 696 2680 quod
717 2605 777 2661 est.
793 2595 877 2660 Tum
891 2605 1000 2661 antem
1021 2595 1144 2662 dicitnr

71 2680 172 2762 potiri
196 2675 389 2770 incompleta
411 2676 594 2760 cognitione
615 2677 765 2742 veritatis
781 2723 790 2752 ‚
805 2696 899 2752 cum,
921 2677 983 2742 etsi
1004 2699 1068 2743 non
1091 2699 1144 2744 co-

72 2766 202 2845 gnoscat
222 2775 357 2831 omnia,
384 2775 468 2852 quse
489 2757 539 2821 rei
562 2757 698 2834 insunt,
728 2764 836 2822 tamen
858 2759 976 2824 asserit
1000 2759 1141 2846 aliquid,

73 2841 158 2927 quod
181 2859 216 2904 re
239 2838 309 2921 ipsa
332 2837 370 2900 ad
395 2837 483 2901 illam
506 2839 659 2922 pertinet.
684 2840 722 2902 Ε.
747 2857 799 2984 p,
821 2838 848 2902 si
870 2841 945 2924 quis
972 2849 1066 2937 putet
1086 2842 1143 2906 ho·

73 2925 194 2987 minem
217 2937 287 2983 csse
319 2917 532 2983 substantiam
561 2940 650 2984 mere
673 2919 750 2984 intel
766 2919 951 2999 ectualem,
974 2945 1007 2986 tn
1028 2943 1141 2988 erroro

72 3012 244 3075 versatur,
267 2998 346 3082 quia
368 2999 463 3064 homo
485 3019 527 3063 ex
549 3001 685 3075 anima,
711 3009 745 3066 et
764 3001 901 3085 corpore
921 3007 1140 3090 componitur;

72 3085 118 3149 siu
139 3089 316 3167 cognoscat
336 3078 500 3145 hominem
522 3101 591 3144 esse
615 3081 762 3156 animal,
786 3089 818 3146 et
840 3084 969 3170 ignoret
1000 3107 1069 3149 esse
1092 3106 1143 3150 ra-

72 3165 203 3237 tionale,
227 3169 314 3225 certe
337 3158 481 3242 perlecta
502 3162 635 3225 notione
656 3161 798 3228 hominis
819 3163 905 3229 haud
929 3166 1068 3252 potitur,
1083 3167 1140 3233 sed

71 3246 101 3310 in
117 3264 233 3311 errore
249 3261 311 3304 non
325 3252 487 3318 versatur,
503 3243 581 3326 quia
599 3263 634 3307 re
650 3244 720 3328 ipsa
735 3244 832 3309 homo
845 3254 894 3311 est
908 3247 1039 3312 animal.
1054 3248 1143 3334 Ergo

72 3347 162 3391 error
176 3343 255 3390 cum
268 3321 462 3405 incompleta
475 3323 661 3408 cognitione
676 3325 726 3388 rei
740 3325 989 3393 confundendus
1003 3350 1065 3396 non
1081 3342 1140 3396 cst.

72 3407 185 3493 Neque
201 3401 323 3470 veritas
338 3403 618 3490 incompleta,sive
630 3406 825 3492 incompleta
839 3411 984 3495 cognitio
995 3412 1142 3481 veritatis

102 3604 113 3643 ¹
132 3602 290 3670 Fragment,
309 3593 378 3652 titt.
