2475 3909
458 249 539 297 rans
560 252 664 300 ranna
1012 233 1049 300 19

31 354 66 399 ea
89 350 193 399 unum
214 339 434 399 extremorum
455 332 622 402 dumtaxat
643 334 790 401 ordinem
811 332 852 398 ad
872 333 962 399 aliud
982 338 1091 423 reipsa
1212 403 1213 422 ξ

32 416 138 483 habet.
162 414 198 479 ld
222 434 322 501 genus
337 427 386 481 est
398 414 511 481 relatio
526 419 712 493 creationis,
728 438 810 502 quae
826 417 995 483 intercedit
1009 419 1093 484 inter

31 498 148 573 Deum,
170 506 204 563 et
224 517 276 561 res
296 494 336 560 ab
358 498 406 561 Eo
427 508 560 577 creatae
581 522 655 565 nam
670 499 784 565 relatio
798 500 972 565 creationis
992 501 1026 564 in
1041 523 1092 565 re·

34 580 93 645 bus
115 580 235 644 creatis
256 578 390 644 realiter
409 579 584 660 invenitur,
607 585 686 669 quia
706 583 807 668 ipsae,
829 581 986 668 quidquid
1005 594 1090 660 sunt,

34 662 143 727 aDco
168 670 353 746 peractum
375 662 547 728 creationis
567 666 746 751 accipiunt;
768 666 802 727 in
824 664 892 729 Deo
913 676 1022 731 autem
1045 666 1093 729 in·

37 746 166 810 venitur
195 752 318 808 tantum
343 744 507 808 secundum
534 749 707 823 rationem,
734 745 813 831 quia
838 745 926 811 Deus
952 746 1092 812 erebus

35 828 152 892 creatis
174 823 265 889 nullo
285 823 381 889 modo
403 823 579 911 perficitur.

71 908 121 975 39,
145 906 303 982 Termini,
325 926 382 971 seu
404 916 548 975 extrema
568 910 737 976 relationis
757 917 889 974 mutuae
909 911 1092 975 suntsimul

36 1002 158 1065 notoro3
172 986 331 1075 siquidem
347 1010 409 1054 non
448 998 529 1056 otest
543 1014 655 1058 eornm
669 1011 753 1056 unus
769 992 857 1076 poni,
871 992 952 1076 quin
965 1001 998 1056 et
1011 992 1093 1058 alter

37 1080 186 1157 ponatur,
211 1089 269 1135 nec
290 1090 373 1135 unns
395 1008 485 1149 miii,
513 1076 593 1159 quin
614 1085 647 1140 et
667 1074 748 1138 alter
768 1072 909 1137 tollatur.
934 1074 971 1139 E.
1019 1122 1041 1148 .,
1065 1078 1093 1139 si

36 1154 153 1251 estqui
168 1153 292 1248 dicitnr
306 1162 407 1251 peter,
423 1163 549 1299 oportet
563 1158 662 1222 etiam
683 1176 765 1230 esse,
779 1155 835 1240 qui
851 1153 979 1220 dicatur
993 1094 1091 1231 ilius

36 1250 63 1301 et
84 1258 113 1301 sr
136 1247 198 1311 est,
220 1256 278 1319 qur
298 1237 420 1302 dicitur

36 1339 112 1395 essm
137 1318 337 1417 pariterque,
362 1320 389 1383 si
412 1328 502 1403 pater
516 1340 579 1383 non
593 1330 652 1397 est,
669 1339 732 1385 non
747 1319 811 1382 crit
823 1318 919 1393 lilius,
934 1330 967 1384 et
989 1340 1094 1385 sinon

37 1415 81 1468 est
102 1400 205 1475 filins,
228 1420 285 1464 nec
305 1400 367 1465 erit
389 1410 490 1485 pater.
514 1403 582 1466 Hoc
604 1409 713 1466 autem
733 1399 976 1485 intelligendum
991 1412 1039 1469 est
1053 1403 1092 1465 de

38 1506 94 1549 εεεε
117 1484 266 1568 ipsarum
287 1482 491 1559 relationum,
514 1504 595 1570 quae
616 1484 651 1549 in
672 1483 826 1547 subiectis
839 1493 924 1555 sunt,
941 1504 1002 1547 non
1016 1504 1094 1549 rero

38 1568 73 1631 de
94 1586 160 1631 csse
182 1564 414 1642 lubiectorum,
437 1565 471 1628 in
493 1565 611 1651 quihus
632 1573 707 1630 sunt
720 1564 902 1628 relationes.
918 1566 957 1629 E.
975 1585 1020 1651 3.,
1035 1586 1094 1629 esse

41 1650 151 1734 patris,
175 1657 288 1713 ecesse
310 1644 393 1723 lilii,
415 1659 512 1733 prout
533 1648 676 1716 homines
698 1655 793 1722 sunt,
817 1666 879 1709 non
903 1657 978 1711 sunt
998 1647 1095 1712 simul

42 1744 165 1799 natura.

75 1817 128 1880 tu,
151 1812 280 1876 Rursus
306 1810 437 1876 termini
464 1810 631 1877 relationis
657 1820 810 1886 mutuae,
839 1810 867 1874 si
895 1818 1091 1895 spectentur,

42 1906 137 1981 prout
157 1902 234 1959 sunt
253 1892 359 1969 relati,
382 1902 456 1958 sunt
477 1894 572 1957 simul
585 1894 765 1975 coquitioae,
780 1891 901 1977 quippe
916 1892 1004 1977 quod
1019 1913 1095 1956 con-

40 1990 150 2065 ceptus
170 1976 268 2041 unius
288 1983 478 2060 conceptum
501 1975 646 2050 alterius,
668 1986 701 2040 et
720 1974 878 2049 vicissim,
900 1976 1093 2061 expostulat.

43 2062 77 2124 E.
126 2109 147 2137 .,
172 2067 262 2143 pater
285 2056 388 2123 intelli
411 2056 424 2121 i
445 2077 508 2121 non
529 2066 642 2144 potest,
665 2068 821 2142 quatenus
843 2064 890 2121 est
912 2068 1015 2141 pater,
1032 2058 1097 2124 nisi

44 2154 72 2206 et
91 2082 179 2207 liiius
201 2140 299 2205 simul
319 2076 529 2223 inteliigatur.
553 2138 646 2215 Quod
667 2142 695 2204 si
717 2147 900 2224 spectentur
913 2158 977 2204 non
999 2152 1097 2226 prout

45 2236 114 2291 snnt
134 2220 296 2310 quaedam
309 2242 361 2287 res
375 2220 506 2299 relatae,
522 2220 578 2287 sed
594 2233 691 2306 prout
703 2220 897 2306 simpliciter
910 2233 985 2290 sunt
998 2244 1096 2308 quae-

44 2306 113 2371 dam
136 2328 202 2383 res,
228 2304 368 2389 cognitio
382 2305 479 2368 unius
500 2322 565 2368 non
586 2304 768 2389 expostulat
788 2303 1004 2387 cognitionem
1019 2307 1096 2371 alte-

44 2392 119 2455 rins.
144 2390 185 2453 E.
212 2408 257 2471 3.,
287 2387 314 2450 si
342 2385 467 2461 Petrus,
491 2395 582 2470 pater
602 2386 708 2461 Pauli,
735 2394 895 2470 spectetur
915 2404 979 2450 non
1000 2399 1098 2471 prout

47 2484 134 2567 pater
154 2480 217 2547 est,
232 2464 288 2533 sed
309 2476 406 2553 prout
418 2468 514 2532 homo
530 2478 588 2546 est,
612 2477 715 2553 potest
733 2467 885 2551 intelligi,
900 2468 980 2553 quin
1002 2471 1099 2537 simul

48 2554 147 2621 intelli
170 2561 247 2617 atur
266 2549 397 2614 Paulus.

81 2638 133 2701 ll.
150 2572 194 2697 in
213 2632 368 2697 relatione
390 2640 498 2697 autem
520 2652 581 2695 noo
603 2642 714 2696 mutuo
733 2630 866 2695 termini
879 2651 943 2697 nnn
965 2643 1039 2700 sunt
1053 2638 1098 2699 si-

49 2718 110 2783 mol
130 2724 261 2791 notura,
282 2734 357 2777 nam
378 2711 459 2777 illud
481 2724 688 2789 extremum,
711 2713 746 2777 in
769 2732 832 2796 qno
851 2710 1097 2783 fundamentum

48 2810 91 2863 est
110 2798 222 2874 reale,
244 2794 355 2861 haberi
383 2797 496 2881 nequit
517 2799 586 2863 sine
609 2795 688 2871 illo,
711 2795 744 2859 in
766 2813 831 2877 quo
853 2792 1098 2866 fundamentum

51 2882 177 2963 ponitur
198 2878 238 2942 ab
261 2875 437 2955 intellectu,
461 2876 516 2942 sed
539 2898 601 2943 non
623 2878 779 2941 vicissim.
803 2877 841 2941 E.
865 2897 909 2962 3.,
932 2879 1101 2951 existentia

50 2982 155 3028 rerum
175 2961 428 3045 contingentium
450 2959 561 3025 haberi
588 2960 699 3044 nequit
721 2958 789 3023 sine
815 2960 985 3027 existentia
1006 2964 1101 3032 Entis

20 3086 22 3097 »
52 3044 243 3120 necessarii,
270 3062 384 3127 nempe
406 3040 490 3120 Dei,
518 3040 574 3107 sed
596 3061 660 3105 non
681 3042 837 3105 vicissim.
861 3042 941 3107 ltem
967 3051 1100 3114 termini

54 3124 142 3191 luins
154 3125 321 3193 relationis
331 3145 391 3187 noo
402 3134 526 3188 mutuae
537 3144 601 3189 non
613 3122 793 3189 suntsimol
803 3125 983 3206 coquita'ooe.
999 3130 1036 3192 Ε.
1052 3152 1097 3214 g„

55 3219 219 3305 conceptus
240 3228 360 3285 rerum,
383 3205 518 3293 quaein
540 3205 660 3271 mundo
682 3216 772 3283 sunt,
795 3217 936 3272 mentem
957 3222 1100 3276 nostram

56 3292 171 3357 extollit
193 3289 234 3354 ad
255 3298 444 3374 conceptum
465 3284 551 3363 Dei3
573 3287 627 3352 secl
650 3298 822 3374 conceptus
844 3288 904 3354 Dei
928 3312 986 3356 nos
1016 3292 1101 3361 haud

58 3374 196 3520 pqrdncit
219 3371 256 3435 ad
279 3381 469 3455 conceptum
491 3390 612 3447 rerum,
628 3373 760 3456 quaein
782 3371 901 3438 mundo
915 3384 999 3453 sunt,
1022 3380 1100 3461 quia

97 3478 133 3521 ns
155 3454 226 3518 sine
247 3454 343 3518 rebus
364 3455 503 3531 existere,
522 3461 636 3539 potest.
659 3458 701 3517 at
722 3474 824 3530 vero,
846 3454 873 3519 si
897 3459 1029 3521 termini
1051 3482 1102 3524 re·-

60 3536 175 3603 lationis
196 3556 259 3600 non
282 3549 425 3613 mutuae,
448 3546 544 3619 prout
564 3536 656 3602 relati
680 3548 764 3615 sunt,
779 3548 974 3621 spectentur,
1002 3540 1101 3605 simul

61 3634 160 3684 toturn
179 3632 214 3685 ct
235 3620 404 3701 coquitione
418 3638 487 3682 esse
508 3616 639 3684 dicendi
660 3630 746 3696 sunt;
763 3639 835 3682 nam
859 3619 920 3702 ipsi
936 3631 1100 3705 tamquam

60 3704 139 3769 relati
161 3700 302 3788 spectari
327 3721 390 3766 non
414 3712 553 3786 possunt,
578 3704 641 3770 nisi
662 3701 833 3791 quemdam
853 3699 998 3820 qrdinem
1018 3703 1103 3764 inter

469 1237 552 1312 lius,
578 1258 707 1303 necesse
733 1246 780 1301 est
801 1248 925 1319 patrem
952 1238 1093 1337 aliquem
