2475 3909
137 135 202 205 sot
549 146 728 199 rossanum

140 242 190 307 30.
215 239 323 304 liuius
348 235 530 325 systematis
555 246 704 302 auctores
728 230 1010 313 Malebrancbius,
1031 244 1065 299 et
1084 231 1163 300 Giu-

99 316 226 388 bertius
239 319 411 386 babentnr.
428 318 611 386 Secundum
627 316 917 393 illalebrancbium,
933 336 1022 382 mens
1040 326 1161 390 nostra,

99 424 174 468 cnm
201 402 345 469 intimior
366 401 445 478 Deo,
491 422 566 465 unm
586 400 785 486 sibimetipsi
800 402 853 475 sit,
873 399 992 476 Deum,
1015 409 1047 465 et
1090 396 1164 464 uid-

101 484 183 581 quid
204 487 239 550 in
260 483 329 549 Ileo
350 494 421 561 est,
443 422 552 559 viqdet3
579 494 614 549 et
633 483 790 567 quoniam
809 484 844 547 in
866 480 935 549 Deo
960 494 1036 550 sunt
1057 418 1160 578 ideae,

101 588 169 634 sive
189 564 390 651 exemplaria
411 567 559 631 omnium
579 586 703 643 rerum,
726 567 884 649 sequitur,
907 574 942 631 ut
964 566 1033 651 ipsa
1047 584 1098 629 res
1113 583 1163 626 rn-

100 649 224 734 telligat
243 669 286 711 ex
299 668 350 724 eo,
364 645 452 733 quod
473 647 603 713 illarum
625 646 714 714 ideas
737 647 770 711 in
793 647 860 713 lleo
882 647 979 713 videt.
1002 648 1086 712 ilinc
1100 658 1165 709 sta-

102 731 167 795 tuit
188 730 293 795 Deum
312 729 418 794 solum
432 750 502 795 esse
517 729 767 815 intelligibilem,
782 740 953 816 ceteraque
976 730 1084 794 omnia
1099 747 1164 792 non

98 834 170 877 esse
193 808 429 909 intelligibilia,
452 812 516 877 nisi
537 815 571 877 in
593 811 681 887 Deo,
704 823 737 878 et
759 833 818 897 per
840 813 925 878 idem
947 813 1073 888 lumen,
1096 830 1162 895 qno

101 894 189 958 Dens
211 895 280 977 ipsa
302 895 456 980 intelligit
470 895 494 958 ¹.

141 978 190 1042 31.
215 976 398 1045 Secundum
425 975 633 1043 Giobertium
653 976 782 1053 butem,
806 978 912 1042 anima
934 976 1038 1040 Deum
1059 974 1165 1039 intue-

101 1070 167 1134 tur,
190 1080 306 1142 nempe
320 1057 520 1136 immediate,
536 1068 633 1145 prout
654 1061 689 1125 in
703 1058 810 1146 seipso
832 1080 944 1124 revera
966 1067 1025 1134 est,
1047 1076 1165 1141 cogno-

100 1142 176 1217 scit,
197 1154 231 1208 et
251 1142 406 1224 quoniam
429 1140 517 1205 Deus
537 1151 584 1205 est
598 1161 711 1207 revera
732 1163 845 1207 creans
867 1140 1036 1217 mnndum,
1057 1141 1166 1223 sequi-

99 1234 155 1288 tur
178 1233 213 1288 nt
233 1242 336 1300 mens,
350 1222 507 1289 intuendo
519 1223 636 1299 Deum,
652 1224 750 1290 simul
765 1226 932 1292 intueatur
953 1231 1061 1288 actum
1079 1240 1165 1286 cree-

103 1306 218 1384 tiaum,
233 1315 267 1367 et
288 1326 350 1381 res,
366 1326 448 1390 quae
471 1318 546 1372 sunt
561 1306 718 1371 terminus
739 1308 924 1375 creationis.
948 1306 1034 1371 Deus
1055 1305 1099 1371 ita
1113 1326 1166 1369 co

104 1389 213 1474 gnitus
233 1399 283 1453 est
304 1390 505 1484 principium
526 1387 631 1454 omnis
651 1389 878 1456 intellectualis
898 1388 1106 1474 cognitionis,
1122 1390 1168 1453 si-

81 1493 141 1536 ne
162 1490 228 1555 quo
249 1468 331 1535 nibil
353 1481 401 1535 est
423 1468 639 1555 intelligibile,
662 1482 695 1537 et
717 1483 766 1538 est
787 1472 908 1547 lumen,
932 1492 989 1558 per
1009 1467 1097 1556 qnod
1116 1468 1167 1533 in·

99 1551 246 1619 tellectus
275 1554 382 1617 omnia
420 1551 583 1637 intelligit.
617 1553 726 1628 Quare
757 1554 960 1640 principium
994 1553 1166 1618 universae

99 1635 253 1703 scientiae
267 1644 315 1699 est
328 1634 408 1701 illud
424 1633 585 1705 indicium
607 1636 823 1720 primitivum:
839 1635 907 1702 Eue
919 1645 1001 1701 erent
1016 1636 1165 1713 existens,

100 1720 180 1791 sive,
203 1716 287 1781 Deus
310 1728 395 1781 crem
414 1718 563 1781 muudum
577 1716 602 1778 ¹.

140 1795 190 1866 32.
214 1798 334 1865 Omnes
366 1799 517 1884 Ontologi
548 1797 647 1862 buius
680 1810 806 1866 nostrae
838 1801 952 1868 aetatis
984 1798 1168 1866 blnlebran-

98 1882 232 1956 obium,
254 1889 287 1945 el
307 1880 512 1947 Giobertium
540 1880 710 1963 magistros
731 1903 807 1949 snos
833 1893 1046 1957 venerantur,
1068 1892 1167 1963 atque

97 1965 161 2029 etsi
183 1961 373 2030 dissentlant
398 1966 484 2029 inter
511 1984 545 2028 se
572 1964 660 2029 circu
687 1964 836 2040 modum,
859 1984 923 2049 quo
949 1965 1080 2031 intuitio
1102 1964 1167 2030 llei

96 2044 248 2120 efficitur,
271 2056 377 2110 tamen
399 2060 510 2109 omues
533 2045 566 2108 in
587 2065 626 2110 eo
647 2047 863 2124 consentiunt,
891 2046 976 2133 qnod
999 2068 1088 2115 mens
1109 2068 1169 2112 no-

100 2139 166 2194 stra
187 2125 293 2193 Deum
319 2127 487 2199 intuetur,
510 2124 594 2191 idest
621 2126 725 2192 Deum
753 2138 889 2214 perse,
917 2139 949 2194 et
979 2128 1167 2195 immediate

100 2205 266 2303 intelli-git,
291 2218 388 2295 atque
411 2209 445 2273 in
469 2208 594 2273 Divinis
621 2208 705 2276 ldeis
727 2211 853 2297 reliqua
874 2210 1093 2297 intelligibilia
1114 2232 1169 2275 ce-

102 2300 238 2378 gnoson.

140 2373 190 2439 33.
206 2370 319 2457 ltaque
332 2371 547 2458 Ontologismi
571 2392 697 2437 summa
719 2374 768 2440 his
786 2373 913 2440 duabus
932 2374 1169 2441 assertionibus

100 2455 294 2528 continetur,
339 2475 457 2521 narum
479 2453 585 2540 prima
605 2464 665 2530 est,
688 2454 772 2521 Deus
795 2454 970 2521 iiumediute
985 2478 1004 2521 u
1017 2455 1105 2521 uobis
1118 2472 1170 2523 eo-

99 2537 272 2622 gnoscitur.
296 2474 420 2613 Altera,
441 2536 483 2600 ln
504 2536 567 2600 Deo
587 2538 708 2619 coquito
722 2556 828 2602 rerum
847 2542 993 2613 rationes,
1015 2551 1104 2626 utque
1117 2562 1168 2603 ue-

100 2632 202 2685 eruce
224 2618 368 2683 ueritates
388 2636 408 2682 u
428 2618 516 2682 uobis
538 2630 772 2701 cognoscuntur,
789 2624 835 2686 itu
854 2626 969 2709 etipse
992 2622 1074 2687 Deus
1096 2642 1169 2685 cou-

98 2704 211 2768 stituot
234 2700 338 2765 lumen
358 2711 480 2765 nostrae
501 2700 728 2783 intelligentiae.
752 2704 819 2768 lam
848 2706 988 2789 primam
1015 2706 1169 2769 assertio-

98 2806 176 2849 nem
197 2784 367 2850 dumtaxat
388 2779 622 2850 discutiendam
645 2786 840 2871 suscipimus
861 2795 930 2854 tum
951 2788 1028 2874 qnia
1050 2784 1170 2851 abnor-

100 2867 246 2931 mitater'u
267 2866 400 2932 alterius
427 2868 492 2931 iam
515 2862 807 2932 demonstravimus
822 2869 850 2946 ⁸,
875 2882 942 2937 tum
970 2870 1045 2954 quia
1068 2868 1168 2933 huius

102 2946 223 3015 falsitas
238 2946 415 3014 salsitatem
434 2949 559 3033 primae
574 2948 795 3032 consequitnr3
811 2951 941 3015 sienim
956 2952 1060 3017 Deum
1074 2970 1167 3016 mens

103 3030 214 3096 videre
235 3052 299 3095 non
320 3041 437 3117 potest,
460 3050 562 3114 neque
591 3031 741 3098 veritates
762 3029 894 3117 quidem
915 3053 1025 3099 rernm
1047 3033 1082 3097 in
1103 3033 1166 3107 Eo,

84 3125 134 3181 ‘et
155 3133 213 3201 per
234 3114 318 3181 Eum
339 3132 535 3200 cognoscere
558 3120 670 3197 potest.

138 3468 150 3563 ζ
169 3467 208 3515 De
227 3466 381 3550 inquirendo
399 3466 514 3523 eureus,
535 3460 691 3527 praesertlm
712 3462 809 3513 laune.
830 3463 864 3514 ad
883 3462 930 3511 ltu.
952 3458 984 3521 ll,
1005 3467 1024 3512 t.
1046 3460 1081 3515 ΙΙ.

134 3536 351 3679 issndiiallj
367 3532 393 3663 l?
413 3536 510 3669 ilfi.
532 3607 559 3669 a,
580 3620 607 3673 p.
630 3604 746 3663 rso-tu
768 3612 795 3661 u
813 3620 840 3661 a.
864 3606 906 3667 to.
927 3619 954 3673 p.
977 3605 1038 3663 aaa.
