2475 3909
157 108 217 177 318
446 132 631 183 rusocoors
656 137 845 185 usrvnucrs

116 222 181 289 tur,
202 213 326 300 quippe
346 214 432 280 sicut
453 238 515 281 non
537 238 556 281 ιι
579 224 729 289 monstris
752 226 857 289 forma
879 223 1033 299 humano,
1057 224 1101 290 its
1123 244 1181 289 nec

115 293 490 525 ianiliprceiss·berstttorum
519 300 621 368 instar
643 303 850 391 depravatis,
873 317 989 371 nutura
1012 305 1183 371 rationulis
1229 372 1230 387 p

199 509 206 524 .
229 458 337 528 Obiio.
353 458 474 546 Opinio
495 460 535 527 de
551 460 619 529 Deo
640 477 748 534 ortum
771 468 889 537 ducere
911 470 1076 555 poluitex
1093 470 1182 556 igno
1229 468 1230 529 l

495 590 818 613 Q*-

114 634 209 693 potest:
229 635 258 684 l⁰
276 632 343 687 Sunt
361 652 393 690 ue
412 641 532 695 homiues
549 646 634 711 aliqui
653 653 707 697 tam
727 649 820 712 ignari,
840 653 869 699 ut
888 645 972 698 Deum
991 662 1051 700 esse
1073 652 1181 701 omnino

113 707 253 756 nesciant?
273 708 304 758 2⁰
322 706 391 761 Num
415 712 496 766 homo
521 719 663 783 quisquam
689 722 870 771 ratiocinando
887 721 923 771 ad
941 724 1004 771 eam
1022 725 1180 785 opinionum
1229 756 1230 789 ι

113 779 313 837 perversitatem
332 788 471 846 perrcuire
490 792 589 852 possit,
610 797 639 841 ιιι
658 805 687 843 re
707 794 761 856 ipsa
781 795 829 842 sibi
850 795 1028 857 persuadent.
1051 809 1107 845 nou
1125 809 1181 845 esse
1229 794 1230 859 l

114 844 219 899 Deum
236 849 326 916 Quoad
340 858 467 919 primum,
482 860 553 913 haud
566 864 624 914 liert
637 878 712 927 posse
726 879 875 927 censemus,
897 871 926 914 ut
945 866 1027 915 homo
1046 870 1180 931 quispiam
1229 872 1230 929 ι

113 921 192 982 pleno
211 926 321 976 rationis
339 942 389 979 usu
409 930 499 983 fruens
522 932 606 986 Deum
633 939 737 1000 penitus
762 940 874 1003 ignoret.
896 934 944 989 Est
963 941 1037 987 euim
1064 941 1180 1003 cognitio
1229 948 1230 975 l

113 995 269 1047 existentiae
287 996 333 1049 Dei
353 1008 448 1064 paratu
471 1006 621 1067 facillima,
648 1011 791 1073 statimqne
810 1012 836 1061 in
856 1018 972 1061 mentem
993 1012 1091 1069 renit,
1120 1028 1179 1062 cum

8 1095 11 1101 ·
113 1069 169 1115 ²⁸¹²
188 1068 303 1129 miram,
328 1079 443 1137 apteque
461 1078 613 1141 dispositam
639 1082 729 1132 muudi
749 1083 876 1133 lubricans
901 1084 1051 1133 intuemur.
1075 1104 1088 1130 ι
1111 1082 1178 1134 ilaec

113 1144 173 1197 est,
193 1140 231 1189 ait
249 1156 271 1193 s.
293 1141 476 1208 Augustinus,
496 1155 535 1201 ris
554 1166 633 1204 rerae
653 1152 821 1213 Divinitatis,
842 1162 871 1205 ιιι
890 1161 1030 1207 crenturae
1058 1158 1180 1207 rationali
1229 1202 1230 1205 ,

114 1211 168 1260 iam
181 1215 282 1265 ratione
301 1219 395 1279 utenti,
416 1234 468 1271 uon
486 1226 604 1284 omniuo,
625 1240 657 1277 sc
676 1228 781 1289 penitus
801 1229 882 1290 possit
902 1228 1028 1278 abscondi
1046 1248 1058 1273 ι
1075 1224 1178 1295 (Tuast
1229 1254 1230 1297 ι

112 1286 140 1332 in
157 1284 234 1336 loon.
254 1289 331 1348 cri,
351 1306 379 1341 n.
399 1289 439 1361 t).
461 1290 561 1346 Exinde
585 1300 667 1349 etiam
686 1301 821 1363 colligitur
843 1300 937 1350 atheos
961 1301 1133 1362 dogmaticos
1153 1316 1178 1351 re
1229 1310 1230 1331 ι

113 1355 170 1419 ipsa
187 1370 240 1409 uon
258 1373 326 1421 esse;
339 1377 403 1414 oum
420 1368 493 1416 enlm
508 1369 616 1420 euidens
635 1368 670 1422 sit
689 1374 767 1432 ratio,
782 1385 850 1436 quae
869 1370 953 1423 Deum
972 1374 1090 1423 existere
1103 1388 1179 1437 aper-

113 1427 214 1481 tissime
233 1432 404 1495 demonstrat,
421 1443 507 1501 potest
524 1440 593 1502 tlerl,
615 1449 644 1493 nl
663 1444 754 1502 homo,
769 1448 846 1495 cuius
865 1446 1017 1495 intellectos
1037 1460 1123 1508 prara
1144 1450 1180 1497 iu·

113 1502 270 1564 stitutione,
291 1512 338 1557 aut
357 1510 478 1561 roluntas
498 1516 585 1575 pravis
604 1514 741 1566 aflectibus
759 1518 851 1566 ritiotu
870 1518 940 1575 sint,
960 1531 993 1567 eo
1012 1519 1179 1580 prolabatur,

113 1577 143 1622 ut
162 1574 329 1639 aliquantulo
348 1587 467 1644 tempore
486 1586 535 1634 sibi
557 1590 720 1637 inanimum
747 1589 855 1639 inducat
873 1586 957 1639 Deum
977 1604 1029 1639 non
1050 1604 1132 1650 esse;
1155 1600 1180 1641 at

113 1660 260 1710 numquam
279 1650 335 1702 lieri
357 1660 453 1715 potest,
475 1660 503 1705 ut
522 1658 602 1709 lromo
621 1666 695 1711 recto
716 1663 825 1711 rationis
845 1676 892 1711 usu
914 1664 990 1725 piene
1010 1662 1116 1723 fruens.
1136 1679 1180 1715 seu

112 1718 272 1781 intellectu,
292 1728 320 1773 et
339 1728 476 1778 volontate
501 1743 600 1790 sunus,
621 1738 648 1781 et
669 1734 789 1797 integer,
809 1733 885 1784 tirma
905 1736 985 1784 animi
1006 1744 1180 1798 persuasione

111 1794 210 1855 cogitet
229 1806 281 1845 non
300 1808 358 1848 esse
377 1796 461 1849 Deum
487 1798 530 1867 (cl
549 1806 672 1855 eumdem
699 1812 821 1857 sanctum
846 1803 1009 1865 Ductorem,
1029 1809 1135 1858 Encrr.
1156 1816 1180 1859 ιἰι
1229 1834 1230 1857 l

113 1866 160 1913 Ps.
174 1866 248 1925 thl,
262 1872 317 1918 not.
332 1864 373 1936 Ξ).
393 1870 439 1921 ilis
456 1880 519 1924 ants
538 1879 646 1935 notatis,
661 1884 766 1940 praeter
785 1892 883 1941 paucos
901 1881 971 1929 luter
989 1884 1108 1946 soteres,
1123 1888 1179 1945 post
1229 1918 1230 1923 η

113 1942 234 1997 ιοιιιιιι,
255 1947 294 1990 ιιιι
312 1943 403 2004 aiunt,
422 1943 541 2008 litteras,
561 1943 680 2001 tuolllus
697 1948 795 2003 Vuuinl
813 1953 996 2015 neapolitanus
1015 1952 1178 2004 atheismum

112 2013 305 2074 propugnarit,
331 2015 366 2065 ot>
391 2016 459 2068 hauc
485 2033 542 2071 rem
561 2016 671 2073 Tolosae
689 2024 862 2081 combustum
889 2026 1062 2089 eiusdemque
1082 2030 1177 2077 erroris
1229 2050 1230 2089 ;

113 2077 236 2144 spinosa,
256 2082 371 2147 ssohtres,
391 2085 525 2142 Totaudus
544 2095 623 2158 vulgo
641 2097 759 2145 accusati
779 2102 851 2146 suut.
868 2092 965 2148 Omnes
984 2112 1065 2159 porro
1086 2100 1179 2149 allieu-

112 2166 172 2204 rum
197 2156 379 2211 carillationes
402 2162 436 2211 ab
454 2163 571 2216 Auctore
590 2169 741 2231 systematis
763 2177 892 2226 noturus,
918 2171 1031 2234 aliisquo
1058 2175 1177 2233 proxime

111 2226 195 2291 elapsi
213 2229 313 2280 saeculi
332 2236 532 2297 materialistis,
552 2239 579 2288 iu
598 2235 683 2290 Gellia
703 2243 880 2303 praesertim,
901 2242 934 2291 ab
953 2256 1018 2292 orco
1037 2249 1177 2295 resocatus

112 2297 194 2351 inisse
213 2302 277 2352 latet
295 2306 439 2357 neminem.
459 2305 588 2374 Denique,
608 2324 642 2362 ue
661 2326 714 2377 qua
732 2326 853 2363 errorum
873 2317 953 2376 pestis
972 2321 1081 2365 nostrae
1096 2320 1176 2367 aelati

112 2371 225 2430 deesset,
245 2374 406 2427 uthsmmum
425 2382 465 2430 sui
484 2382 669 2447 suffragatores
689 2385 778 2436 usbet.
800 2382 942 2436 Enimuero
955 2388 1102 2439 Aonutinm
1116 2390 1178 2441 Ger-

111 2448 272 2497 mootcorons
287 2444 445 2513 Scriptores,
465 2456 511 2518 qui
529 2456 562 2505 ad
581 2453 694 2508 &hetae
708 2457 882 2521 heguelianae
893 2463 1027 2511 sinistrum
1041 2462 1177 2523 pertinere

112 2516 245 2578 dicuntur,
259 2520 418 2573 allicissuum
434 2528 601 2589 apertissime
621 2530 787 2593 profitentur.
803 2527 899 2583 Omnes
918 2533 1040 2591 sudaria,
1063 2540 1092 2583 et
1110 2534 1177 2585 stut-

113 2590 170 2641 titia
190 2593 271 2643 rincit
289 2594 385 2657 impius
403 2593 568 2658 Fererbacls,
581 2604 626 2666 qui
647 2608 703 2653 tum
722 2604 821 2662 soluta,
836 2610 892 2653 lum
912 2606 1029 2655 numeris
1049 2607 1175 2659 adstricta

112 2665 232 2715 oratione
251 2665 342 2717 laudes
360 2670 478 2721 celebrat
495 2675 586 2738 Mopsi
598 2676 690 2735 Νιιιιι,
710 2690 742 2726 ex
760 2688 813 2740 quo
832 2677 921 2725 omnia
942 2678 1084 2740 prodeunt.
1105 2686 1134 2731 et
1152 2682 1177 2729 iu

111 2736 181 2798 quod
200 2739 289 2788 omnia
309 2739 522 2809 redeunt.‡loter
537 2742 637 2806 Gallos,
659 2750 685 2798 iu
704 2744 974 2808 Sensimouianorum,
994 2755 1022 2799 et
1040 2747 1176 2803 Fourieri·
1229 2752 1230 2781 ἒ

112 2812 214 2858 starum
240 2809 314 2860 libris
332 2825 385 2864 uon
405 2828 488 2878 pauca
510 2818 698 2881 iureoluntur,
723 2820 818 2885 quibus
838 2819 882 2871 Dei
902 2824 1040 2872 existentia
1068 2837 1176 2885 prorsus

112 2879 223 2931 tollitur.
244 2877 321 2934 Certe
340 2884 474 2951 Augustus
487 2884 580 2941 Comte
594 2889 809 2943 Saosimonianos
821 2892 981 2943 atheismum
995 2894 1051 2946 fore
1065 2895 1175 2948 humani
1229 2898 1230 2901 ’

112 2965 265 3015 progressus
283 2958 387 3020 apicem
406 2962 495 3023 palam
513 2964 669 3025 venditatio
689 2967 829 3030 siquidem,
842 2978 875 3015 er
887 2968 945 3015 eius
958 2970 1099 3027 sententia,
1113 2982 1175 3019 oum

112 3037 194 3087 genus
212 3026 360 3079 huminum
379 3034 405 3085 rt
425 3046 578 3097 progressus
591 3038 711 3089 continui
724 3038 758 3089 ad
770 3051 925 3089 musarum
938 3042 1104 3091 naturalium
1116 3054 1176 3104 per·

112 3096 211 3149 lectam
231 3101 354 3152 notitiam
372 3110 532 3168 peruenerit,
547 3106 595 3159 ilci
608 3111 744 3161 notionem
763 3124 815 3161 non
832 3112 883 3163 nisi
903 3122 938 3161 ex
955 3126 1112 3163 caussarum
1130 3126 1175 3163 ua·
1229 3134 1230 3151 ι

112 3170 240 3223 toralium
256 3176 420 3238 ignoratione
433 3184 523 3231 ortum
536 3181 652 3243 duxisse,
666 3190 694 3235 et
706 3182 789 3235 Deum
803 3188 940 3246 propteroa
954 3198 1052 3235 usuum
1065 3186 1174 3250 tigmen-

111 3246 169 3291 tum
188 3256 246 3295 esse
264 3255 407 3309 cognoscet
426 3247 611 3317 (eclipseos,
628 3258 781 3308 Lasciausu
799 3271 811 3305 s
829 3255 856 3305 tu
870 3258 943 3315 Ferte,
958 3254 1014 3307 roi.
1030 3254 1077 3317 lx,
1098 3272 1126 3321 p.
1139 3260 1171 3309 sl
1229 3312 1230 3323 γ

111 3325 170 3374 sqq,
187 3311 279 3379 Napoll
300 3318 392 3387 lats).
412 3320 531 3387 Denique
549 3329 612 3376 satis
632 3336 798 3392 compertum
817 3332 858 3377 est
877 3330 945 3379 inter
963 3330 1011 3381 uos
1030 3330 1173 3382 abiudicati

8 3381 13 3389 '
111 3378 233 3435 Numinis
253 3401 311 3438 roos
329 3396 504 3445 recensendos
522 3411 580 3448 esse
599 3398 749 3461 Proudhou,
771 3398 929 3451 lierneslum
948 3396 1037 3453 [tenso
1056 3400 1125 3469 (rid.
1142 3402 1171 3455 ll.

113 3445 191 3511 0⁰⁰,
205 3458 295 3511 L’tde'a
306 3462 337 3511 ds
350 3463 425 3526 Diels,
440 3483 467 3518 c.
481 3466 508 3526 Ξ,
524 3467 595 3520 Paris
611 3470 703 3539 laos),
717 3480 808 3538 atquo,
829 3478 860 3522 ut
878 3474 944 3524 alios
963 3480 1173 3538 praetereamus,

112 3514 290 3586 Btctroerom,
304 3534 423 3597 aliosque
442 3543 625 3594 materialismi
639 3546 771 3609 dpuumtoi
782 3544 825 3614 (ol
833 3547 974 3611 Amirop„
988 3561 1015 3598 c.
1030 3545 1089 3609 vll,
1103 3564 1131 3599 a.
1149 3550 1171 3605 t,

113 3602 141 3649 p.
162 3589 225 3663 24⁰)
243 3600 401 3657 adsertores.
