2475 3909
502 202 680 253 rounnourn
1030 188 1089 257 199

106 287 141 357 3⁰
163 287 300 357 Etiamsi
322 287 402 354 illud
425 290 661 354 rosminiauum
683 284 844 353 iudicium
866 288 1065 369 admittatur,
1086 302 1132 358 ta-

71 394 144 437 men
157 372 303 457 cognitio
321 370 477 436 realitatis
498 391 607 437 rerum
630 390 805 456 numquam
829 368 869 434 ab
891 372 962 457 ipso
983 373 1131 438 exhiheri

71 465 189 537 posset3
215 454 292 540 quia
314 475 376 541 ope
396 451 524 530 iudicii,
547 476 613 539 quo
636 474 726 519 mens
748 451 854 517 ideam
876 454 956 517 entis
971 455 1131 538 possibilis

71 536 219 620 adiungit
240 533 405 601 elementis
427 536 611 611 sensilibus,
634 536 807 619 eonee'ptus
828 535 1049 620 possibilitatis
1071 538 1131 613 rei,

71 638 155 702 quae
176 618 324 695 sentitur,
340 630 372 683 at
385 639 449 683 non
472 631 646 707 conceptus
667 617 764 684 realis
785 617 856 682 eius
877 618 1065 685 existentiae
1081 618 1134 683 de-

71 701 172 765 rivari
195 712 312 786 posset.
337 700 463 765 Exinde
485 701 651 788 colligitur
676 700 910 765 rosminianum
931 710 1068 787 systema
1089 702 1134 767 la-

72 796 136 848 tam
164 784 249 847 riam
275 793 417 849 sternere
444 782 623 850 idealismo.
646 782 741 861 Quod
768 780 900 866 quidem
926 783 1134 869 comprobari

95 874 178 931 otest
198 868 258 929 hoe
280 864 370 930 brevi
394 876 595 952 argumento:
618 868 669 933 Ex
693 864 862 931 elementis
883 864 1083 945 subiectivis,
1100 874 1135 932 ut

71 888 228 1023 diximus,
242 947 323 1011 nihil
339 947 494 1015 oblectiri
517 948 592 1013 elici
615 957 730 1034 potest.
747 946 845 1030 Atqui
865 946 946 1012 illud
964 948 1134 1024 iudicium,

71 1052 137 1119 quo
158 1050 246 1094 mons
267 1030 386 1095 realem
408 1052 518 1096 rerum
540 1030 744 1097 existentiam
771 1030 987 1114 pronunciat,
1010 1052 1051 1096 ex
1072 1031 1136 1097 ele·

72 1113 189 1179 mentis
217 1133 348 1198 prorsus
375 1114 562 1179 subiectivis
583 1110 752 1179 condatur.
786 1110 869 1175 Nam
895 1114 1054 1193 sensatio,
1089 1135 1137 1181 se-

72 1194 216 1259 eundum
242 1195 470 1274 llosminium,
492 1206 540 1262 est
560 1194 729 1263 dumtaxat
753 1191 880 1258 affectio
906 1193 1043 1261 subiecti
1066 1216 1138 1263 sen-

73 1277 198 1354 tientis,
213 1296 297 1363 quae
311 1276 473 1341 obiectum
496 1289 663 1345 externum
686 1296 749 1341 non
771 1276 917 1360 attingit3
936 1275 1006 1341 idea
1030 1281 1138 1344 inuata

70 1360 169 1434 entis,
185 1380 266 1444 quae
288 1359 526 1425 sensationihus
547 1358 750 1444 adiungitur,
772 1366 820 1421 est
839 1357 999 1441 quaedam
1024 1359 1138 1425 idealis

72 1439 178 1506 lorma
202 1443 304 1527 ipsius
326 1442 454 1517 mentis;
476 1442 619 1527 denique
641 1438 828 1505 coniunctio
849 1439 1053 1505 sensibilium
1076 1442 1139 1507 ele'²

73 1534 257 1589 mentorum
279 1544 353 1587 cum
368 1521 441 1588 idea
455 1527 539 1590 entis
553 1545 595 1589 ex
608 1544 705 1588 coeco
719 1521 874 1587 instinctu
887 1523 1035 1588 efficitur.
1053 1526 1140 1609 Ergo

73 1605 266 1671 Rosmiuius
287 1624 346 1668 suo
369 1604 425 1670 illo
446 1605 614 1691 primitivo
634 1604 757 1670 iudicio
780 1602 898 1669 frustra
922 1616 1058 1671 conatur
1078 1617 1140 1671 sta-

73 1698 169 1751 tuere
191 1686 397 1765 obiectiram,
419 1708 477 1753 seu
498 1688 619 1752 realem
642 1686 861 1772 cognitionem
882 1706 1006 1751 rerum.

116 1768 152 1834 d⁰
173 1770 269 1835 Notio
295 1770 484 1835 universatis
511 1790 680 1856 perperam
708 1788 725 1830 a
747 1767 919 1832 ilosminio
945 1766 1139 1854 explicatur.

74 1851 240 1927 Ilienses
261 1852 333 1915 eius
354 1853 525 1928 sententia,
549 1853 594 1917 uti
620 1851 684 1915 iam
708 1848 853 1914 diximus
868 1850 892 1927 ¹,
911 1861 1079 1935 postquam
1095 1854 1143 1919 in-

75 1934 270 1999 tellectivam
295 1933 339 1997 roi
363 1934 582 2030 cognitionem
602 1932 718 2019 adepte
741 1942 800 2008 est,
817 1934 908 1997 seiun
934 1933 960 1997 it
981 1932 1021 1997 ab
1039 1954 1076 1999 ea
1092 1934 1144 1999 iu-

73 2015 198 2082 dicium
222 2013 261 2081 de
282 2016 361 2079 reali
388 2036 460 2080 erus
481 2016 675 2090 existentia,
699 2024 793 2097 atque
817 2013 860 2079 ite
884 2014 898 2076 i
918 2035 984 2078 eum
1007 2017 1055 2081 rei
1078 2014 1140 2080 sibi

75 2107 270 2185 comparat3
291 2099 370 2161 haee
392 2106 499 2162 autem
519 2097 610 2171 idea,
634 2106 671 2161 ut
692 2096 760 2180 ipse
783 2095 845 2172 ait,
867 2108 915 2161 est
936 2098 1142 2173 universalis;

75 2200 152 2243 nam
177 2182 266 2245 notio
287 2179 480 2243 universalis
502 2200 565 2243 non
584 2187 633 2243 est
647 2177 748 2253 aliud,
773 2178 834 2243 nisi
856 2178 947 2244 notio
969 2182 1017 2244 rei
1034 2182 1146 2266 singu·

75 2262 168 2337 laris,
190 2271 288 2347 prout
313 2272 362 2328 est
384 2259 561 2358 possibilis,
584 2281 641 2324 seu
663 2259 805 2325 seiuncta
826 2259 867 2325 ab
890 2261 1079 2339 existentia;
1103 2265 1145 2328 si-

74 2342 212 2429 quidem
233 2343 323 2409 notio
344 2364 392 2408 rer
416 2343 600 2429 singularis,
615 2341 675 2406 hoc
695 2340 790 2405 modo
811 2341 1024 2421 considerata,
1039 2355 1086 2411 ost
1102 2358 1146 2432 ty-

77 2446 166 2511 pus,
191 2423 368 2494 secuudum
395 2445 493 2510 quem
519 2436 653 2491 cunetae
678 2442 730 2487 res
752 2422 897 2489 eiusdem
922 2436 1054 2491 naturae
1077 2432 1146 2492 oxi-

76 2518 166 2573 stere
188 2516 334 2605 possunt,
349 2506 391 2570 ob
414 2505 525 2592 idque,
542 2527 617 2577 cum
638 2507 673 2570 iu
696 2504 846 2602 pluribus
864 2509 1007 2582 inveniri
1030 2512 1146 2596 possit.

76 2599 127 2655 est
147 2588 377 2654 universalis&
400 2592 597 2665 utcontra,
621 2586 797 2673 possibile,
820 2610 894 2654 eum
916 2589 959 2655 sit
981 2589 1033 2669 id,
1060 2591 1146 2677 quod

76 2673 117 2734 ἐπ
131 2673 272 2756 potentio
294 2680 359 2745 est,
383 2669 509 2756 aliquid
533 2671 661 2744 innuit,
684 2668 769 2754 quod
793 2672 987 2737 existentiae
1011 2676 1148 2772 opponi-

78 2766 156 2831 tur,
180 2752 362 2819 unisersale
383 2764 491 2817 autem
513 2772 578 2817 non
601 2752 709 2816 innuit
729 2752 876 2843 aliquid,
898 2753 986 2838 quod
1008 2767 1148 2824 exrsten-

79 2838 147 2901 tiae
169 2837 360 2921 opponitur,
382 2836 479 2919 quia,
501 2845 539 2898 ut
559 2854 584 2898 s.
608 2834 833 2902 Bonaventura
854 2836 1016 2917 advertit,
1041 2838 1149 2925 ipsum

77 2941 97 2980 a
122 2925 279 3004 quantum
301 2925 350 2983 est
371 2915 410 2980 de
432 2938 477 2991 se,
502 2914 723 2981 indifferenter
744 2938 777 2985 se
799 2917 896 2983 hebet
917 2919 957 2984 ad
980 2930 1102 2999 aetum,
1117 2929 1150 2986 et

78 2998 122 3065 ad
146 3000 325 3085 potentiam
341 3000 353 3035 ⁸
368 3020 397 3062 n.
413 2998 574 3076 Quocirca
598 2998 791 3077 universale,
812 3011 843 3065 et
858 3001 1011 3087 possibile
1034 3024 1148 3077 unum,

80 3081 239 3165 idemque
261 3102 323 3145 nou
345 3088 428 3157 suut,
452 3100 490 3146 ao
533 3080 649 3145 roinde
676 3081 765 3146 notio
786 3081 924 3156 alieuius
946 3085 994 3149 rei
1018 3105 1081 3150 non
1103 3096 1152 3150 est

79 3163 276 3230 universalis
297 3185 337 3229 ex
359 3183 421 3239 eo,
442 3100 532 3261 qnod
553 3182 605 3226 res
627 3159 867 3242 consideratur,
890 3176 990 3311 prout
1011 3177 1059 3232 est
1081 3187 1153 3253 pos-

79 3246 203 3311 sibilis.
233 3246 424 3320 Praeterea,
447 3245 520 3310 rdea
548 3244 739 3310 universalis
770 3246 926 3311 eonfuni
957 3268 1021 3313 uon
1048 3258 1154 3332 potest

79 3349 158 3395 eum
181 3329 311 3394 notione
332 3329 382 3392 rei
400 3328 597 3413 singularis,
621 3339 718 3413 prout
740 3330 828 3405 haec,
851 3330 999 3395 seiuncta
1020 3330 1060 3395 ab
1081 3332 1152 3397 exi-

453 3465 780 3481 m

119 3543 187 3667 iit.
204 3542 324 3673 ididem,
345 3628 400 3665 soz.
423 3612 469 3673 lll,
489 3630 515 3665 e.
530 3614 558 3672 2,
578 3620 631 3667 art.
658 3613 699 3671 to,
719 3616 747 3665 et
765 3626 821 3664 ser.
842 3612 877 3676 V,
897 3616 968 3680 part.
989 3612 1016 3673 Ξ,
1037 3628 1062 3664 e.
1084 3612 1111 3663 3.

120 3688 132 3725 ³
153 3690 187 3742 ln
205 3689 251 3741 ut,
273 3689 387 3741 tsrnt..
407 3686 473 3742 Dist.
493 3686 526 3749 V,
548 3702 575 3741 a.
599 3688 641 3749 ll,
662 3702 690 3753 q.
711 3686 726 3738 Ξ
745 3688 824 3739 reret.
