2475 3909
480 215 715 264 urnnumoom
1028 198 1086 264 101

59 291 127 366 illas
149 315 282 381 quoque
326 297 476 372 olentiae,
499 317 582 383 quae
605 307 708 363 totum
724 295 933 362 coniunctum
948 319 1008 395 pro
1023 299 1131 363 subie-

60 387 108 440 cto
131 376 264 454 habent,
288 315 329 446 ab
350 380 488 444 essentia
511 381 653 454 animae,
678 389 840 464 tamquam
855 401 875 444 a
889 379 1011 460 radice,
1027 378 1131 445 lluere

60 456 235 524 dicendum
258 473 316 527 est.
341 463 428 547 Ergo
443 461 581 528 essentia
604 463 733 526 animae
748 470 797 527 est
810 463 958 528 omnium
974 464 1132 547 potentia-

61 560 133 603 rum
155 542 355 628 principium
371 544 394 607 ¹.

96 621 145 686 12.
169 624 265 700 Quod
288 627 315 690 si
338 645 498 711 quaeras,
527 645 591 708 quo
621 634 716 709 pacto
744 625 906 709 potentiae
935 627 1062 690 animae
1086 624 1127 688 ab

58 705 192 770 essentia
215 708 343 772 animae
367 706 487 786 tluant,
510 705 684 792 respondet
707 705 765 772 tibi
788 727 813 770 s.
837 704 974 773 Thomas
997 705 1029 771 id
1052 728 1128 772 con-

59 786 180 870 tingere
197 810 260 852 non
279 809 337 874 per
353 790 497 884 aliquam
513 789 827 865 transmutationem,
843 788 897 853 sed
915 811 973 876 per
987 789 1130 873 aliquam

59 867 237 933 naturalem
263 871 509 949 resultationem,
538 892 667 956 nempe,
695 868 992 955 quemadmodum,
1017 871 1129 957 posito

58 949 134 1028 sole,
158 951 209 1016 vel
232 950 296 1016 alio
321 953 429 1019 lucido
451 973 600 1038 corpore,
624 953 835 1038 consequitur
856 953 926 1031 lux,
952 955 1007 1028 ita,
1024 954 1130 1038 posita

58 1034 195 1099 essentia
217 1036 359 1112 animae,
383 1057 455 1099 eam
478 1035 629 1120 propriae
650 1034 819 1100 facultates
832 1037 1127 1102 concomitantur².

92 1157 275 1212 ilari-lle
295 1164 383 1222 modo,
402 1177 455 1227 quo
475 1160 618 1222 facultates
637 1166 744 1213 animae
763 1177 777 1212 a
798 1164 873 1213 nobis
892 1172 1089 1227 cognoscuntur

96 1267 146 1332 13.
170 1265 292 1332 Docuit
314 1267 501 1332 llosminius
515 1267 548 1331 iu
564 1267 812 1352 investigatione
828 1269 1049 1352 potentiarum
1065 1271 1129 1334 ini·

57 1349 139 1412 tiam
168 1347 356 1413 laciendum
385 1370 454 1414 esse
482 1347 522 1413 ab
550 1348 622 1445 ipsa
650 1349 789 1415 essentia
816 1349 943 1414 animae
955 1350 978 1413 ⁸.
1008 1349 1129 1416 Contra

55 1427 243 1498 liuiusmodi
265 1431 459 1497 sententiam
483 1439 656 1496 statuimus
677 1431 758 1495 hanc
780 1430 1055 1516 Propositionem:

93 1513 145 1577 ld.
169 1511 335 1578 Potentiae
356 1514 478 1578 animae
500 1533 540 1576 ee
560 1513 802 1597 operationibus,
819 1533 899 1598 qaae
915 1533 975 1596 per
996 1536 1047 1577 eas
1068 1515 1130 1598 effi-

55 1595 198 1668 ciantur,
220 1605 311 1681 atque
331 1598 522 1680 operationes
542 1614 581 1657 ea
601 1593 740 1674 obiectis,
755 1597 842 1660 circa
855 1615 931 1680 quac
946 1606 1127 1673 vasariis,

48 1676 284 1761 perspiciendae
305 1687 389 1741 sarit.

93 1758 265 1823 Probatur.
290 1760 397 1836 lllud,
422 1757 509 1844 quad
538 1758 639 1824 altero
664 1760 756 1843 prius
783 1769 832 1823 est
852 1761 1059 1843 cognitione,
1082 1765 1130 1825 est

51 1839 263 1927 principium,
286 1863 352 1926 quo
376 1841 453 1905 illud
477 1840 615 1905 alterum
638 1841 861 1925 cognoscitur,
884 1841 963 1937 quia
985 1842 1129 1940 cognitio

51 1932 160 1987 nostra
184 1943 225 1986 ex
248 1933 324 1990 noto
345 1923 384 1987 ad
401 1925 546 2008 ignotum
564 1922 783 2007 progreditur.
800 1923 900 2007 Atqui
916 1944 967 1988 res
982 1923 1128 1990 obiectae

51 2015 124 2069 sant
147 2026 181 2069 ca
203 2006 319 2068 nitioae
342 2005 469 2090 priores
490 2002 686 2082 actionibus,
711 2017 807 2089 atque
828 2006 972 2070 actiones
994 2006 1130 2071 faculta-

50 2083 150 2151 tibus.
175 2024 264 2172 bllrgo
286 2086 414 2183 obiecta
437 2096 512 2152 sunt
533 2085 747 2182 priqcipiqm,
769 2105 835 2171 quo
850 2086 995 2154 actiones
1009 2108 1130 2172 cogno-

52 2177 211 2242 scuntur,
234 2181 267 2236 et
289 2179 433 2235 actiones
455 2178 530 2233 sunt
552 2187 776 2252 principiam,
822 2189 864 2233 uo
887 2182 1129 2255 cognoscuntur

51 2246 262 2318 tecuttiiest.
294 2251 405 2316 Minor
434 2251 479 2315 ita
508 2245 767 2315 demonstratur:
799 2189 833 2315 d⁰
860 2251 998 2318 Obiecta
1021 2255 1127 2338 prins,

49 2349 148 2414 quam
172 2331 327 2411 actiones,
351 2353 369 2396 a
391 2331 486 2396 nobis
500 2342 751 2418 cognoscantur3
768 2353 843 2396 uam
858 2354 949 2398 mens
963 2335 996 2399 in
1012 2337 1129 2420 primis

48 2411 218 2480 abiectum
241 2414 365 2481 directe
387 2412 751 2500 apprehendit,‘deinde
769 2415 800 2478 in
816 2434 848 2478 se
864 2415 968 2499 ipsam
984 2416 1125 2495 rediens,

51 2497 233 2570 actionem,
256 2518 321 2582 qua
344 2495 510 2562 obiectum
533 2495 758 2581 apprehendit,
774 2497 918 2582 percipit
929 2497 952 2560 ⁸.
968 2495 1004 2560 2⁰
1019 2499 1127 2564 Actio-

50 2597 107 2642 nes
124 2600 146 2644 a
170 2576 264 2642 nobis
287 2580 380 2665 prius
402 2587 665 2674 cognoscuntur,
685 2597 783 2663 quam
808 2575 1001 2657 facultates,
1023 2581 1127 2665 quia,

47 2663 122 2724 cni'n
148 2659 297 2726 naturale
319 2659 414 2726 nobis
435 2673 477 2728 sit
498 2681 539 2724 ex
560 2659 732 2725 effectibus
752 2659 791 2723 ad
815 2661 1036 2744 cognitionem
1051 2682 1127 2727 cau·

47 2762 161 2808 sarum
183 2741 350 2819 devenire,
372 2765 414 2807 ex
436 2741 682 2829 operationibus
704 2744 848 2820 animae,
874 2763 959 2827 quae
982 2755 1057 2810 sunt
1079 2744 1128 2810 ei·

47 2821 166 2970 qutus·
178 2823 389 2902 facultatum,
412 2823 452 2888 ad
477 2823 669 2891 facultatum
691 2823 909 2909 cognitionem
931 2827 1126 2894 naturaliter

46 2925 62 2967 a
110 2926 257 2972 acimur.

85 2989 138 3056 15.
164 2987 311 3066 Quodsi
335 3009 398 3052 nou
422 2987 461 3052 de
490 2987 585 3053 initio
614 2984 875 3072 investigationis
903 2993 1125 3071 potentiarum

46 3073 194 3147 animae,
218 3069 273 3136 scd
296 3070 336 3136 de
359 3070 504 3158 ipsarum
529 3070 716 3156 cognitione
744 3066 920 3134 scientifica
942 3092 1047 3138 sermo
1070 3074 1124 3148 sit,

78 3309 86 3344 ¹
109 3307 195 3363 ibid„
216 3316 243 3352 a.
264 3302 281 3352 a
299 3315 325 3351 c.

76 3377 89 3416 ²
109 3379 181 3428 ibid.
203 3375 236 3424 ad
256 3375 283 3425 3.
304 3369 433 3438 Quocirca
455 3371 596 3422 inanitates
615 3373 677 3421 sont
696 3371 843 3422 accidentia
862 3375 1123 3436 praedicamentalis,

44 3453 86 3502 sed
106 3463 165 3500 uon
182 3447 388 3511 praedicabilia,
417 3459 477 3494 nam
498 3450 560 3494 sant
578 3445 683 3496 arimse
703 3446 898 3507 proprietates,
925 3460 995 3510 quse
1013 3461 1045 3498 ex
1066 3452 1124 3514 ipsa

43 3523 162 3574 neentis
181 3520 287 3568 animae
308 3517 467 3567 naturaliter
486 3517 615 3574 derivant;
637 3517 713 3573 ibid..
734 3530 760 3565 ii.
785 3519 794 3566 t
817 3517 849 3566 sd
870 3519 898 3568 5.

77 3597 89 3632 ²
118 3593 231 3650 Peirai,
253 3591 305 3640 vol.
329 3589 361 3638 ll.
382 3589 427 3641 lilt.
451 3585 470 3647 l,
491 3603 517 3640 c.
541 3590 566 3647 l,
588 3595 603 3649 s
624 3589 687 3639 iss.

78 3662 153 3721 ‘Cf
169 3665 217 3733 (tq.
239 3666 338 3729 dispp„
361 3664 399 3714 Di
423 3664 494 3722 Ver,
514 3677 542 3730 q.
565 3657 599 3724 ll,
621 3675 647 3711 a.
668 3662 684 3716 b
704 3661 798 3720 affl
819 3661 895 3723 itta,
916 3662 969 3714 loc.
990 3663 1038 3713 cit.
