2475 3909
152 178 213 245 tao
550 203 756 256 cosuoioaiii

110 279 243 372 neralo,
262 289 313 377 ‘et
344 283 549 369 vegetabile,
576 289 663 354 inter
695 288 876 374 vegetabile
896 337 905 366 ,
925 299 1024 378 atque
1044 292 1189 370 animal,

110 374 195 425 inter
218 362 338 428 animal
361 364 524 453 denique,
548 380 579 437 et
600 371 766 437 bominem
793 384 900 439 essent
931 374 1055 459 species
1077 377 1191 470 aequi-

110 463 221 540 vocae,
243 445 374 544 boc-est
397 451 573 538 participes
596 454 832 537 proprietatum
853 455 1024 540 utriusque
1049 459 1189 541 speciei,

110 534 288 593 existerent
310 551 343 592 in
368 542 482 598 natura
506 555 615 599 rerum
637 536 787 620 species,
810 557 894 620 quae
915 558 958 600 eii
981 539 1192 623 proprietati-

111 606 172 671 bus
193 610 351 693 oppositis
372 627 577 692 constarent,
602 636 741 701 nempe,
764 638 816 682 res
839 620 984 684 viventes
1014 618 1138 696 simul,
1159 630 1191 684 et

112 700 272 767 mortuae,
296 713 349 788 res
370 714 465 761 seusu
489 697 679 783 praeditae,
704 707 737 763 et
762 709 913 786 expertes
938 721 1073 779 seusus,
1096 701 1191 765 item

112 793 176 857 que
200 793 251 837 res
273 776 461 854 rationales,
485 789 517 844 et
538 779 754 844 irrationales.

154 855 225 920 128.
250 855 319 920 lloc
334 870 563 942 argumentum
581 862 835 948 metaphysicum
854 884 931 927 cum
952 863 1129 938 accuratis,
1144 885 1195 928 re-

112 937 289 1022 petitisque
303 937 586 1008 observationibus
607 942 794 1020 concordat3
817 942 981 1029 siquidem
994 967 1036 1010 eii
1050 945 1094 1009 iis
1104 966 1194 1010 ooin·

112 1029 239 1114 pertum
262 1031 316 1116 est·
331 1020 475 1089 diversos
491 1024 610 1111 gradus
625 1023 850 1110 perfectionis,
864 1026 923 1110 qui
943 1028 978 1091 in
992 1025 1194 1112 quibusdam

113 1101 284 1186 speciebus
306 1105 535 1185 inveniuntur,
559 1106 644 1172 ultra
667 1120 817 1172 naturam
839 1129 954 1172 earum
975 1105 1063 1173 baud
1085 1129 1196 1172 assur-

113 1203 203 1281 gere3
227 1184 272 1282 ita
295 1194 332 1251 ut
354 1185 463 1252 nullae
485 1189 612 1276 species
627 1190 840 1274 aequivocae,
860 1189 911 1255 vel
927 1187 1146 1257 intermediae
1162 1190 1195 1255 in

114 1286 196 1351 ipsis
218 1278 361 1334 existere
386 1281 516 1354 queant.

156 1348 225 1415 129.
249 1349 363 1436 Neque
385 1355 568 1437 specierum
592 1353 797 1417 continuatio
811 1374 853 1417 ex
873 1354 927 1430 iis,
950 1373 1033 1438 qnae
1055 1352 1101 1416 ab
1123 1353 1197 1418 eius

114 1430 298 1498 fautoribus
320 1432 541 1512 adducuntur,
564 1433 734 1521 probatur.
758 1435 889 1500 Etenim
917 1434 958 1499 de
983 1433 1044 1499 hoc
1066 1433 1198 1501 dumta-

114 1524 172 1581 xat
194 1516 280 1581 inter
301 1537 357 1582 cos
379 1517 570 1595 couvenit¹,
585 1538 703 1603 nempe
718 1517 874 1603 polypum
892 1537 963 1582 esse
978 1516 1124 1602 speeiem
1144 1538 1197 1582 ae-

115 1657 148 1704 ad
168 1661 285 1718 speciem
306 1658 473 1721 interiorem,
494 1663 567 1711 reiut
586 1673 671 1725 genas
689 1661 757 1717 sius,
778 1658 943 1714 reseruntur,
959 1662 1023 1721 puta
1040 1660 1196 1710 animated

115 1731 265 1788 bominem,
286 1732 329 1781 vel
348 1732 470 1785 belluam.
491 1731 598 1786 Etenim
617 1733 669 1782 bac
688 1734 802 1795 species,
824 1732 862 1781 uti
881 1731 1002 1794 apposite
1020 1726 1052 1780 ti.
1073 1727 1140 1782 tta.
1160 1729 1196 1781 bi.

116 1796 128 1868 l
132 1803 168 1852 De
180 1803 340 1864 praedicat„
356 1811 435 1856 tract.
452 1805 497 1864 lV,
513 1822 539 1858 a.
555 1802 584 1872 3)
603 1806 764 1861 observarit,
782 1808 911 1853 vocantur
930 1803 1042 1859 madiae,
1057 1815 1112 1853 nen
1127 1805 1197 1867 quad

116 1879 178 1922 suat
199 1875 344 1938 participes
363 1881 525 1940 specierum,
547 1881 617 1928 inter
636 1891 704 1941 quas
723 1877 893 1932 interiacent,
908 1875 954 1924 sed
967 1875 1037 1938 quod
1058 1888 1199 1939 unaquae-

117 1960 169 2010 quo
189 1946 296 1996 illarum
315 1953 460 2001 essentiam
479 1953 626 2015 superioris
645 1951 742 2013 speciei
763 1948 894 2011 peculiari
907 1946 1053 1996 differentia
1068 1948 1198 1998 determi-

118 2023 210 2068 natam
231 2018 321 2079 babet,
342 2026 369 2072 et
390 2028 475 2073 totam
494 2025 638 2074 essentiam
651 2036 729 2074 sitam
742 2034 805 2070 oum
821 2020 939 2071 interiori
958 2021 1159 2079 communicat,
1173 2021 1197 2069 in

118 2105 171 2153 qua
192 2092 247 2155 ipsa
268 2105 315 2155 per
334 2107 430 2146 novam
451 2095 630 2146 differentiam
653 2094 857 2144 determinatur.
878 2089 913 2143 At
931 2091 1035 2153 species
1054 2105 1149 2142 reruni
1167 2105 1198 2140 ea

118 2163 208 2222 modo,
229 2177 282 2227 quo
302 2159 457 2226 Leibuitius,
471 2175 499 2218 et
512 2165 649 2219 bennatus
666 2180 712 2216 eas
731 2169 905 2228 acceperuut,
919 2166 1030 2221 mediae,
1045 2177 1094 2214 seu
1110 2168 1198 2229 neqni-

118 2250 196 2286 aoeae
214 2240 303 2286 essent
321 2243 521 2302 participatione
533 2247 722 2298 eetrsmarnni,
742 2239 793 2287 boc
812 2242 865 2295 ast,
884 2237 921 2285 ita
934 2241 963 2285 ut
977 2235 1074 2298 partini
1085 2237 1193 2292 thuna

119 2314 147 2358 et
167 2309 263 2371 partim
283 2309 316 2357 ab
336 2310 389 2359 alio
408 2318 529 2362 extremo
548 2311 731 2362 efficerentur.

160 2381 167 2416 ¹
187 2377 285 2432 Omnes
305 2388 516 2445 propugnatores
535 2386 601 2447 legis
621 2382 806 2433 continuitatis
825 2380 941 2442 speciem
961 2380 1141 2441 aequivocam
1161 2382 1198 2429 in-

119 2459 161 2505 ter
180 2454 308 2514 belluam,
328 2460 355 2502 et
375 2456 523 2518 vegetabile
542 2471 600 2506 esse
621 2456 747 2519 polypum
769 2458 870 2502 tenent.
890 2449 928 2500 lle
948 2453 1062 2500 transitu
1075 2457 1196 2502 anaema

120 2525 209 2576 bellua
229 2526 261 2576 ad
283 2527 418 2577 bominem
440 2531 508 2579 iuter
527 2543 572 2579 eos
592 2542 646 2577 nun
664 2525 800 2576 convenit.
821 2523 905 2581 Sunt,
926 2525 971 2586 qui
991 2537 1055 2573 cuni
1074 2519 1194 2580 bubona,

121 2599 233 2662 aliisque
253 2597 372 2649 latentur
391 2601 506 2661 speciem
526 2603 702 2664 aequivocam
721 2599 793 2648 inter
810 2597 958 2653 bominem,
972 2595 1135 2645 othelium
1147 2610 1200 2646 non

123 2671 243 2720 inveniri.
266 2665 434 2722 Contrariam
454 2675 613 2724 sententiam
634 2675 743 2721 tuentur
756 2666 883 2721 Laeuius.
897 2663 1054 2726 leibnitius,
1070 2673 1096 2716 et
1112 2665 1201 2718 linea

120 2757 211 2793 uerus.
233 2739 332 2794 bocliio
351 2746 437 2794 visani
457 2750 497 2795 est
517 2747 586 2795 tinne
606 2744 723 2808 speeiem
744 2743 918 2801 aequivocam
938 2739 974 2790 ab
992 2740 1025 2788 iis
1043 2739 1200 2789 bominibus

122 2815 260 2869 constitui,
272 2818 317 2878 qni
337 2816 484 2866 imbecilles
496 2823 584 2869 sunta
600 2816 740 2866 nativitate
753 2809 816 2881 (Op.
831 2816 887 2869 eit„
902 2811 946 2862 lib.
964 2809 1010 2867 lll,
1025 2825 1051 2860 c.
1066 2811 1094 2869 2,
1110 2811 1200 2880 822).

123 2883 268 2937 leibnitius
287 2887 373 2938 lassus
392 2896 432 2938 est
452 2891 552 2940 nullam
573 2890 693 2952 spectem
713 2887 829 2936 mediam
848 2885 918 2932 inter
938 2883 1075 2932 bominem
1093 2890 1123 2933 et
1143 2885 1201 2932 bet-

122 2964 196 3012 luam
217 2959 243 3008 iii
264 2966 351 3010 nostro
372 2968 502 3011 terrariiin
522 2961 585 3011 orba
605 2961 727 3014 inveniri,
747 2959 792 3006 sed
812 2956 948 3006 contendit
962 2955 1028 3005 nibil
1041 2955 1198 3018 probibere.

123 3035 188 3097 quin
208 3033 281 3082 ittam
303 3033 328 3081 in
348 3034 400 3082 alio
419 3035 483 3083 arbo
502 3037 615 3084 existere
635 3036 744 3096 putetur
763 3026 809 3096 (N.
824 3031 867 3083 B..
883 3027 930 3076 lib.
945 3024 992 3086 lV,
1006 3041 1033 3078 a.
1050 3027 1127 3087 tas
1144 3023 1202 3095 ts).

122 3105 243 3168 Denique
263 3105 360 3166 impius
379 3102 533 3157 buchnerus
552 3106 631 3158 badia
649 3101 782 3167 pertendit
795 3099 939 3161 Aethiopes
950 3112 1009 3148 esic
1021 3099 1141 3161 speeiem
1153 3113 1205 3150 ae-

124 3181 277 3243 quivocam,
298 3190 445 3240 perquam
464 3181 566 3240 speeies
585 3177 702 3227 belluina
721 3187 785 3224 cuni
805 3172 923 3221 bumana
935 3173 1119 3229 continuatur,
1133 3173 1201 3235 quin

125 3252 172 3314 ipsi
194 3251 219 3299 in
238 3262 286 3299 sua
305 3253 439 3299 structura
458 3253 583 3314 organica
597 3246 806 3312 praeseferunt
826 3245 922 3302 multa,
935 3244 1031 3306 quibus
1042 3243 1077 3292 ad
1089 3244 1201 3293 simiam

127 3323 244 3384 proxime
263 3321 396 3372 accedunt
414 3318 507 3386 (Fama
525 3331 549 3372 et
567 3319 684 3378 muttire,
699 3334 726 3382 p.
743 3319 788 3374 ta,
801 3322 830 3365 et
844 3314 888 3373 tt,
901 3315 945 3366 ed.
966 3312 1039 3381 eit).
1059 3311 1112 3365 Sed
1132 3317 1201 3364 baec

126 3397 276 3442 commenta
296 3389 536 3452 Loekit,1.eiantiii
556 3400 583 3443 et
603 3391 734 3444 lluebneri
755 3394 816 3440 snut
834 3388 903 3437 adso
921 3386 1122 3444 dictitantur
1137 3401 1204 3437 eon-

127 3463 257 3512 iuiatiaae
276 3470 381 3527 egeant.
404 3462 437 3515 Et
456 3480 538 3526 saue,
558 3465 630 3530 quod
649 3464 682 3515 ad
701 3458 832 3514 loekiam
855 3461 970 3517 attinet,
995 3460 1086 3516 siout,
1111 3461 1204 3509 aiente

128 3545 150 3579 ⁸·
173 3530 329 3593 biigasiino,
349 3556 359 3581 ι
376 3537 495 3587 videmus
515 3537 664 3588 infantilem
684 3536 800 3585 animani
823 3532 940 3582 nondum
958 3531 1079 3592 coepisse
1097 3533 1139 3580 uti
1159 3546 1203 3580 n-

131 3602 213 3656 tione,
233 3609 260 3650 et
280 3611 367 3655 tamen
387 3621 445 3656 eam
467 3611 624 3659 rationalem
644 3610 757 3657 dicimus
775 3627 784 3649 ι
800 3601 853 3672 (ile
866 3605 931 3655 Gen.
951 3605 986 3653 ad
1004 3605 1065 3661 titt,
1077 3602 1128 3652 lib.
1143 3601 1205 3660 vti,

134 3685 160 3728 a.
183 3671 208 3732 l,
230 3684 257 3724 a.
280 3670 336 3744 ¹⁰li
357 3679 392 3728 ita
412 3678 548 3745 homines,
569 3684 615 3748 qui
635 3680 782 3733 imbecilles
801 3693 817 3731 a
834 3677 973 3731 nativitate
990 3679 1071 3735 suut,
1090 3677 1146 3730 etti
1164 3690 1209 3730 ia·
