2475 3909
182 219 221 284 18
557 230 757 281 sources

142 318 248 395 llatur,
271 318 404 404 propria
423 324 481 381 est.
505 318 547 384 At
568 329 663 382 sensu
684 316 838 381 translato
859 312 962 382 tribui
982 325 1086 401 potest
1100 319 1216 385 etiam

142 398 327 467 substantiis
349 397 586 487 spiritualibus,
608 418 693 483 quae
715 407 789 463 sunt
809 410 958 485 expertes
985 401 1150 484 partium;
1175 414 1218 467 et

143 492 237 569 prout
257 482 337 570 ipsis
358 478 526 558 tribuitur,
549 501 612 545 nou
634 479 755 545 dicitur
767 480 951 557 dissensisse,
967 481 1021 545 sed
1036 483 1216 557 virtualis,

141 568 220 649 quia
233 564 363 632 denotet
376 562 417 627 ali
442 580 518 627 uam
532 563 662 627 illarum
673 562 923 647 perfectionum.
934 583 1016 648 quae
1028 563 1069 627 ad
1079 585 1214 629 earum

141 648 192 743 vel
212 658 370 793 optaram,
392 582 443 709 veel
465 666 538 721 esse,
552 645 601 709 rel
617 644 831 720 durationem,
845 645 896 708 vel
911 646 976 710 um
990 645 1109 731 agendi
1125 668 1216 733 per·

143 740 229 794 tinen
248 777 254 790 .

429 852 495 904 dar.
518 851 687 905 Vlll.-l)e
715 852 912 903 relatione

181 960 231 1027 35.
254 960 381 1027 Relatio
404 964 437 1027 in
459 962 647 1027 universum
668 973 773 1027 sumta
795 960 876 1026 illud
899 983 958 1049 pro
983 966 1032 1029 rie
1053 964 1217 1043 denotat,

143 1065 201 1141 per
222 1042 307 1191 tpuod
329 1066 429 1109 unum
452 1043 492 1107 ad
515 1042 604 1109 aliud
618 1043 790 1139 quemdam
805 1043 952 1110 ordinem
960 984 1073 1113 babet.
1088 1049 1217 1126 Quare

144 1147 176 1190 m
198 1146 232 1189 re
248 1125 354 1189 atione
376 1128 439 1191 tria
461 1126 718 1210 distinguuntur,
739 1126 862 1192 scilicet
885 1124 1067 1207 subiectum,
1082 1152 1217 1220 nempe.

145 1207 237 1283 illud,
259 1208 347 1292 quod
368 1207 464 1273 babet
483 1207 633 1274 ordinem
653 1206 694 1270 ad
716 1208 817 1285 aliud;
840 1209 1003 1286 terminus,
1026 1231 1084 1277 seu
1104 1212 1215 1295 illud,

143 1287 292 1386 adqarod
313 1289 493 1356 subiectum
516 1288 609 1355 babet
630 1288 795 1365 ordinem,
822 1300 855 1355 et
873 1290 1122 1371 fundamentum,
1148 1320 1217 1365 seu

37 1447 40 1452 Ι
144 1373 357 1456 principium,
379 1373 474 1437 cuius
495 1374 619 1437 ratione
636 1370 815 1436 subiectum
828 1371 868 1437 ed
882 1372 1057 1439 terminum
1071 1397 1221 1465 compa-

145 1464 246 1517 ratur.
268 1454 316 1517 lta
338 1455 366 1519 si
399 1476 516 1541 cycnus
536 1453 652 1518 similit
673 1452 841 1519 columbae
863 1466 994 1540 propter
1017 1456 1217 1529 albedinem

144 1533 285 1611 dicatur,
308 1557 424 1622 cycnus
452 1538 516 1603 erit
535 1536 716 1612 subiectum,
740 1536 888 1602 columba
909 1537 1069 1616 terminus,
1084 1540 1216 1609 albedo

144 1628 251 1682 autem
272 1618 500 1699 friadomeotum
523 1619 619 1683 buius
647 1618 823 1682 relationis.
852 1618 1063 1699 Subiectum,
1084 1633 1119 1690 et
1142 1634 1219 1692 ter·

145 1700 252 1763 minus
274 1711 430 1767 rorantur
449 1702 548 1766 etiam
569 1710 717 1764 extrema.

183 1781 234 1847 36.
257 1780 385 1849 Relatio
396 1790 504 1847 autem
516 1802 583 1847 esse
596 1791 701 1867 potest
714 1780 762 1846 vel
773 1782 916 1876 proprie,
927 1795 961 1851 et
972 1784 1079 1849 stricte
1091 1788 1217 1866 realis,

144 1863 193 1928 sel
215 1864 325 1944 logico,
348 1864 399 1931 rel
420 1867 532 1930 mixte.
555 1864 685 1930 Relatio
706 1859 804 1929 realis
825 1872 873 1928 est
893 1885 943 1941 ea,
965 1884 1061 1949 qoam
1076 1868 1219 1939 intelle·

144 1955 214 2011 ctus
235 1947 445 2033 deprehendit
465 1947 549 2013 inter
568 1966 621 2011 res
635 1966 710 2010 rere
724 1945 909 2021 existentes,
923 1967 1006 2032 quae
1020 1953 1218 2020 naturalem

145 2027 292 2095 ordinem
316 2031 433 2095 babent
454 2028 493 2095 ad
516 2029 669 2093 invicem.
693 2026 907 2101 Huiusmodi,
929 2050 959 2093 e.
1006 2076 1028 2105 .,
1049 2042 1098 2097 est
1118 2038 1219 2102 rela.

147 2110 203 2184 tio,
226 2131 310 2196 quae
331 2112 417 2177 inter
436 2120 570 2195 patrem,
593 2108 748 2174 etlilium
769 2109 951 2175 intercedit.
975 2049 1063 2177 llaec
1082 2116 1218 2185 relatio

145 2202 279 2256 vocatur
293 2202 414 2269 maroa,
435 2193 514 2277 quie
528 2191 600 2256 eius
614 2189 861 2257 fundamentum
873 2192 907 2255 iu
921 2190 1078 2260 ambobus
1096 2208 1219 2266 extre-

146 2272 206 2337 mis
228 2272 359 2340 realiter
379 2275 499 2340 existit.
524 2271 622 2348 Puta,
650 2282 763 2338 mutua
783 2282 831 2338 est
852 2273 991 2348 relatio,
1011 2298 1094 2363 quae
1117 2280 1220 2350 inter

146 2367 281 2440 patrem,
304 2355 454 2422 etlilium
476 2354 659 2429 intercedit,
683 2356 761 2439 quie
776 2365 870 2439 pater
882 2354 922 2419 ad
937 2355 1053 2436 lilium,
1069 2368 1102 2425 et
1115 2358 1220 2432 filius

145 2437 186 2501 ad
210 2449 334 2523 patrem
356 2436 504 2502 ordinem
526 2436 705 2502 naturalem
726 2435 832 2502 habet.

185 2520 236 2587 37.
260 2521 387 2587 Relatio
409 2531 517 2585 eutem
539 2519 638 2603 lopica
650 2520 781 2604 exurgit
795 2540 836 2583 ex
849 2539 900 2597 eo,
915 2519 1003 2606 quod
1019 2522 1216 2595 intellectus

146 2601 293 2669 ordinem
316 2604 407 2689 ponit
429 2603 513 2667 inter
535 2622 609 2666 suos
631 2609 821 2684 conceptus,
848 2611 944 2687 atque
973 2603 1017 2667 ita
1037 2626 1148 2670 unum·
1170 2614 1220 2679 ad

145 2684 284 2750 alterum
306 2686 415 2751 refert.
439 2684 598 2760 Quocirca
619 2694 668 2749 est
688 2703 739 2758 ea,
753 2702 818 2767 que
840 2684 965 2769 aliquid
980 2684 1019 2749 ad
1042 2686 1132 2753 aliud
1158 2714 1220 2760 γρ.

147 2766 263 2844 fertur,
285 2790 345 2832 oon
363 2766 527 2832 secundum
547 2765 698 2830 rationem
712 2764 879 2841 existendi,
899 2766 1131 2833 redaccenderet
1156 2795 1220 2841 ra.

146 2848 258 2913 tionem
280 2849 469 2933 intellipendi
491 2849 514 2913 ¹.
538 2849 576 2913 E.
601 2869 646 2933 g„
669 2846 866 2924 intellectus,
892 2848 921 2911 si
940 2862 1108 2935 comparat
1130 2874 1222 2922 con-

146 2941 277 3015 ceptum
291 2932 420 3017 lepidis,
436 2951 532 3016 quem
548 2938 619 2995 ectu
635 2930 669 2992 in
690 2948 724 2994 se
745 2926 940 3007 considerat,
955 2950 1031 2994 cum
1044 2949 1221 3021 conceptu

146 3012 276 3097 lapidis,
299 3035 395 3099 quem
419 3021 511 3078 antea
536 3010 598 3076 sibi
618 3010 770 3085 confecit,
786 3023 817 3077 et
837 3032 940 3076 unum
961 3034 1031 3076 esse
1051 3017 1221 3089 eumdem

145 3115 221 3160 cum
243 3096 307 3161 alio
327 3095 477 3172 advertit,
497 3094 688 3160 relationem
717 3094 888 3158 identitatis
916 3094 1002 3160 inter
1028 3108 1221 3186 utrumqne

147 3178 249 3263 pouit.
1229 3209 1230 3218 ¹

186 3260 236 3325 38.
260 3256 407 3345 Denique
429 3257 544 3324 relatio
566 3256 687 3323 dicitur
709 3256 832 3334 mixto,
860 3260 989 3341 quotics
1013 3258 1095 3325 ordo
1119 3264 1222 3333 inter

147 3342 218 3405 eius
239 3349 382 3406 extrema
402 3338 591 3406 huiusmodi
613 3348 675 3417 est,
696 3351 734 3405 ut
753 3341 787 3405 in
809 3360 873 3403 uuo
887 3360 1000 3404 eorum
1014 3341 1223 3415 fundamen·

147 3434 217 3489 tum
239 3424 281 3489 sit
301 3422 470 3501 naturale,
496 3424 529 3488 in
551 3422 652 3486 altero
674 3431 783 3488 autem
803 3420 843 3487 eb
866 3422 1032 3490 intellectu
1053 3425 1229 3510 ponatur.l

147 3506 235 3571 llaec
257 3506 424 3572 relationis
446 3505 565 3591 species
587 3502 710 3569 dicitur
730 3506 829 3570 etiam
849 3526 910 3569 aon
930 3519 1050 3583 metuo,
1072 3510 1156 3592 quia
1180 3517 1222 3581 in

182 3712 192 3750 ¹
211 3707 239 3763 S.
254 3708 364 3774 sonae,
382 3714 411 3763 m
425 3712 470 3762 ru.
486 3712 592 3769 isene,
608 3706 672 3758 oue
689 3704 812 3768 xxvtu,
826 3708 888 3760 auo.
905 3708 933 3761 e.
1227 3697 1228 3768 l
