2475 3909
531 165 763 215 Dl'NAlilLCGlA

535 306 673 372 GAPVT
694 309 751 373 lli.

439 455 483 522 lle
502 453 664 522 facultate
685 456 853 522 seutisuli

307 611 374 664 Αιιι.
396 607 602 674 l.-Quse‹lam
623 610 742 660 notiones
761 612 973 672 praestitooutur

131 731 199 814 fl.
223 729 370 794 Facultas
394 727 554 794 sentiendi
577 725 633 792 iiia
655 737 726 804 est,
751 748 810 813 per
830 749 929 814 quam
952 730 1059 794 anima
1085 733 1174 799 uuita

106 811 238 896 corpori
259 831 312 875 res
334 809 530 885 materiales,
545 820 705 893 quatenus
720 811 905 875 materiales
919 821 1005 888 sunt,
1021 815 1172 898 percipit.

107 893 194 958 Haec
223 892 358 958 facultas
386 891 612 977 complectitur
638 910 744 955 scaros
771 903 938 969 externos,
965 902 998 958 et
1023 895 1172 960 internos.

107 976 257 1050 Externi,
279 995 419 1061 quorum
435 983 525 1038 actus
546 972 679 1036 scasotio
693 983 911 1058 nuncupatur,
933 995 974 1039 ex
995 995 1035 1039 eo
1055 995 1174 1042 nomen

106 1066 250 1134 sumunt,
273 1055 358 1140 quod
381 1066 552 1120 versantur
565 1055 651 1118 circa
666 1075 718 1118 res
731 1056 921 1130 exteriores,
936 1055 995 1119 hoc
1010 1066 1071 1133 est,
1085 1059 1172 1123 circa

105 1158 169 1215 res,
215 1159 275 1204 uae
296 1140 375 1224 ipsis
397 1138 600 1203 extrinsecus
622 1134 837 1201 obiiciantur.
858 1139 976 1205 Sensus
997 1147 1107 1203 autem
1127 1141 1175 1204 in-

106 1221 190 1284 terni
227 1241 265 1286 oc
280 1223 408 1286 nomine
424 1218 596 1294 donantur,
611 1216 690 1301 quia
705 1227 850 1302 spectant
863 1241 916 1284 res
930 1218 1076 1296 sensiles,
1091 1243 1173 1306 quae

104 1300 246 1366 animam
269 1321 327 1386 per
349 1322 461 1367 sensus
482 1299 661 1364 exteriores
687 1299 851 1396 inpressae
872 1310 958 1365 sunt.

145 1382 196 1448 l3.
221 1385 286 1448 iam
309 1404 421 1448 sensus
440 1384 611 1465 utriusque
627 1400 756 1464 generas
771 1402 834 1446 non
849 1384 882 1446 in
896 1382 1005 1447 anima
1019 1383 1099 1458 sola,
1114 1382 1170 1448 sed

103 1462 138 1525 in
154 1466 260 1530 anima
276 1464 385 1539 simul,
401 1477 432 1530 ct
446 1483 581 1548 corpore
596 1463 755 1537 existunt,
771 1485 808 1528 ec
823 1461 959 1549 proinde
973 1461 1013 1526 ad
1028 1466 1173 1530 actiones

102 1564 179 1609 suas
207 1545 405 1613 exercendas
437 1544 586 1629 indigent
616 1543 812 1627 quibusdam
846 1543 993 1628 partibus
1024 1549 1173 1630 corporis

102 1625 262 1710 peculiari
285 1626 426 1715 quadam
452 1636 614 1693 structura
642 1623 782 1691 donatis.
813 1628 882 1691 Hae
910 1638 1019 1710 partes
1044 1649 1171 1711 epona,

103 1726 219 1794 nempe
243 1711 454 1776 instrumenta
471 1707 556 1773 dicta
577 1715 668 1784 sunt,
689 1708 766 1792 quia
787 1709 969 1773 inserviunt
990 1711 1118 1775 animae
1131 1710 1173 1775 ad

102 1789 244 1856 actiones
265 1789 398 1857 sensiles
419 1789 626 1857 exercendas.
646 1790 775 1873 Organa
796 1810 947 1855 sensnum
971 1790 1172 1858 internorum

102 1869 137 1932 in
160 1873 297 1938 internis
342 1872 466 1939 artibus
482 1871 642 1957 corporis,
663 1882 697 1936 et
718 1891 840 1956 organa
853 1882 1060 1937 eutemorum
1075 1876 1108 1939 in
1123 1872 1173 1940 di·

100 1955 204 2020 versis
226 1895 374 2042 partiens
396 1953 579 2042 superficiei
603 1951 692 2017 iliius
713 1951 868 2019 resident.
884 1955 1044 2020 Sensunm
1059 1966 1170 2021 autem

100 2045 310 2103 externorum
334 2059 504 2122 organum,
524 2033 611 2121 quod
633 2032 784 2101 odoratui
799 2037 948 2110 inservit,
963 2057 1066 2114 nores,
1080 2036 1171 2122 quod

101 2121 257 2199 gustatui,
278 2118 398 2203 linquo,
421 2117 506 2204 quod
529 2116 667 2192 auditui,
689 2135 793 2192 ouras,
815 2116 902 2202 quod
924 2118 1054 2196 visioni,
1072 2121 1171 2199 oceli,

99 2199 187 2290 quod
212 2203 324 2278 tactui,
348 2221 459 2264 monos
482 2199 748 2282 nuncupantur¹.
818 2213 821 2218 ·

365 2322 433 2374 Λιι.
457 2319 578 2374 tt-lts
597 2324 703 2373 obiecto
722 2323 902 2373 sensibilitatis

139 2431 191 2495 ll.
215 2428 313 2515 Prop.
338 2425 383 2494 1⁸.
408 2425 569 2493 Obiectom
591 2427 808 2493 renitititota's
827 2447 889 2491 noa
908 2427 997 2494 oiiod
1017 2439 1080 2505 est,
1103 2429 1171 2492 oiri

99 2513 145 2590 id,
169 2513 249 2596 quod
270 2522 312 2574 cst
334 2529 524 2593 corporeum.

139 2591 309 2658 Probatur.
326 2592 502 2658 «Potentia
525 2611 563 2658 co
586 2593 756 2668 noscitiva,
773 2601 810 2658 ut
828 2613 854 2657 s.
870 2592 1009 2656 Thomas
1030 2593 1170 2668 monuit,

98 2677 366 2763 proportionetur
386 2611 622 2758 cognoscibiii²
637 2697 667 2750 a,
687 2674 733 2739 ita
754 2685 790 2739 ut
810 2675 838 2739 si
861 2675 1006 2758 potentia
1033 2694 1092 2759 per
1117 2695 1173 2739 or-

99 2778 181 2842 gana
203 2777 359 2842 corporea
381 2764 567 2831 exercetur,
589 2753 637 2833 id,
658 2754 744 2839 quod
766 2756 997 2841 cognoscitur,
1021 2777 1084 2820 nou
1106 2757 1172 2820 uisi

98 2858 290 2925 corporeum
304 2858 372 2902 esse
387 2837 496 2922 possit.
512 2837 613 2921 Atqui
629 2836 768 2901 facultas
781 2836 940 2903 sentiendi
954 2857 1017 2900 non
1032 2838 1094 2902 nisi
1109 2859 1174 2923 per

98 2939 136 2984 or
159 2940 218 2984 aua
250 2939 405 3005 corporea
427 2928 618 2994 exercetur3
647 2939 759 2984 omnes
786 2920 872 2984 enim
900 2919 1089 3003 experimur
1110 2940 1172 2983 nos

96 2941 179 3067 niiit
202 3021 346 3086 uuquam
368 3002 501 3077 sentire,
523 3000 585 3064 nisi
613 3018 675 3086 ope
697 3000 837 3066 alicuius
851 3002 979 3087 organi,
1002 3001 1048 3065 ite
1069 3011 1118 3076 ut,
1141 3003 1172 3066 si

97 3082 184 3169 quod
206 3102 366 3167 organum
387 3085 517 3168 corpori
538 3079 639 3158 desit,
662 3090 718 3147 aut
738 3083 818 3149 vitio
838 3083 950 3168 aliquo
972 3081 1111 3158 laboret,
1136 3105 1173 3148 a·

97 3168 185 3231 nima
208 3161 460 3242 sensationibus,
475 3183 558 3250 quae
581 3184 641 3249 per
663 3161 744 3228 illud
766 3185 805 3230 or
826 3185 924 3228 snum
946 3162 1038 3242 fiunt,
1060 3162 1111 3232 vei
1135 3185 1174 3228 o-

95 3249 208 3314 mniuo
228 3257 350 3323 careat,
373 3245 424 3310 vel
439 3265 609 3343 perperam
629 3245 798 3311 alliciatur.
845 3265 905 3332 rgo
919 3243 1081 3311 obiectum
1096 3265 1173 3311 sen-

96 3329 261 3396 sibilitatis
282 3338 331 3394 est
355 3325 480 3413 aliquid
503 3346 710 3412 corporeum.

131 3491 140 3527 ¹
163 3487 256 3540 Manus
275 3490 381 3554 proprie
399 3494 440 3540 eat
458 3501 587 3553 organum
608 3494 696 3540 taetus
716 3491 811 3547 octtot,
839 3494 894 3540 tota
920 3495 1010 3540 sutem
1031 3491 1108 3554 pellis
1128 3499 1172 3543 est

94 3574 223 3626 organum
241 3566 330 3612 tactus
347 3565 455 3626 possiet.
476 3557 512 3612 (ll
528 3558 675 3625 Debreyue,
697 3562 856 3628 Plustotop„
876 3577 901 3612 e.
926 3563 950 3624 l,
971 3565 986 3625 s
1006 3565 1032 3614 a.

132 3637 142 3670 ·'
164 3633 183 3692 l,
205 3647 231 3697 q.
253 3629 394 3694 LXXXlV,
415 3649 441 3692 a.
463 3636 477 3684 7
497 3649 523 3684 c.
