2475 3909
377 203 564 252 aunonourn
586 203 773 251 narvnanrs
1013 185 1074 252 aaa

51 303 157 347 uuum
177 305 245 348 esso
267 285 374 369 ipsum
395 301 427 338 ro
449 305 522 369 eqo,
546 300 732 370 ceterasque
756 303 891 348 resnou
914 284 1001 350 aliud
1024 307 1116 364 esse,

52 367 117 428 nisi
140 364 370 449 phaenomena,
386 365 427 430 ab
448 367 519 453 ipso
544 370 598 433 illo
613 387 664 451 ego
678 368 828 450 cogitante
851 365 1019 450 producta,
1036 389 1118 452 quae

51 467 116 510 raon
139 447 260 523 aliter,
281 467 379 592 quam
408 449 440 513 vi
461 462 589 516 nostrae
610 449 818 537 cogitationis
846 448 1041 524 subsistunt;
1065 461 1120 515 aut

51 551 121 593 esse
144 551 206 593 non
228 531 285 615 qui
311 551 408 615 qnam
431 531 671 608 sullectinum,
694 531 943 606 arelatinum,
967 531 1120 617 quemad-

53 609 187 676 modum
209 637 241 675 το
263 633 314 695 eqo
336 626 407 688 est,
431 614 484 678 sed
507 616 686 763 quidquam
709 612 916 690 obiectivum‚
940 623 972 677 et
993 612 1121 678 absolu-

55 707 137 765 tum,
154 715 277 780 nempe·
293 695 491 772 huiusmodi,
508 711 545 764 ut
559 721 595 764 su
624 699 712 775 lecti,
724 707 756 760 et
777 695 896 759 obiecti
921 695 1024 778 princi
1054 697 1119 759 ium

52 778 105 840 sit.
122 777 219 840 Prior
233 778 389 841 sententia
405 778 552 858 fiahteo,
568 783 668 846 altera
684 775 878 861 schellingio
892 777 1011 843 arrisit.
1028 716 1121 842 llich-

55 873 126 923 teus
146 860 231 922 enirn
255 881 294 924 eo
322 879 423 944 nsque
444 860 607 939 deliravit,
631 875 668 928 ιιι
690 883 707 926 a
728 879 767 917 τω
788 877 950 941 agapam,
974 879 1030 924 SOU
1053 863 1120 924 Sine

52 941 264 1016 conscientia,
282 939 421 1016 infinita,
438 943 644 1020 indivisibili,
663 947 768 1028 ipsum
789 961 820 999 w
840 959 890 1023 epo
910 959 971 1003 aaa
987 963 1118 1025 piarum,

52 1044 112 1086 seu
137 1043 210 1086 cnm
232 1026 428 1089 corrscientia
452 1028 531 1091 suii
559 1029 637 1101 sius,
660 1020 836 1097 divisibile,
857 1033 889 1086 et
912 1021 1050 1099 linitum,
1074 1038 1120 1090 at-

51 1127 117 1188 que
139 1124 171 1162 το
197 1127 256 1168 noa
277 1128 344 1188 eqo,
368 1127 424 1171 seu
446 1049 600 1175 mundum
620 1108 722 1193 paui,
745 1124 868 1170 necnon
890 1102 993 1168 Deum
1015 1109 1117 1170 creari

53 1186 116 1250 sibi
141 1189 349 1270 persuaderet
364 1189 384 1251 ¹.
404 1190 482 1252 Eius
505 1203 640 1278 systema
664 1190 771 1254 vocari
789 1186 868 1252 solet
882 1185 1119 1263 obtestamus,

52 1273 131 1352 quia
153 1271 248 1339 bomo
275 1273 416 1355 seipsum
440 1271 544 1337 Deum
565 1274 686 1348 allicit,
710 1282 765 1336 aut
784 1269 1019 1366 puneqoismus,
1042 1271 1120 1354 quia

54 1353 165 1415 omnia
180 1371 219 1410 τω
239 1374 289 1436 eqo
310 1353 467 1418 contineri
490 1357 611 1420 statuit.
628 1351 841 1498 schellingius
862 1371 932 1414 cero
947 1347 1051 1414 Deum
1065 1350 1121 1415 do·

54 1435 124 1498 cuit
145 1455 213 1500 esse
236 1436 432 1510 Absolutum,
456 1458 512 1502 seu
532 1439 728 1522 principium
749 1437 762 1499 i
780 1434 924 1498 -enta'totis
945 1431 1118 1510 absolutae,

55 1515 87 1579 id
113 1535 255 1601 nempe,
277 1522 310 1583 in
339 1540 405 1602 quo
434 1539 513 1595 res,
536 1533 569 1587 ct
589 1519 706 1591 ideae,
727 1516 908 1580 subiectum
928 1561 934 1589 ,
957 1527 989 1580 et
1015 1514 1123 1580 oblec-

54 1609 137 1671 tum,
159 1627 191 1666 το
219 1621 282 1682 eqo,
299 1614 330 1665 et
351 1621 382 1657 ιο
401 1622 462 1663 nou
482 1622 545 1684 eqo,
560 1603 647 1667 ornni
672 1599 855 1667 differentia
878 1596 995 1672 ablata,
1018 1619 1120 1662 unum

55 1680 208 1764 idemque
230 1695 319 1758 sunt;
344 1681 526 1749 ahsolutum
549 1696 672 1749 tantum
695 1683 843 1756 existere,
861 1692 1031 1762 ceteraque
1053 1701 1120 1746 este

54 1759 187 1835 formas,
203 1762 263 1828 sub
277 1764 396 1848 quibus
412 1766 491 1829 illud
516 1769 659 1851 seipsum
675 1763 868 1830 manifestat.
886 1762 1015 1829 Scilicet
1030 1762 1121 1826 ldea-

55 1847 133 1908 titas
154 1844 323 1922 absoluta,
344 1868 427 1931 qnae
452 1847 538 1913 Deus
562 1861 629 1923 est,
656 1869 712 1932 per
734 1848 920 1911 continuam
943 1845 991 1908 sui
1016 1846 1120 1930 ipsius

53 1924 273 1992 evolutionem
296 1949 330 1992 se
353 1929 413 1994 sub
435 1929 550 1994 formis
571 1932 775 2006 materiarum
795 1928 941 2012 spiritua,
964 1925 1119 2002 obieetiue',

53 2021 89 2072 et
111 2008 286 2083 subiectiii,
310 2011 427 2086 realis,
450 2025 483 2078 et
503 2012 610 2077 ideulis
632 2011 837 2089 manifestat,
860 2021 955 2094 atque
976 2007 1034 2073 hae
1057 2007 1122 2074 lor-

55 2111 127 2154 mae
149 2105 240 2156 extra
254 2092 435 2157 Absolutum
450 2096 646 2160 identitatem
665 2095 915 2179 pbaemmeaioe,
938 2091 1004 2157 sive
1026 2113 1122 2177 appan

53 2185 157 2235 neuter
178 2172 219 2238 ab
241 2196 275 2238 aa
298 2174 567 2260 distinguuntur,
591 2176 647 2242 sed
670 2179 703 2241 iu
726 2177 891 2242 identitate
911 2174 1063 2251 absoluta,
1085 2177 1118 2240 in

53 2275 120 2339 qua
144 2275 218 2319 vere
240 2257 395 2327 existunt.
419 2279 520 2322 unum
544 2257 692 2343 idemque
715 2272 799 2325 sunt.

95 2337 169 2401 23'2.
195 2337 372 2423 lleghelius
394 2350 500 2404 autem
524 2339 578 2404 hic
607 2362 669 2406 non
697 2339 865 2415 subsistit3
890 2360 1027 2424 namque
1056 2358 1119 2401 non

57 2419 165 2484 solum
186 2440 254 2484 rem
275 2421 496 2506 cogitantem,
518 2433 550 2486 et
573 2443 640 2486 rem
660 2423 834 2507 cogitatam
859 2421 1043 2499 confundit,
1065 2419 1118 2486 sed

92 2663 101 2696 ¹
123 2656 164 2710 Eu
182 2661 314 2724 quomodo
331 2663 473 2725 positiones
502 2662 566 2709 istae
594 2660 741 2710 secundum
761 2657 899 2711 Fiehtaum
924 2659 999 2710 llaat.
1021 2655 1057 2711 Το
1075 2677 1119 2726 eqo

52 2749 149 2800 purum
169 2733 253 2795 primo
272 2747 320 2796 per
338 2735 479 2798 quemdam
499 2740 589 2783 actum
608 2737 765 2790 natiuitatis,
786 2735 841 2784 sivo
860 2735 1054 2797 rporitaneitatir
1067 2735 1117 2784 utu

54 2805 205 2857 essentialis
224 2817 251 2854 se
272 2809 357 2869 ipsum
378 2809 461 2869 ponit,
483 2808 536 2855 eive
556 2811 626 2854 creat
647 2805 786 2865 absoluto,
809 2806 895 2864 idest,
915 2809 1053 2868 tamquam
1073 2821 1120 2870 pre-

54 2893 125 2935 rum,
145 2880 202 2926 sine
227 2878 281 2928 alla
299 2879 429 2928 relatione
453 2879 484 2927 ad
504 2877 673 2934 subiectum,
694 2879 771 2930 etad
791 2878 937 2928 obiectum.
959 2874 1054 2928 Deinde
1075 2893 1121 2941 per

54 2953 234 3019 reflexionem,
255 2964 323 3012 qnae
343 2953 366 3000 ei
386 2964 494 3014 qaoque
512 2951 660 3000 essentialis
678 2955 730 3009 ost,
745 2965 772 3002 se
787 2953 812 3000 in
825 2964 853 3000 se
867 2952 953 3012 ipsum
973 2953 1117 3014 retorquet,

54 3040 88 3077 nc
109 3022 216 3086 proinde
245 3037 273 3072 ee
292 3025 318 3072 in
338 3023 508 3082 subiectum,
529 3029 609 3085 atque
636 3023 769 3073 obiectum
798 3024 946 3074 reflexionit
972 3022 1118 3086 distinguit.

56 3097 125 3147 ilinc
144 3107 175 3147 το
193 3109 238 3157 eqo
257 3107 305 3156 per
324 3093 491 3145 reflexionem
513 3095 610 3144 limites
623 3095 670 3143 sibi
685 3095 805 3159 imponit,
826 3109 906 3158 seque
927 3097 952 3145 ln
971 3109 1016 3158 epo
1035 3095 1122 3146 subie-

56 3175 143 3223 ctam,
163 3171 190 3214 et
210 3170 235 3215 in
256 3181 300 3230 eqo
318 3167 452 3218 obiectum
473 3167 574 3216 dividit.
595 3164 723 3230 Quoniam
736 3167 981 3219 autemaubiectum
1003 3168 1123 3217 reflexio-

57 3243 98 3292 nis
116 3240 221 3288 obiecto
239 3243 390 3302 opponitur,
403 3241 490 3303 ,liquet
503 3254 547 3303 eqo
560 3239 693 3297 obiectum,
715 3247 899 3304 comparatum
919 3253 981 3290 oum
1000 3255 1045 3303 eqo
1063 3243 1121 3290 eub-

56 3321 131 3372 iectu,
153 3314 237 3376 reipsa
257 3325 314 3361 ease
332 3328 385 3361 non
404 3327 459 3374 epo.
473 3311 639 3377 Quapropter
653 3327 697 3376 epo
709 3329 802 3376 purum
822 3328 867 3376 per
888 3313 1055 3363 reflexionem
1076 3327 1122 3376 po-

58 3388 99 3437 nit
125 3392 180 3434 tum
201 3385 313 3445 seipsam
334 3399 386 3433 aon
404 3399 518 3446 purum,
538 3385 589 3434 hoc
609 3388 668 3442 est,
689 3401 751 3436 curm
777 3387 935 3436 cmrsaientia
956 3386 995 3433 sni
1016 3385 1120 3444 tursius,

55 3457 198 3514 divisibile,
219 3464 245 3506 ct
264 3456 379 3513 linitam,
399 3461 456 3506 tum
470 3472 521 3505 nan
535 3473 579 3522 epo
593 3459 672 3506 etiarn
687 3457 800 3508 linitum.
815 3456 870 3508 lam
882 3474 914 3511 το
927 3471 971 3521 eqo
985 3463 1119 3520 tamquam

55 3546 171 3597 paeana,
192 3531 248 3579 sine
277 3530 329 3578 alla
349 3531 477 3578 relatione
497 3531 528 3579 ad
548 3529 709 3586 subiectum,
724 3539 749 3580 et
768 3531 912 3589 obiectum,
933 3537 972 3578 est
990 3527 1069 3588 Deus,
1089 3544 1121 3583 ro

55 3621 103 3668 eqo
121 3618 172 3651 aaa
191 3616 296 3665 purum,
316 3601 341 3650 td
360 3606 400 3649 est
419 3615 481 3650 cam
495 3603 655 3653 conscientia
676 3606 716 3653 sui
736 3605 828 3668 ipsius,
843 3610 882 3655 eet
902 3605 1009 3669 spiritus
1028 3603 1123 3656 huma·

56 3691 118 3735 uun
139 3689 172 3728 το
190 3688 242 3724 raon
261 3689 305 3739 spo
324 3681 364 3726 est
383 3675 506 3726 mundus.
1115 3690 1117 3696 ·

1122 3828 1236 3884 A,
