2475 3909
174 140 234 208 130
559 157 761 206 cosuonocra

134 243 209 308 bare
233 261 413 328 possumus.
437 240 485 306 ne
509 262 596 319 vera,
623 241 752 328 piantae
775 243 866 308 nobis
881 243 967 310 baud
988 244 1138 330 praebent
1157 243 1190 309 in

132 347 166 390 se
188 326 254 392 uita
276 325 408 390 iliorum
431 322 638 400 indiciorum,
660 346 702 388 ex
723 324 843 409 quibus
858 348 916 392 uos
931 329 1081 394 animatia
1097 331 1191 394 sensi·

132 407 192 473 bus
215 407 336 493 poliere
358 404 553 490 colligimus.
579 406 689 470 Prima
716 409 804 471 enirn
827 408 860 472 in
882 409 961 495 ipsis
989 432 1052 475 non
1074 411 1191 476 inreni-

133 511 205 556 mus
227 510 347 576 organa
369 487 409 552 ad
432 491 629 553 sensationes
650 497 738 574 apta,
755 488 809 553 sed
824 513 945 576 organa
960 502 1096 569 tantum,
1110 513 1190 579 quae

132 573 317 649 nutritioni,
340 571 607 716 suffimentationi,
623 581 653 634 et
670 570 912 666 peproductioni
936 575 1123 641 inserviunt:
1146 596 1192 638 se

133 655 261 728 cundo,
285 675 349 724 non
370 675 389 717 o
414 673 580 717 servamus
614 653 648 715 in
672 655 752 737 ipsis
776 654 848 720 iilos
869 667 996 732 motus,
1017 657 1192 743 exquibus

133 756 269 822 arguere
292 735 431 800 solemus
453 733 607 798 animalia
622 737 834 812 sensationes,
849 749 881 802 et
894 737 1091 816 affectiones,
1112 760 1191 826 quae

132 819 218 914 ipsas
241 819 508 894 concomitantur,
533 819 565 882 in
587 837 620 880 se
643 819 802 902 experiri.
827 819 916 885 Nibii
931 821 1033 905 igitur
1054 824 1088 887 in
1110 824 1191 908 plan

132 911 174 964 tis
201 897 295 964 nobis
322 899 485 974 occurrit,
510 920 550 962 ex
571 919 638 982 quo
665 919 777 963 sensus
804 901 837 965 in
866 903 946 986 ipsis
971 924 1105 989 arguere
1125 925 1192 990 pos

131 982 281 1048 summ'.

539 1061 721 1127 canT
748 1061 788 1125 V.

504 1185 569 1250 iis
610 1186 825 1250 brutis

172 1310 335 1374 Hactenus
350 1307 389 1373 de
406 1306 516 1372 infimo
532 1327 650 1392 genere
665 1309 857 1387 virentium,
871 1329 988 1395 nempe
998 1311 1191 1398 plantarum

132 1413 217 1456 nnnc
239 1390 279 1456 ad
301 1410 424 1474 genus,
447 1389 534 1474 quod
557 1390 614 1454 iilo
636 1393 787 1475 proxime
808 1393 960 1477 superius
983 1403 1052 1472 est,
1076 1417 1193 1482 nempe

132 1472 314 1549 brutorum,
338 1472 569 1557 explicandum
590 1472 793 1538 accedamus.

276 1593 343 1648 Aur.
360 1594 380 1646 Ι.
395 1620 429 1636 -
442 1591 523 1647 Bruta
544 1611 596 1647 nou
614 1612 673 1647 esse
692 1603 829 1648 automata
848 1599 1045 1649 demonstratur

171 1715 223 1782 87.
246 1708 410 1777 Gartesius
432 1721 504 1794 post
526 1708 719 1772 Pereirarn¹
742 1707 930 1792 aliquorum
955 1721 1105 1777 veterum
1128 1733 1194 1779 sen

132 1797 266 1862 tentiam
287 1793 496 1867 instaurans,
518 1787 685 1855 contendit
705 1787 848 1854 bettuam
868 1813 937 1857 esse
962 1813 1088 1858 merom
1108 1807 1196 1861 auto-

131 1889 262 1951 naatuna,
285 1895 344 1940 seu
366 1873 547 1936 machinam
562 1871 683 1937 aiiabre
696 1881 924 1951 constructam,
947 1896 977 1940 e.
1025 1923 1047 1953 .,
1069 1875 1197 1943 boroio-

132 1963 238 2046 gium,
260 1956 304 2022 ita
326 1965 364 2021 ut
385 1974 494 2018 omnes
518 1954 590 2020 eius
610 1955 813 2050 operationes
835 1977 899 2023 non
920 1956 987 2022 aiiu
1033 1959 1110 2036 sint,
1133 1961 1195 2026 nisi

131 2054 251 2118 motus,
266 2037 324 2123 qui
347 2039 375 2102 ie
400 2033 472 2100 ibus
494 2035 691 2100 mechanicis
711 2035 826 2102 fiunt⁸.

172 2127 224 2192 88.
249 2121 347 2205 Prop.
373 2057 495 2185 belluae
516 2139 578 2182 non
599 2129 674 2182 sant
695 2130 864 2197 automata,
889 2119 941 2183 aed
961 2121 1029 2184 oita
1047 2124 1192 2205 pandent.

173 2201 332 2271 Probatur
354 2203 460 2288 prima
482 2221 568 2287 pars.
591 2201 627 2267 Si
648 2199 746 2265 bruta
766 2210 872 2265 essent
893 2212 1070 2280 automata,
1086 2226 1196 2271 secun

131 2288 210 2353 dum
232 2294 346 2362 certas,
371 2284 585 2368 immotasque
600 2292 735 2347 naturae
751 2283 836 2366 leges
850 2295 1069 2350 morerentur.
1093 2288 1195 2372 Atqui

131 2369 259 2436 belinae
281 2387 344 2430 non
366 2373 536 2432 moventur
557 2363 735 2430 secundum
749 2365 805 2430 bas
819 2365 917 2451 leges.
941 2365 1073 2433 belluae
1095 2370 1198 2456 igitur

131 2474 195 2519 non
218 2459 291 2516 sunt
311 2457 485 2514 automata.

171 2536 223 2602 89.
246 2532 359 2598 Minor
381 2527 675 2595 demonstratum
691 2528 866 2625 praecipua
887 2527 959 2614 iege
974 2539 1097 2611 motus,
1113 2553 1196 2619 qnae

131 2613 320 2684 huiusmodi
342 2622 413 2678 est:
440 2611 559 2696 Corpus
581 2613 617 2676 in
637 2625 723 2677 mota
741 2623 878 2696 pontum
897 2626 1072 2696 perseverat
1095 2617 1197 2679 eaden

131 2700 300 2775 uelocitate,
323 2707 411 2780 atque
434 2695 469 2757 in
490 2694 593 2758 eadem
617 2693 943 2771 circumuasisset
967 2694 1075 2782 aliptae
1095 2708 1199 2761 exter·

131 2803 173 2846 aa
194 2800 286 2844 causa
306 2789 360 2842 aat
380 2776 575 2853 cohibeatur,
597 2788 653 2840 aut
673 2780 709 2841 in
728 2776 808 2841 alias
826 2785 934 2860 partes
962 2777 1196 2844 determinetur.

130 2865 200 2930 Iam
222 2863 301 2927 haec
321 2859 375 2924 lex
396 2855 577 2925 actionibus
599 2856 771 2925 brutorum
792 2858 1031 2925 accommodari
1054 2882 1120 2926 non
1142 2883 1200 2948 po

167 3037 232 3096 'Gi
249 3039 310 3093 bib.
330 3038 390 3100 nt..
421 3041 471 3105 Op.
490 3043 553 3098 ain,
581 3037 629 3089 iib.
650 3039 718 3098 cit.,
739 3054 765 3090 c.
786 3038 814 3090 3.
838 3035 894 3103 Qua
914 3041 942 3090 in
959 3054 988 3092 rs
1006 3041 1201 3093 adunandum

131 3122 173 3171 ast
191 3120 284 3170 contra
298 3109 456 3165 Robinetam
474 3117 564 3164 motus
583 3111 694 3170 barbas,
712 3124 813 3176 quasa
830 3125 912 3162 mann
932 3114 1017 3176 ipsam
1035 3120 1201 3168 aureatante

130 3191 253 3255 aufugit,
275 3199 396 3252 quaeque
416 3185 516 3236 idcirco
535 3190 607 3236 carta
625 3188 747 3245 vocatur,
767 3186 794 3235 et
812 3189 901 3234 matus
920 3185 1027 3247 berbaa,
1047 3200 1117 3251 qnae
1137 3203 1202 3239 rer-

129 3280 175 3316 sna
194 3263 278 3313 soiern
296 3261 421 3318 vertitur,
441 3269 555 3322 eamque
575 3256 608 3306 ob
627 3270 736 3306 cansam
749 3269 847 3307 nomen
859 3257 1004 3324 mnouopn·
1021 3261 1111 3318 babet,
1134 3261 1200 3311 nnt-

131 3337 190 3389 lnm
215 3335 343 3386 indicium
363 3331 522 3384 manationis
536 3329 710 3394 praeseferre,
722 3329 767 3379 sad
785 3342 818 3380 cx
836 3331 964 3394 principio
983 3331 1057 3383 ritaii
1073 3339 1203 3395 repeten-

130 3411 178 3459 des
195 3422 264 3467 assa,
284 3407 354 3471 quoti
373 3407 460 3457 varias
479 3404 560 3468 teges,
576 3403 805 3466 proprietatesque
817 3403 844 3452 in
856 3404 936 3455 variis
948 3403 1098 3468 corporibus
1112 3407 1201 3456 subit.

168 3479 180 3515 ²
197 3477 282 3528 Huius
300 3479 396 3529 medici
415 3477 519 3539 hispani
538 3479 611 3525 extat
631 3488 697 3539 opus
716 3489 731 3525 a
751 3475 833 3538 patris
852 3479 880 3526 ct
892 3490 907 3527 a
921 3479 1015 3529 matris
1033 3479 1203 3544 pronomini·

133 3551 183 3600 bus
202 3553 354 3600 Antoniana
372 3552 522 3612 Morparita
540 3553 736 3611 nuncupatum,
756 3545 877 3599 Medicas
897 3549 979 3601 155⁴.

168 3621 180 3658 ⁸
202 3621 326 3672 mooun
344 3624 375 3674 da
394 3623 420 3673 ia
439 3621 564 3686 rutnans,
585 3625 656 3685 part.
676 3620 704 3685 b,
726 3634 752 3673 a.
771 3619 799 3673 9.
