2475 3909
517 257 717 306 coenonema
1061 245 1121 312 to3

89 349 168 416 teria
192 348 231 414 ad
254 340 486 418 individuam,
508 355 689 428 quatenus,
712 344 879 408 secundum
902 347 985 442 qued
1004 345 1169 432 recipitur

91 435 126 496 in
145 431 203 495 dac
223 425 379 498 materia,
403 445 466 487 non
488 425 630 509 amplius
655 437 803 491 araturam
826 426 1007 509 specificam
1030 451 1065 494 re
1091 452 1162 494 rae-

89 522 202 588 sentat,
225 509 281 575 sed
304 503 468 592 quoddam
491 506 697 571 individuum
729 510 798 572 eius
821 511 987 574 constituit
1002 509 1025 573 ¹.
1082 560 1088 573 .
1114 532 1159 595 g„

90 597 122 659 in
145 596 272 661 Socrate
291 589 489 662 hnmanitas,
508 611 596 673 qrrac
624 600 672 653 est
694 590 797 653 sonna
821 590 985 668 hominis,
1006 590 1161 656 determi-

91 685 145 740 nat
168 674 446 754 materiamqunc
470 672 501 734 in
525 673 655 737 Socrate
677 685 743 748 est,
765 672 843 755 quia
863 671 955 747 haec,
971 674 1017 737 uti
1038 672 1081 736 ab
1102 673 1162 736 bu-

90 758 241 822 manitate
261 753 301 818 ad
324 755 488 819 Socratem
511 752 771 818 constituendum
797 750 1160 831 determinarentur

91 837 133 903 ab
160 837 361 902 animalitate
390 831 429 897 nd
463 831 680 920 bucephaium
708 832 914 898 efficiendum
944 833 1157 900 determinari

90 929 229 1004 poterat
252 920 278 982 E
300 916 482 989 contrario,
509 917 692 981 humanitas
715 917 747 979 in
769 917 900 980 Socrate
923 939 941 980 a
965 919 1100 984 materia
1124 917 1162 979 ii-

91 1002 247 1076 mitatur,
269 998 345 1094 quia
371 999 438 1080 ipsa
460 1017 502 1059 ex
523 1019 588 1074 eo,
611 995 698 1082 quod
723 998 756 1060 in
776 999 908 1063 Socrate
930 998 972 1062 ab
994 1001 1105 1074 hisce,
1129 1009 1162 1064 et

90 1102 153 1147 non
175 1079 312 1144 ab'alirs
334 1077 575 1143 conditionibus
598 1078 753 1144 materiae
776 1080 1078 1157 circumscribitur,
1094 1100 1158 1144 ma

90 1165 169 1229 cuia
271 1161 424 1236 hominis,
447 1159 501 1223 sed
524 1162 666 1227 Socratis
690 1162 823 1245 pmpria
844 1172 901 1226 est.

132 1245 181 1311 ³2
228 1245 345 1326 cniquc
368 1243 394 1306 si
411 1260 528 1326 corpus
549 1244 647 1306 tertie
669 1244 766 1305 modo
787 1243 1022 1321 consideretur,
1040 1263 1157 1337 nempe

91 1331 127 1390 in
150 1328 243 1411 ficri,
267 1335 364 1410 prout
385 1343 447 1386 esse
469 1323 672 1387 substantiale
697 1325 729 1388 in
752 1345 862 1388 rerum
885 1335 999 1389 natura
1022 1325 1159 1408 accipit,

91 1411 171 1474 haec
194 1406 352 1472 monenda
375 1415 466 1470 sunt:

135 1489 167 1555 1⁰
189 1489 254 1554 Res
278 1488 394 1573 incipit
416 1507 484 1552 esse
508 1487 557 1552 vei
580 1486 713 1550 omnino
738 1507 780 1550 ex
802 1483 929 1560 nihilo,
952 1487 1003 1549 vei
1026 1509 1069 1550 cx
1091 1505 1160 1558 eo,

91 1571 178 1656 quod
200 1570 306 1652 forma
328 1570 479 1634 educitur
500 1591 517 1634 a
542 1569 701 1642 materia,
725 1569 793 1630 «in
815 1578 971 1651 qnantum
993 1569 1162 1637 materia,

91 1675 174 1738 quae
198 1666 246 1718 est
266 1651 455 1738 inpotentia
475 1651 516 1716 ad
541 1649 693 1726 formam,
710 1649 745 1714 fit
758 1661 832 1714 actu
854 1647 916 1712 sub
939 1647 1058 1726 forma,
1072 1647 1162 1734 quod

92 1747 142 1801 est
164 1734 271 1799 iacere
303 1734 542 1878 compositum²
560 1754 589 1793 n.
615 1732 761 1794 Primum
790 1729 913 1795 dicitur
933 1733 1061 1805 creatio,
1085 1730 1165 1794 aite-

93 1840 167 1883 rum
187 1821 352 1900 peroratio.
401 1826 429 1880 ta
451 1813 591 1878 mundus
624 1811 733 1877 aDee
765 1820 892 1876 creatus
924 1831 992 1876 esse
1015 1813 1162 1888 dicitur,

92 1901 172 1984 quia
195 1899 295 1975 Deus,
318 1917 393 1962 cum
415 1895 498 1960 nihii
519 1905 609 1961 extra
636 1895 740 1980 ipsum
763 1902 865 1967 esset,
887 1892 996 1958 effecit
1016 1895 1165 1979 omnipo-

93 1983 195 2048 tentia
217 2002 288 2056 sua,
311 1989 348 2043 ut
370 1998 434 2054 res,
456 1975 639 2061 exquibus
662 1973 802 2038 mundus
823 1973 998 2053 conflatur,
1022 1997 1092 2041 esse
1116 1977 1163 2039 in—

93 2065 254 2150 ciperent,
271 2063 340 2126 sive
363 2081 426 2134 res,
442 2080 484 2124 ex
504 2058 628 2156 quibus
650 2055 790 2120 mundus
811 2055 983 2134 condatur,
999 2079 1040 2121 ex
1061 2055 1165 2123 nihiio

95 2145 176 2212 fecit
201 2148 224 2209 ⁸.
247 2144 366 2209 Contra
389 2163 439 2214 ea,
462 2141 545 2204 cinis
568 2139 609 2204 ab
634 2141 708 2222 igne
731 2139 878 2223 generari
902 2137 1050 2214 dicitur,
1072 2141 1164 2224 quia,

93 2238 238 2294 cessante
260 2224 485 2290 combustione
502 2221 595 2306 tigni,
612 2219 681 2286 abit
704 2219 808 2284 forma
825 2220 926 2304 ignis,
939 2222 1037 2303 eique
1058 2220 1164 2285 forma

94 2310 214 2374 cineris
230 2305 386 2382 succedit,
402 2314 497 2387 atque
519 2303 597 2367 haec
612 2322 631 2364 a
646 2303 781 2366 materia
807 2303 889 2386 ignis
905 2301 1073 2377 educitur,
1088 2302 1166 2386 quia

95 2392 232 2489 materia
256 2389 342 2474 ignis
364 2388 405 2451 ad
429 2385 566 2449 formam
589 2385 711 2448 cineris
726 2385 761 2448 in
777 2404 809 2447 se
824 2383 1048 2469 recipiendam
1062 2385 1096 2448 in
1110 2401 1167 2467 po-

95 2482 267 2619 oessaiiedst
290 2567 467 2634 corporeae
495 2556 691 2695 ponerentur
721 2545 1024 2620 transformatione,
1048 2565 1165 2630 nempe

96 2638 233 2702 transitu
268 2631 309 2698 ab
334 2651 398 2694 urm
422 2629 461 2694 ad
483 2631 580 2693 aiam
603 2628 754 2691 sormam.
783 2626 912 2692 Exinde
940 2630 1165 2713 consequitur,

95 2721 124 2784 si
146 2737 267 2805 corpus
289 2711 512 2779 consideretur
533 2713 567 2774 in
588 2711 674 2793 ficri,
700 2728 783 2793 opus
805 2729 890 2783 esse,
913 2721 1044 2794 praeter
1067 2721 1167 2774 mate-

94 2802 206 2876 riam,
229 2808 262 2865 et
284 2795 446 2867 formam,
470 2794 535 2860 aiio
558 2791 745 2877 principio,
767 2810 828 2874 per
852 2790 939 2876 quod
961 2796 1097 2858 materia
1119 2804 1168 2857 est

95 2904 202 2970 capax
228 2899 343 2944 novam
373 2873 510 2942 sormam
537 2873 626 2937 inse
654 2871 847 2956 recipiendi.
872 2874 942 2938 Hoc
964 2874 1167 2960 principium

96 2974 235 3032 vocatur
287 2957 394 3034 irratio,
411 2977 526 3040 nempe
542 2955 683 3020 carentia
696 2951 833 3031 formae,
848 2975 947 3038 quam
963 2977 1014 3022 res
1034 2977 1096 3021 non
1111 2956 1168 3020 ha-

95 3047 171 3123 bet,
194 3067 228 3111 se
272 3042 313 3108 ad
336 3059 433 3127 quam
454 3036 633 3104 habendam
655 3033 849 3101 nuturaiiter
870 3049 1056 3122 comparata
1078 3047 1125 3102 est
1140 3040 1165 3100 ⁴.

97 3131 141 3194 Et
166 3147 269 3202 sane,
298 3124 380 3192 dues
402 3122 525 3185 formas
546 3115 775 3184 substantiales
796 3118 830 3182 in
851 3117 967 3184 eodem
988 3119 1169 3202 composito

96 3231 168 3274 esse
191 3217 351 3296 repugnat
370 3207 399 3280 ’ς
421 3210 622 3290 quapropter
649 3219 701 3264 res
719 3221 879 3289 corporea
902 3220 967 3265 non
988 3211 1094 3287 potest
1115 3221 1168 3285 ge·

138 3425 146 3460 ¹
169 3423 297 3476 idida-²
316 3426 348 3474 ie
365 3423 411 3475 ut.
437 3425 486 3474 ΥΠ
505 3424 580 3480 Met..
600 3423 666 3472 leet.
686 3417 797 3472 vib-⁸
817 3417 838 3474 Ι.
855 3433 886 3483 q,
900 3415 982 3478 LXV,
1002 3433 1029 3470 a,
1049 3421 1067 3469 t
1085 3433 1112 3470 o.

136 3493 149 3533 ⁶
169 3493 192 3555 Ι.
212 3511 242 3560 q.
262 3491 356 3554 vat,
376 3509 402 3547 a.
422 3495 438 3546 ἢ
459 3509 485 3545 o.
506 3491 542 3545 Cf
558 3494 660 3551 uetat..
679 3507 709 3543 ε.
730 3489 751 3550 Ι,
769 3505 797 3543 ι.
817 3491 844 3550 2,
866 3506 892 3554 p.
913 3491 941 3542 6.

135 3569 150 3606 ⁵
169 3568 291 3631 Qundttt.
306 3566 369 3627 La.
384 3569 401 3618 a
415 3581 441 3616 o.
455 3563 554 3629 terere
570 3570 692 3629 praestet
709 3577 804 3626 mac,
824 3577 847 3614 ε.
861 3556 993 3620 [tectoria.
1005 3565 1044 3614 Do
1059 3565 1172 3627 pheretr-

98 3647 155 3697 tcue
167 3642 325 3703 formarum,
337 3646 365 3690 et
373 3642 515 3692 mort.
533 3637 553 3688 Ι.
566 3634 706 3692 concidi.
718 3634 748 3688 S.
765 3635 798 3693 1,,
810 3637 886 3688 natta
896 3631 1025 3700 patruit&
1036 3638 1102 3686 dedic
1114 3637 1172 3698 lor·

97 3727 144 3770 mr
158 3714 266 3767 amanda
279 3713 426 3781 tprr'nrtptt
443 3712 558 3781 fitoropct
570 3713 597 3763 dr·
609 3725 633 3765 r.
648 3711 784 3764 remmam
797 3708 942 3778 nequae,
955 3703 1073 3776 Βειοιει
1086 3706 1168 3760 raro.
