2475 3909
527 249 710 297 onrouoem
1067 233 1108 299 l'i

81 334 268 413 viduorum,
283 352 343 401 seu
358 335 571 413 numericam
589 336 752 422 siquidem
765 356 804 402 ea
818 359 836 400 n
852 358 935 422 quae
951 340 1150 405 conveniunt

83 422 204 503 specie,
227 428 260 482 et
280 418 435 483 dilleruut
455 438 605 496 numero,
620 420 817 485 conveniunt
838 421 871 484 in
893 420 1001 485 lorma
1018 420 1028 457 ¹
1045 443 1075 483 n.
1091 422 1154 486 Er-

105 502 341 587 opriacipium
363 498 633 566 individuationis
647 522 711 565 non
734 500 795 566 nisi
819 502 853 566 in
872 502 1009 566 materia
1031 523 1151 586 ponen-

84 522 165 649 dum
185 594 243 648 cst.
260 605 278 643 n
294 580 496 660 Differentia,
521 604 604 667 quae
625 603 667 646 ex
689 582 823 649 materia
844 582 1004 666 procedit,
1026 584 1155 649 inducit

86 664 307 731 diversitatem
329 663 505 729 secundum
527 666 724 729 numerum²
743 688 772 727 a.

127 746 197 813 130.
220 744 379 813 Probatur
399 745 435 810 2⁸
458 766 541 832 pars.
558 746 696 812 Materia
710 747 830 829 signeto
843 746 1012 831 quontitate
1032 745 1155 811 dieitur

85 828 223 893 materia
245 848 309 893 non
331 825 474 894 absolute
496 836 661 912 spectata,
683 827 739 893 sed
761 840 859 913 prout
878 828 1083 893 essentialem
1103 848 1154 892 or-

85 908 198 976 dinem
219 910 315 975 babet
336 908 374 973 ad
396 909 631 995 quantitatem,
653 931 737 995 quae
763 920 812 975 est
827 910 939 994 prime
959 910 1032 974 eius
1052 908 1155 993 dispo-

86 992 163 1056 sitio
177 992 201 1055 ⁸.
218 992 286 1057 Hoc
301 992 416 1078 posito,
433 994 478 1056 ita
499 1003 775 1076 argumentamur:
797 990 999 1078 Impossibile
1018 1002 1067 1056 est
1080 1011 1156 1057 cau·

87 1094 157 1139 sam
179 1072 312 1159 gignere
334 1072 495 1150 ellectum,
510 1074 569 1158 qui
590 1072 654 1138 sibi
673 1083 843 1159 repugnat,
861 1094 919 1139 seu
939 1092 1000 1170 per
1020 1071 1156 1158 aliquod

87 1153 155 1220 sibi
177 1176 361 1241 repugnans
383 1156 591 1242 principium;
637 1168 813 1241 uapropter
834 1166 991 1232 materia,
1013 1165 1050 1221 ut
1071 1156 1157 1240 prin·

88 1237 215 1323 cipium
236 1236 526 1313 individuationis,
548 1176 635 1333 quod
662 1258 775 1324 nempe
801 1238 1000 1302 numericam
1026 1236 1159 1302 divisio-

90 1340 166 1384 nem
188 1317 439 1383 substantiarum
461 1321 641 1397 constituit,
656 1338 725 1383 esse
748 1319 869 1405 possit,
890 1318 1097 1404 intelligenda
1110 1328 1160 1384 est

89 1421 158 1465 non
180 1410 278 1488 prout
297 1401 494 1477 eommunis,
516 1410 549 1465 et
579 1398 716 1465 indivisa
738 1410 806 1477 est,
829 1400 885 1465 sed
907 1413 1005 1487 prout
1026 1399 1160 1465 divisio-

90 1486 145 1548 nis
165 1492 214 1548 est
235 1502 347 1567 capax.
363 1482 461 1567 Atqui
483 1484 634 1558 materia,
658 1480 686 1544 si
708 1484 741 1545 iu
755 1503 790 1547 se
811 1481 957 1549 absolute
983 1492 1158 1568 spectetur,

91 1565 287 1640 communis,
309 1574 404 1648 atque
427 1562 564 1628 indivisa
585 1573 644 1641 est,
665 1571 698 1627 et
718 1563 846 1629 nonnisi
867 1586 886 1628 a
910 1565 1088 1651 quantitate
1107 1564 1161 1627 ba-

92 1647 153 1725 bet,
169 1646 246 1733 quod
259 1646 420 1712 dividetur
434 1644 460 1721 ⁴;
473 1644 559 1709 unde
582 1670 600 1709 a
623 1655 769 1728 separata
786 1648 964 1730 quantitate
979 1667 998 1711 a
1017 1644 1161 1710 substan·

93 1730 153 1808 tia,
176 1736 318 1794 remanet
331 1726 566 1793 indivisibilis⁵
583 1751 612 1791 n.
629 1728 716 1808 Ergo
737 1726 817 1791 ordo
839 1726 878 1791 ad
904 1730 1095 1812 quantitatis
1112 1726 1162 1793 di·

94 1812 302 1877 mensiones⁶
318 1811 351 1875 in
373 1811 510 1874 materia
531 1808 740 1895 assignandus
760 1817 818 1887 eet,
840 1818 876 1874 ut
890 1810 899 1873 i
905 1828 960 1894 psa
978 1808 1165 1875 individua·

97 1895 218 1961 tionem
240 1892 389 1959 efformet
402 1890 427 1955 ².

134 2136 144 2173 ¹
166 2133 228 2201 l,q.
248 2131 277 2195 1.,
297 2138 406 2188 alc.

134 2206 147 2245 ²
166 2210 253 2260 Contu
274 2210 361 2268 Geni„
381 2210 434 2261 loc.
455 2211 502 2261 eit.
521 2204 606 2273 Quare
627 2208 736 2269 torma,
761 2221 830 2273 quae
850 2208 877 2259 in
895 2222 923 2260 ae
951 2214 1069 2274 spectata
1091 2225 1166 2261 com-

97 2280 188 2333 munis
206 2281 326 2344 pluribus
344 2294 402 2333 esse
421 2286 528 2345 potest,
548 2281 650 2332 ratione
669 2283 796 2333 materiae
814 2281 928 2332 efficitur
945 2284 1017 2335 lose:
1039 2304 1051 2330 a
1073 2282 1167 2334 lndiri-

97 2353 191 2405 duatie
209 2353 311 2405 lormae
329 2360 369 2405 est
386 2367 420 2403 ex
438 2354 570 2412 materia,
595 2367 644 2417 per
665 2368 747 2418 quam
769 2353 854 2405 forma
880 2356 1045 2407 contrabitur
1063 2358 1096 2407 ad
1115 2356 1173 2422 boo.

96 2426 305 2479 determinatum
327 2444 352 2488 ι,
372 2427 492 2491 Quodlib.
511 2423 571 2487 Vll,
590 2440 617 2476 a.
638 2426 655 2477 3
673 2440 699 2477 c.

137 2493 215 2559 1111,
234 2513 263 2563 q.
282 2492 411 2557 LllllVll,
430 2512 456 2549 a.
477 2498 493 2549 2
512 2511 537 2549 c.

138 2566 201 2620 tin
219 2571 267 2621 lib.
287 2572 326 2622 lV
343 2570 426 2629 seat,
446 2567 514 2621 Dist.
534 2565 596 2630 illl,
615 2584 644 2634 q.
664 2568 687 2630 1,
707 2584 734 2621 a.
756 2571 783 2629 l,
803 2572 852 2621 rol.
873 2570 890 2621 3
909 2571 942 2621 ad
959 2570 987 2622 3.

141 2642 203 2692 51η
221 2642 264 2695 tta.
286 2644 316 2693 ll
330 2644 413 2701 see..
432 2639 499 2695 Dist.
519 2639 554 2701 11,
574 2656 602 2706 q.
623 2639 646 2701 l,
665 2655 692 2693 a.
712 2643 729 2692 l
748 2643 798 2693 eol.

141 2712 160 2836 ⁶¹
172 2708 308 2778 Quaenam
321 2715 372 2764 sint
383 2714 560 2836 dimenplones
571 2715 728 2778 quantitatis
736 2714 927 2777 explicavimus
939 2717 967 2767 ln
977 2712 1169 2781 begienparb,

100 2801 131 2839 e.
164 2800 218 2846 ,a.
240 2789 266 2847 7,
286 2802 313 2850 p.
335 2788 379 2847 ll,
399 2788 452 2837 rol.
488 2822 495 2837 .

140 2858 153 2897 7
172 2856 228 2910 llao
246 2861 273 2910 ln
294 2873 323 2910 re
341 2859 394 2909 dne
413 2870 522 2909 monere
542 2862 670 2923 praestat.
688 2856 808 2910 Palmum
831 2864 891 2918 est,
916 2860 987 2925 quod
1011 2862 1171 2925 principium

105 2932 320 2983 individuatiouis
345 2944 402 2982 esse
420 2932 520 2982 dicitur
543 2932 677 2991 materia,
702 2936 781 2994 prout
804 2932 923 2982 ordinem
941 2934 974 2982 ad
993 2936 1172 2998 quantitatem

103 3004 197 3063 lsabet,
212 3017 266 3055 non
284 3017 348 3055 vero
366 3008 445 3067 prout
462 3004 598 3068 quantitas
609 3008 673 3055 actu
692 3006 717 3053 el
735 3004 867 3065 inhaerct;
880 3010 938 3055 tum
950 3007 1013 3070 quia
1026 3007 1171 3071 quantitas,

105 3080 187 3141 prout
205 3078 334 3128 materiae
352 3080 415 3127 actu
434 3076 564 3134 inhaeret,
585 3078 639 3126 lana
656 3078 816 3128 indlastduatu
832 3082 885 3136 est,
898 3078 1062 3143 proindeque
1079 3079 1174 3128 tamai-

105 3152 193 3201 mana
211 3162 269 3201 csse
286 3150 390 3213 nequit,
411 3153 468 3199 tum
487 3150 551 3213 quia
569 3150 715 3211 quantitas,
728 3162 797 3213 qaae
817 3156 880 3202 actu
898 3150 1020 3201 inhaeret
1034 3150 1173 3208 materiae,

106 3227 150 3273 est
169 3220 276 3286 aliquod
294 3222 428 3280 accidens,
442 3234 474 3271 ac
493 3221 603 3284 proinde
616 3222 762 3286 peripsam
775 3222 1173 3286 principiumindividnationis,

107 3293 199 3359 qaod,
220 3296 401 3353 uidimus,
421 3294 521 3358 allqnld
541 3293 715 3344 substantiale
733 3306 792 3344 esse
810 3295 904 3354 debet,
924 3295 1050 3357 explicari
1070 3295 1174 3358 nequit,

108 3366 229 3430 alioquin
248 3368 317 3418 luter
334 3366 406 3425 boo,
426 3370 453 3417 et
472 3365 544 3416 aliud
564 3366 727 3417 individuum
753 3380 804 3417 non
827 3368 1009 3418 substantialis
1031 3367 1174 3425 distinctio,

110 3438 155 3489 sed
176 3438 233 3497 illa,
253 3452 332 3503 qnae,
352 3452 378 3489 e.
391 3452 432 3502 g.,
453 3439 523 3489 luter
542 3436 701 3497 bicubitum,
714 3444 743 3489 et
756 3440 911 3491 tricubitum
923 3443 974 3498 est,
990 3439 1177 3489 intercederet.

111 3508 233 3563 Alterum
252 3515 310 3571 eat,
329 3511 400 3576 quod
419 3511 595 3562 dimensiones
612 3513 786 3575 quantitatis,
805 3512 839 3563 ad
856 3525 924 3575 quas
948 3513 1077 3571 materia,
1099 3514 1177 3574 prout

111 3584 272 3647 principium
291 3582 504 3635 individuationis
522 3588 580 3644 est,
600 3585 721 3634 ordinem
738 3583 836 3645 habet,
859 3584 1031 3647 accipiendae
1051 3588 1113 3635 suut
1130 3584 1177 3631 aab

111 3658 214 3707 rudens
230 3658 417 3709 &mendosum
436 3662 554 3715 unium,
580 3669 633 3706 non
658 3671 721 3709 vero
746 3662 825 3720 prout
850 3660 1023 3708 urminentur
1040 3657 1178 3708 ascendum

112 3728 312 3783 deminutam
330 3742 499 3789 mansurum,
520 3736 543 3781 et
561 3728 692 3796 ligurum,
711 3732 767 3786 alre
786 3736 866 3797 prout
885 3736 946 3782 sunt
964 3730 1035 3793 baa,
1053 3730 1097 3783 rel
1115 3725 1178 3777 illae
