2475 3909
156 159 219 226 311
466 180 652 229 rusonoom
672 179 860 247 ,narratus

117 262 257 326 minima
284 259 427 347 plantula
455 262 612 327 fibrarum
638 259 968 337 contextust¹0u0o
995 260 1024 325 si
1050 258 1185 344 aliquae

116 363 168 407 res
191 363 265 408 cum
297 343 371 408 aliia
392 343 609 409 nobilioribus
640 344 863 421 conterantur,
887 344 993 408 minus
1056 342 1186 408 rfectae

116 424 250 509 quidem
272 435 369 503 sunt;
391 440 520 494 atvero
541 428 617 492 baec
645 427 769 491 diversa
792 426 935 511 partium
957 362 1119 511 peridctio
1143 424 1185 487 ad

117 507 385 604 compositionem
399 511 497 574 totius
512 509 691 594 plurimum
704 509 841 585 confert;
857 510 961 575 aiente
975 509 1063 573 enim
1077 528 1105 570 s.
1115 510 1189 569 Au-

119 599 272 674 gustino,
295 612 313 651 o
337 590 382 654 ita
403 591 595 657 ordinantur
619 611 731 656 omnes
753 591 826 675 (res)
847 591 963 657 officiis
979 637 987 667 ,
1006 599 1040 655 et
1059 586 1190 652 finibus

118 672 187 735 suis
209 672 242 735 iu
264 672 518 769 pulcritudinem
540 673 774 749 universitatis,
795 682 832 738 ut
853 672 940 759 quod
962 672 1137 737 horremus
1153 670 1189 733 in

119 761 229 839 parte,
253 774 281 818 si
305 776 379 818 cum
401 766 469 822 toto
495 755 758 830 consideremus,
781 756 960 842 plurimum
983 754 1137 839 placeat²
1157 774 1187 814 s,

160 836 213 902 18.
238 836 384 921 insuper,
405 849 553 904 monente
575 838 689 903 eodem
711 849 818 903 sancto
842 837 993 913 Doctore,
1009 834 1049 900 de
1070 835 1192 919 singu·

119 916 224 983 larum
241 939 350 982 rerum
364 919 503 987 utilitate
524 929 604 984 recte
624 939 687 985 ooo
705 930 801 1005 polest
823 920 976 996 iudicari,
991 917 1054 982 nisi
1068 935 1191 980 earum

119 998 235 1064 relatio
261 1000 303 1065 ad
329 1010 431 1065 totum
464 1002 653 1068 uuiversum
682 1001 897 1087 perspiciatur
911 1002 934 1063 ³.
957 1003 999 1065 At
1025 1018 1106 1063 vcro
1131 1016 1191 1063 nus

119 1092 189 1157 tot,
214 1090 439 1228 tantarumpuc
466 1105 599 1162 rerum,
622 1087 761 1181 quaein
784 1083 904 1148 mundo
930 1092 1027 1155 sunt,
1049 1096 1190 1151 nexum,

121 1162 350 1247 variorumque
395 1168 487 1230 nium
508 1166 755 1243 subiectionem,
778 1184 954 1250 eorumque
974 1162 1013 1228 ad
1028 1160 1191 1226 ultimum

120 1242 218 1310 finem
245 1244 435 1312 relationem
463 1259 569 1314 mente
594 1249 722 1332 assequi
751 1267 814 1312 non
839 1246 995 1312 valemus.
1017 1245 1052 1311 Si
1081 1243 1192 1327 igitur

120 1337 207 1393 totus
229 1326 322 1406 ordo,
338 1330 606 1416 singularumque
627 1351 738 1395 rerum
759 1351 862 1395 nexus
883 1338 1068 1414 perspectus
1092 1323 1193 1417 nohis

121 1420 265 1486 nonest,
289 1411 420 1487 inutile,
445 1411 492 1477 vel
516 1414 653 1477 noxium
674 1409 782 1475 dicere
804 1411 882 1475 nihil
904 1428 1087 1495 possumus.
1114 1430 1134 1467 a
1158 1407 1191 1472 St

122 1492 262 1557 intrares
282 1490 377 1568 forte,
394 1494 434 1558 ad
457 1515 527 1559 rem
549 1497 597 1561 ait
616 1516 643 1558 s.
666 1493 881 1569 huuustinus,
897 1494 932 1557 in
953 1491 1121 1559 officinam
1146 1487 1192 1552 fa-

120 1572 173 1638 bri
197 1571 350 1651 ferrarii,
374 1596 438 1639 non
465 1573 602 1641 auderes
628 1597 663 1640 re
689 1562 864 1640 rehendare
893 1573 1006 1651 folles,
1035 1570 1192 1643 incudes,

123 1655 266 1721 malleos.
303 1658 345 1721 Et
377 1656 418 1721 da
448 1658 634 1743 imperitum
666 1596 831 1722 homiuem
863 1658 1058 1721 nescientem
1078 1651 1190 1739 qnid,

121 1754 221 1834 quare
243 1738 296 1813 sit,
318 1750 351 1805 et
371 1740 481 1804 omnia
503 1738 719 1825 reprehendit.
744 1738 805 1805 Sed
828 1740 856 1803 si
879 1760 941 1803 non
963 1736 1080 1803 haheat
1104 1735 1194 1831 peri·

122 1829 200 1884 tram
222 1820 368 1896 artificis,
393 1833 425 1887 et
446 1821 562 1888 habeat
582 1822 693 1887 saltem
714 1819 1006 1886 considerationem
1027 1820 1191 1889 hominis,

122 1902 199 1985 quid
216 1903 279 1967 sihi
294 1902 401 1969 dicit?
416 1905 490 1969 Non
510 1906 580 1969 sine
600 1924 696 1968 causa
717 1903 776 1969 hoo
791 1903 862 1967 loco
877 1900 970 1967 folles
980 1899 1083 1997 positi
1100 1911 1191 1975 sunt;

122 1984 243 2050 artifex
264 1988 355 2051 novit
375 2006 494 2071 quare,
508 1988 568 2051 etsi
583 2006 645 2072 ego
667 2006 730 2049 non
752 1988 838 2049 novi.
855 1985 891 2047 lu
906 1986 1034 2049 odierna
1052 2001 1121 2046 nou
1137 2003 1193 2045 au·

123 2063 179 2132 det
192 2068 378 2152 vituperare
399 2068 542 2147 fabrum3
557 2078 590 2134 et
604 2066 703 2133 audet
724 2064 959 2152 reprehendere
974 2067 1006 2130 in
1020 2065 1082 2130 hoc
1098 2085 1192 2127 mun-

123 2146 165 2214 do
179 2149 284 2214 Deum
299 2154 313 2215 ‘l
328 2151 341 2188 ⁴
359 2174 376 2211 n
390 2151 557 2221 Ceterum.
573 2160 610 2215 ut
625 2150 733 2235 aliqua
754 2150 879 2215 ratione
900 2144 1103 2293 apprehendi
1121 2164 1192 2243 pos·

123 2233 178 2308 sit,
191 2243 347 2316 quantum
369 2233 402 2297 in
423 2235 478 2310 iis,
499 2254 582 2317 quae
604 2232 754 2297 videntur
777 2232 891 2304 noxia,
944 2231 1033 2295 ruina
1054 2230 1192 2325 Sapien-

124 2315 170 2381 tia
191 2314 330 2393 eluceat,
354 2315 534 2380 audiendus
555 2323 604 2380 est
624 2314 664 2378 D.
687 2313 946 2399 chrysostomus,
961 2314 1007 2378 sio
1021 2312 1189 2396 inquiens:

124 2419 142 2458 a
165 2399 207 2461 At
220 2406 397 2482 serpentes,
419 2408 454 2465 el
473 2398 608 2482 scorpii,
630 2407 662 2461 et
682 2394 849 2470 dracones,
872 2395 951 2481 quid
973 2392 1012 2460 ad
1034 2396 1141 2459 vitam
1156 2416 1192 2459 u-

125 2475 181 2543 tile
203 2477 381 2544 adierunt?
403 2489 436 2544 et
462 2480 617 2565 quidnam
645 2477 806 2543 commodi
832 2500 886 2543 ex·
900 2479 946 2543 eis
974 2476 1191 2563 percipitur?

125 2558 319 2639 Plurimum,
335 2561 433 2646 idque
455 2561 685 2636 inenarrabile,
701 2582 760 2625 nec
773 2561 882 2625 minus
902 2568 1001 2635 certe,
1024 2580 1129 2643 quam
1151 2580 1193 2623 ex

126 2645 315 2719 mansuetis,
331 2654 363 2711 et
377 2644 554 2709 cicuribus.
570 2644 627 2708 llla
643 2644 731 2709 enim
753 2654 828 2709 suut
848 2653 923 2729 apta
944 2642 985 2706 ad
1006 2662 1105 2706 usum
1121 2662 1193 2706 cor·

126 2722 227 2807 porte
250 2726 327 2790 haec
348 2748 425 2792 vero
446 2736 479 2791 et
499 2726 559 2791 tibi
583 2737 706 2793 metum
728 2726 878 2801 aderunt,
900 2734 934 2791 et
954 2733 990 2791 ut
1010 2725 1056 2789 sis
1078 2722 1190 2789 mode·

163 3008 172 3044 ¹
192 3000 230 3058 Ct
242 3020 266 3056 a.
286 3006 367 3070 Aug..
389 3009 428 3058 De
447 3009 501 3059 cto.
521 3008 582 3064 Det,
602 3007 648 3056 tib.
669 3004 715 3065 111,
736 3020 762 3057 o.
782 3006 829 3057 22.

162 3076 175 3117 ²
194 3080 232 3130 Dr
248 3093 310 3130 vero
329 3082 469 3143 lleltpiooe,
489 3093 515 3128 c.
534 3078 580 3137 40,
601 3094 628 3130 n.
651 3078 762 3130 rra-³
782 3080 848 3129 ibid.

162 3150 291 3203 *anm
310 3154 340 3201 to
359 3155 405 3202 Pr.
421 3152 561 3208 cmlii,
580 3166 608 3201 n.
625 3152 668 3201 ts.
690 3147 975 3211 claromonten,
989 3150 1036 3203 lib.
1051 3148 1084 3211 V,
1098 3151 1189 3201 mit.

128 3220 230 3274 Eadem
250 3224 350 3274 ratione
369 3225 487 3287 loquitur
506 3219 653 3273 albumen
666 3226 697 3274 lo
710 3224 756 3275 lib.
772 3224 879 3279 tsmr..
892 3220 959 3274 [list.
974 3218 1094 3283 111111,
1110 3237 1141 3288 q.
1154 3220 1189 3277 11.

128 3309 155 3345 ι.
174 3295 191 3344 2
211 3295 244 3344 ad
263 3296 291 3345 5.
311 3293 379 3347 Satis
397 3298 451 3344 stut
468 3294 536 3344 baec
555 3308 660 3356 pauor:
689 3314 701 3341 ι
723 3292 888 3352 Dicendum,
915 3295 987 3359 quod
1004 3294 1132 3359 quidquid
1150 3298 1190 3345 est

128 3368 156 3413 in
176 3364 295 3422 mundo,
322 3370 408 3417 tntum
426 3366 576 3415 ordinatum
601 3371 663 3423 esta
688 3368 810 3431 quamvis
828 3368 897 3417 tatto
916 3368 1016 3418 ordinis
1038 3366 1115 3418 nohis
1137 3380 1188 3417 non

128 3440 256 3494 appareat
276 3438 303 3485 in
320 3438 488 3500 quibusdam.
514 3434 564 3486 sod
583 3439 651 3487 ratio
669 3439 768 3489 ordinis
786 3438 866 3488 huius
884 3438 968 3489 scitur
985 3452 1002 3488 a
1022 3436 1093 3493 neos
1121 3440 1190 3489 siout

131 3503 249 3552 medicus
262 3507 322 3561 scit,
335 3522 417 3569 quaro
435 3507 593 3570 quibusdam
611 3511 698 3573 aegris
716 3511 874 3573 quandoque
893 3511 937 3560 det
955 3510 1051 3567 calida,
1065 3515 1092 3559 et
1107 3524 1190 3573 quan-

129 3572 217 3691 dpppro
234 3574 348 3638 frigida,
367 3584 395 3628 ot
412 3580 534 3629 stmtttrcr
553 3581 640 3640 sanim
666 3581 735 3645 qnod
756 3588 845 3633 tamen
864 3582 986 3648 ignorant
1002 3585 1088 3635 arten
1106 3582 1190 3633 admi·

226 3657 252 3694 ι.
