2475 3909
157 173 200 241 82
567 189 750 238 onroiooia

117 259 390 356 quemadmodum
414 269 616 354 experientia
639 280 783 346 constat,
805 280 881 339 sunt
901 269 1123 336 dimensiones
1146 271 1197 337 al·

117 355 222 418 terius
242 353 416 437 corporis,
440 370 457 413 a
480 371 546 435 quo
569 355 780 427 continetur,
803 363 924 436 atque,
946 353 973 418 si
995 373 1113 438 corpus
1135 355 1194 431 sit,

117 432 206 518 quod
229 434 319 499 nullo
342 433 407 498 alio
428 451 565 518 corpore
587 437 800 511 continetur,
819 455 847 498 e.
872 457 918 519 g.,
940 436 967 500 si
990 455 1111 520 corpus
1132 436 1196 500 ali·

117 515 206 601 quod
227 525 404 600 poneretur
425 534 495 578 esse
517 525 609 580 eitra
638 525 742 580 totum
764 517 980 592 universum,
1003 517 1078 581 eius
1103 538 1196 581 rece·

116 597 286 683 ptaculum
308 617 372 662 non
388 593 562 662 aliudesse
587 597 818 682 intelligimus,
832 619 932 682 quam
955 600 1007 662 siri
1022 599 1129 682 ipsius
1143 599 1194 664 di·

117 680 312 744 mensiones.
336 679 424 763 Ergo
448 679 589 762 spatium
622 681 656 743 in
680 680 760 776 ipsis
790 678 1050 744 dimensionibus
1078 701 1194 766 corpo·

118 783 193 826 rum
216 761 388 836 consistit,
411 761 479 825 sive
502 759 561 825 liae
582 763 649 826 sint
670 760 890 827 dimensiones
912 763 1008 825 unius
1029 765 1192 849 corporis,

118 842 207 908 aliud
230 841 417 918 ambientis,
440 841 509 905 sive
531 843 596 909 sint
617 842 838 908 dimensiones
858 841 1007 908 eiusdem
1029 846 1193 930 corporis,

118 934 218 1011 prout
240 922 488 988 considerantur
510 923 628 988 rotatae
656 923 696 988 ad
718 923 959 1001 substantiam,
980 945 1079 1009 quarn
1108 927 1193 992 intra

118 1027 153 1072 se
176 1003 388 1080 concludunt,
410 1013 444 1069 et
464 1007 566 1070 veluti
591 1007 829 1090 constringunt.

157 1087 229 1152 217.
252 1087 343 1151 Idem
363 1106 404 1150 ex
425 1106 463 1150 eo
485 1087 692 1182 comprobari
712 1098 826 1173 potest,
842 1086 929 1171 quod
944 1108 1013 1164 nos,
1029 1109 1105 1152 cuni
1119 1109 1193 1172 spa·

117 1170 200 1234 tium
223 1169 333 1234 metiri
354 1164 515 1244 solumne,
538 1168 725 1234 distantiam
747 1171 926 1246 metimur,
949 1189 1032 1254 quae
1055 1171 1193 1234 interce-

118 1250 166 1319 dit
188 1250 238 1316 rel
262 1254 347 1316 inter
368 1259 532 1316 extremas
576 1264 663 1317 artes
684 1249 931 1336 superficierum
954 1250 1104 1316 eiusdem
1121 1271 1194 1316 eor·

118 1335 230 1419 poris,
253 1333 302 1398 rel
331 1332 416 1427 inter
443 1271 631 1418 superlicies
659 1335 758 1397 unius
785 1333 956 1419 corporis,
978 1343 1012 1399 et
1032 1334 1190 1409 alterius,

117 1436 183 1500 quo
205 1415 287 1480 illud
308 1424 504 1480 continetur.

156 1499 229 1565 218.
253 1499 305 1563 Ex
326 1495 377 1561 bis
398 1498 597 1582 perspicitur
619 1498 784 1580 spatium,
806 1494 895 1583 quod
915 1511 1082 1580 tamquam
1103 1497 1192 1562 reale

118 1581 221 1646 intelli
245 1581 341 1654 imus,
365 1596 428 1641 non
448 1599 516 1644 esse
532 1579 658 1664 aliquid
681 1589 865 1674 separatum
879 1598 898 1640 a
912 1575 1106 1662 corporibus
1120 1625 1130 1652 ,
1145 1588 1192 1644 at·

117 1683 180 1746 que
203 1600 275 1727 ideo
298 1671 371 1726 ante
392 1661 590 1726 creationem
614 1658 725 1724 mundi
751 1681 813 1724 uon
836 1660 997 1735 extitisse3
1017 1658 1073 1723 sed
1089 1681 1108 1724 a
1124 1659 1192 1725 Deo

117 1765 192 1810 cuni
215 1746 287 1830 ipso
310 1740 431 1807 mundo
458 1753 604 1807 creatum
634 1741 734 1806 luisse
750 1742 773 1805 ¹.
798 1740 1005 1828 Quapropter
1028 1743 1193 1888 capacitas

118 1827 175 1893 illa
198 1824 464 1913 recipiendorum
486 1845 674 1909 corporum,
697 1844 794 1908 quam
817 1834 910 1888 entra
936 1821 1049 1887 mundi
1085 1823 1194 1888 imites

117 1911 282 1987 existere,
306 1919 338 1975 et
361 1911 479 1992 inqua
505 1903 665 1970 mundum
694 1916 841 1970 creatum
868 1925 937 1969 esse
964 1905 1192 1991 concipimus,

117 2013 180 2058 non
204 2005 254 2058 est
275 1991 416 2088 spatium
431 1990 530 2066 reale,
547 1987 602 2054 sed
615 1988 854 2070 imaginarium,
870 2007 987 2070 nempe
1002 1987 1193 2072 phantasma

117 2077 207 2141 omni
230 2074 376 2140 realitate
398 2072 603 2146 destitutum,
625 2067 712 2166 quod
733 2069 925 2153 imaginatio
940 2068 1003 2134 sibi
1020 2070 1191 2158 confingit,

117 2158 270 2243 quodque
293 2176 319 2220 s.
341 2153 544 2241 Augustinus
564 2161 736 2238 spatiosam
756 2151 840 2216 nibil
860 2151 1041 2236 appellavit
1053 2154 1079 2215 ².

525 2275 786 2344 GAPVTXI.

223 2401 268 2467 Ite
292 2403 408 2466 oetam
428 2396 609 2480 categoria,
633 2415 715 2481 quae
736 2398 866 2462 dicitur
885 2420 904 2460 «
926 2399 1053 2480 quando
1075 2422 1094 2464 i>
1137 2416 1141 2426 ·

234 2525 301 2574 Anr.
316 2525 336 2572 1.
349 2519 458 2586 -Qutd
478 2521 527 2570 sibi
546 2523 611 2572 velit
629 2523 765 2584 categoria
784 2522 901 2586 quando,
921 2521 1076 2584 explicatur

155 2633 225 2700 219.
249 2631 333 2698 lllud
357 2629 518 2708 accideris,
536 2652 594 2716 per
608 2629 696 2715 quod
712 2650 763 2694 res
777 2649 956 2713 corporeae
978 2632 1119 2716 tempori
1136 2634 1191 2700 ad-

116 2718 234 2793 iacent,
257 2726 291 2782 et
311 2713 352 2780 ab
374 2735 413 2779 eo
434 2725 667 2792 mensurantur,
689 2711 812 2777 dicitur
851 2712 953 2775 nando
967 2711 990 2775 ⁸.
1013 2711 1187 2781 litantem

116 2799 195 2886 haec
216 2800 307 2865 notio
329 2798 432 2882 magis
454 2795 629 2881 perspicua
649 2793 718 2868 liat,
741 2732 908 2858 sciendum
931 2794 965 2858 in
988 2795 1106 2878 primis
1126 2808 1187 2874 est,

115 2901 277 2966 quaenam
309 2879 374 2943 sint
405 2877 525 2972 variae
538 2879 663 2974 species
683 2877 876 2972 duratiopi's.
899 2873 1037 2970 Duratio
1058 2874 1189 2946 definiri

115 2973 223 3049 potest
241 2961 458 3048 permanentia
478 2980 525 3024 rei
550 2981 586 3024 in
609 2979 771 3035 maesse,
799 2980 892 3034 sive,
919 2968 1099 3023 cominente
1118 2965 1190 3026 επί-

115 3047 227 3112 stenti'o
247 3045 295 3108 rei
309 3045 334 3107 ⁸.
358 3043 444 3108 Hinc
458 3051 506 3108 tot
519 3041 710 3107 durationes
724 3038 974 3125 distinguendae
995 3049 1082 3118 sunt,
1103 3054 1191 3128 quot

114 3138 191 3197 sunt
211 3125 313 3205 modi,
335 3122 454 3210 quibus
475 3122 603 3208 aliquid
625 3125 660 3188 iii
675 3144 734 3190 suo
747 3143 810 3187 esse
825 3142 1016 3207 permanere
1030 3143 1123 3209 posse
1138 3127 1192 3190 in-

541 3236 821 3254 m

150 3290 162 3328 ¹
182 3286 218 3344 Cl
233 3304 257 3341 ι.
277 3285 387 3346 Τὴοω.,
409 3287 440 3336 tii
457 3283 506 3334 tid.
526 3284 556 3334 11
573 3285 658 3344 Sciit„
679 3281 747 3334 litii.
768 3280 792 3342 l,
810 3299 840 3348 q.
862 3281 884 3342 l,
904 3297 931 3334 a.
952 3284 1023 3335 bad
1040 3283 1069 3334 1.

151 3363 164 3400 ²
183 3364 313 3427 contem
334 3361 383 3410 tib.
404 3355 463 3418 vit,
478 3370 504 3407 c.
522 3357 548 3415 l,
568 3370 597 3405 n.
620 3356 646 3406 l.
669 3375 680 3403 i
702 3356 941 3416 incaementatum
955 3362 1064 3408 sanctus
1076 3351 1188 3420 doctor,

115 3437 177 3487 sunt
195 3435 371 3498 cogitationes
389 3430 552 3488 bominum,
571 3428 669 3492 quibus
695 3428 797 3479 infinita
821 3429 1001 3493 imaginantur
1022 3430 1104 3490 losa,
1124 3445 1189 3483 cuni

115 3507 206 3558 nullni
227 3505 303 3558 locui
323 3505 357 3555 stt
376 3506 483 3567 praeter
502 3501 632 3550 mundum
655 3518 682 3562 η
703 3502 741 3552 De
761 3503 816 3552 cto.
838 3503 897 3562 Dei,
917 3501 964 3552 llb.
983 3497 1032 3562 Xl,
1051 3516 1078 3552 c.
1098 3503 1128 3553 5.

152 3578 163 3613 ³
183 3571 218 3626 Ct
234 3573 264 3626 B.
286 3573 345 3626 Alb.
367 3573 416 3636 M„
436 3577 475 3626 Da
493 3574 673 3628 Prosdtoom..
694 3577 775 3624 tract.
796 3570 842 3634 Vl,
863 3587 890 3623 o.
910 3573 938 3623 2.

151 3642 219 3722 §ci
233 3661 256 3699 s.
276 3642 385 3712 Tbom.,
406 3650 437 3699 ln
456 3647 501 3700 lid.
522 3645 639 3709 Istat„
659 3643 729 3724 lllst3
747 3641 821 3711 xlx,
840 3656 869 3712 q·
889 3642 924 3712 ll,
943 3659 971 3698 a.
992 3647 1005 3698 1
1026 3645 1077 3700 eol.
