2475 3909
540 165 742 220 cosuonomn
1107 147 1149 220 93

118 245 264 320 theoriae
287 257 469 316 atomorum
493 249 540 316 ilii
564 255 690 339 Physici
717 251 959 348 suffragantur,
980 251 1038 336 qui
1060 274 1189 319 omnem

117 335 309 400 varietatem
322 352 498 419 corporum
508 354 573 398 non
587 339 628 402 ab
641 336 715 401 aliis
727 334 899 432 principiis
914 342 1079 454 repetunt,
1091 356 1189 420 quam

115 417 159 483 ab
182 416 310 492 atomis,
334 425 367 480 et
388 435 406 479 a
429 425 530 490 motu,
553 437 619 502 quo
642 428 740 482 atomi
764 415 930 502 peliuntur
961 465 968 479 .

162 499 211 564 10.
237 499 437 562 htomismus
451 494 573 562 dicitur
587 501 686 564 etiam
701 511 830 583 systema
845 497 1057 562 mechanicum
1072 519 1113 563 ex
1135 517 1188 572 eo,

115 578 204 667 quod
227 590 373 645 recentes
388 577 458 642 eius
481 578 627 645 fautores
640 582 666 657 ²,
688 592 762 664 post
777 578 990 658 Gasseudnm,
1008 601 1070 646 non
1085 578 1189 646 alium

116 675 255 734 motum,
279 663 342 726 nisi
366 659 577 725 mechanicum
594 665 617 740 ⁸,
641 663 759 728 atomis
779 661 974 726 concedunt.

162 745 211 808 11.
236 743 326 808 Hanc
348 743 519 821 theoriam,
535 764 744 841 quocumque
768 742 864 807 modo
886 752 1081 830 exponatur,
1097 764 1189 829 pror-

116 849 173 892 sus
195 823 368 890 absurdam
390 844 459 889 esse
482 827 629 911 sequenti
653 826 835 891 evincimus

160 910 257 992 Prop.
280 908 386 971 Atomi
406 908 471 972 sire
493 908 728 973 considerentur
749 909 783 971 in
804 928 845 983 rc,
860 906 925 971 cirre
940 917 1038 991 prout
1060 907 1100 971 od
1122 904 1190 991 effe·

118 993 251 1055 ctionem
273 1008 451 1075 corporum,
466 989 636 1054 secundnm
654 991 822 1067 Atomieos,
841 1001 1045 1069 concurrent,
1063 989 1188 1075 princi·

113 1076 174 1158 pio
195 1073 396 1138 constitutivo
417 1091 581 1155 corporum
604 1093 666 1137 esse
687 1085 847 1158 nequeunt.

160 1154 321 1220 Probatur
344 1152 377 1218 1¹¹
394 1173 481 1238 pars.
497 1153 619 1231 Atomi,
640 1154 719 1240 ipsis
741 1151 960 1236 Philosophis,
982 1164 1093 1218 contra
1107 1171 1190 1237 quos

118 1257 321 1322 pugnamus,
344 1234 547 1312 docentibus,
571 1236 800 1318 mopnitudine,
822 1246 854 1301 et
874 1234 977 1317 fionro
998 1235 1131 1320 pollent,
1153 1253 1192 1298 ac

120 1315 262 1403 proinde
277 1315 480 1403 expertibus
495 1313 678 1382 conflantur
689 1319 714 1393 ⁸,
727 1319 802 1403 quia
817 1315 1076 1460 inoperationem
1090 1336 1192 1401 quan-

117 1400 197 1465 titas
211 1400 395 1485 expostulat
406 1408 514 1482 partes
528 1400 739 1483 integramus,
754 1421 795 1463 ex
809 1402 866 1484 qui
893 1417 932 1460 us
946 1397 1086 1463 efficitur
1096 1416 1193 1496 punn-

118 1493 201 1556 tum,
226 1493 258 1547 et
278 1481 392 1566 fipnro,
411 1491 449 1546 ut
470 1479 550 1544 alibi
566 1478 714 1546 diximus
728 1483 752 1558 ⁵,
768 1501 832 1544 nou
854 1476 944 1544 alind
966 1489 1026 1556 est,
1042 1479 1104 1544 nisr
1126 1479 1192 1543 dis-

118 1564 240 1648 positio
264 1565 419 1648 partium.
434 1563 535 1646 Atqui
585 1565 725 1650 rincipia
747 1565 962 1638 constitutivo,
988 1562 1056 1626 sire
1077 1561 1193 1624 intrin-

118 1665 188 1710 seco
211 1665 383 1728 corporum
407 1667 447 1708 ex
481 1653 565 1730 partr
591 1665 630 1709 us
651 1657 796 1711 constare
819 1653 988 1728 repugnat.
1016 1644 1104 1728 Ergo
1123 1654 1193 1708 ato-

119 1727 186 1802 mi,
210 1728 236 1791 si
261 1727 293 1790 in
316 1747 349 1790 se
372 1739 578 1812 spectentur,
602 1727 767 1814 principia
789 1728 997 1791 constitutiva
1019 1745 1192 1810 corporum

120 1829 191 1874 esse
214 1830 253 1873 ne
279 1821 391 1874 ueuut.

163 1892 214 1956 12.
279 1891 350 1955 inor
372 1885 528 1977 probatur
549 1887 636 1956 hunc
658 1890 692 1955 in
714 1885 860 1956 modurn:
884 1885 1053 1974 Principia
1075 1886 1193 1952 consti-

118 1975 226 2039 tutiva
247 1993 421 2058 corporum
443 1967 561 2037 debent
581 1993 652 2037 esso
669 1975 787 2057 prima.
810 1970 911 2057 Atqui
928 1969 975 2046 id,
990 1967 1077 2055 quod
1114 1970 1192 2034 arti·

117 2053 182 2120 bus
204 2065 339 2132 constat,
357 2075 420 2118 non
442 2064 489 2118 est
504 2055 648 2140 primum
664 2055 864 2142 principium
877 2051 902 2127 ⁸,
918 2051 987 2128 sed,
1002 2062 1040 2119 ut
1060 1991 1192 2118 Scliolae

119 2138 226 2214 aiunt,
244 2137 489 2233 principiotum,
541 2137 597 2201 uia
620 2145 740 2223 partes,
766 2158 807 2201 ex
828 2132 950 2232 quihus
971 2136 1191 2220 componitur,

119 2220 285 2304 principia
300 2219 403 2304 ipsius
424 2228 509 2283 sunt.
557 2240 615 2304 rgo
630 2229 791 2305 repugnat
805 2216 970 2305 principia
984 2217 1194 2283 constitutiva

120 2321 297 2387 corporum
320 2299 532 2387 expertibus
555 2311 714 2377 constare,
741 2321 842 2386 aeque
868 2319 905 2363 ac
927 2309 1087 2385 repugnat
1099 2295 1195 2383 quid-

120 2403 221 2468 quam
244 2403 312 2449 esse
335 2380 432 2447 simul
450 2383 666 2467 principium,
680 2392 713 2447 et
729 2383 965 2468 principiotum
979 2379 1004 2444 ².

160 2581 168 2615 ¹
189 2578 273 2630 Boios
291 2580 424 2631 atomismi
443 2579 480 2630 et.
501 2575 531 2630 Ρ.
552 2575 695 2630 Seechium
713 2592 729 2628 e
749 2574 776 2628 S.
798 2573 820 2626 1.
840 2571 882 2644 (1·
890 2573 964 2628 cnud
976 2578 1040 2630 detto
1057 2578 1196 2645 {orrefist-

118 2653 177 2713 cho,
196 2648 277 2703 Rome
302 2647 393 2720 1814)
412 2651 544 2702 fautorem
564 2663 623 2701 esse
642 2648 672 2700 P.
693 2645 817 2701 Cornotdt
836 2649 956 2699 eiusdem
976 2647 1003 2702 S.
1025 2647 1046 2700 1.
1068 2651 1147 2702 modo
1165 2665 1195 2701 o·

119 2725 220 2776 stendit
249 2727 276 2774 tn
304 2727 409 2788 egregio
428 2725 569 2786 opusculo,
589 2725 602 2773 1
621 2724 716 2773 rtrtemt
734 2725 879 2774 merconico
897 2737 911 2773 e
929 2723 1060 2773 dinamico
1079 2725 1150 2775 ctrcc
1167 2725 1195 2775 lo

118 2800 289 2850 ccrttturtonc
306 2799 434 2860 de'corpr',
456 2794 559 2846 Verona
581 2795 661 2844 1864.

158 2865 229 2920 ²131
249 2875 366 2920 veterum
388 2868 569 2920 htomtcorum
590 2868 732 2927 sententia,
753 2871 842 2916 motus
867 2872 907 2916 est
926 2867 1055 2918 naturalis
1074 2871 1190 2928 atomis,

120 2933 852 3076 ¹²⁶t¹¹tth⁰2¹⁸n3ttttttttttttttiiit
866 2940 1196 3075 t‘dthtdttdh

120 3085 289 3150 producitur,
309 3089 337 3136 et
353 3086 484 3150 physicus.
505 3098 566 3133 cnm
587 3097 600 3132 s
622 3085 646 3132 vt
667 3085 715 3146 ipsi
734 3084 840 3145 corpori
861 3085 937 3133 insita
959 3084 1144 3147 proficiscitur.

159 3155 170 3193 ⁴
191 3155 247 3207 Hoc
266 3157 416 3208 defensores
435 3157 568 3207 atomismi
587 3165 641 3204 non
661 3162 768 3218 negant,
787 3157 886 3220 qnippe
905 3160 951 3220 qui
971 3157 1078 3206 tradunt
1090 3162 1196 3206 atomos

120 3243 182 3280 esse
202 3243 277 3288 vera,
297 3243 475 3294 germanaque
495 3242 618 3290 corpora,
639 3228 702 3277 ticet
720 3233 862 3291 peremptio
880 3233 960 3292 atque
979 3229 1138 3280 inrecoottr'o.

158 3303 170 3340 ³
191 3304 277 3366 Loptc.
299 3317 359 3366 pars
379 3299 400 3359 Ι,
420 3315 447 3350 o.
467 3301 495 3360 9,
517 3315 543 3364 p.
565 3300 595 3350 et
620 3301 674 3349 rot.
696 3299 786 3350 i.-⁶
805 3295 842 3351 Cf
856 3315 884 3362 p,
904 3299 1001 3350 tte-oz.

159 3371 259 3425 ⁷Hinc
288 3380 361 3425 recte
387 3387 504 3436 nuperus
535 3371 711 3435 Philosophus
730 3368 775 3440 (G.
795 3366 914 3422 Romano
934 3373 961 3423 d.
981 3367 1012 3423 C.
1032 3370 1059 3421 d.
1080 3367 1137 3430 G..
1159 3375 1198 3425 Lo

121 3449 227 3498 scanza
246 3447 389 3498 dett'uomo
407 3448 541 3504 interiore,
561 3462 574 3495 e
593 3445 657 3495 detto
676 3461 720 3495 me
738 3445 866 3495 retortonr'
883 3459 932 3495 con
951 3446 978 3496 tc
996 3451 1102 3502 notura,
1123 3459 1198 3496 econ

122 3521 186 3582 Dto,·
207 3521 317 3571 Cormot.
339 3523 408 3584 part.
430 3516 451 3578 l,
472 3532 497 3568 c.
517 3517 545 3576 2,
566 3519 581 3580 S
601 3514 649 3586 et)
667 3518 826 3577 observarit,
846 3523 950 3566 atomos
963 3516 1067 3567 admittt
1081 3530 1156 3581 posse
1170 3518 1197 3566 tu

122 3589 232 3655 chymia
254 3592 336 3643 relntt
357 3592 464 3650 limites,
486 3590 556 3640 uttra
577 3605 645 3654 quos
663 3590 779 3656 auatyrts
797 3589 920 3652 chymica
941 3603 994 3640 non
1013 3590 1196 3653 progredttnr;

123 3677 220 3716 rerum
243 3667 268 3715 in
288 3664 468 3728 metaphysica
490 3664 571 3717 vetuti
592 3665 720 3728 principia
746 3664 917 3713 constitutiva
943 3675 1085 3726 corporum
1105 3659 1199 3711 haber?
