2475 3909
523 181 701 233 rneeeoon
1041 165 1102 230 227

81 267 257 335 docuerunt
277 266 350 333 illas
370 266 488 333 habere
511 265 758 333 fundumentum
781 267 815 332 in
837 288 885 341 re,
907 270 974 333 sive
989 289 1057 333 esse
1072 278 1143 332 ectu

81 353 113 415 in
129 350 304 426 intellectu,
320 350 375 415 sed
387 349 672 432 fundamentaliter,
688 360 719 415 et
729 350 944 434 potentialiter
957 350 990 414 in
1007 348 1104 415 rebus
1118 351 1141 412 ¹.

118 435 168 499 87.
186 434 238 498 Ex
251 430 435 499 recentibus
448 431 723 500 Nomioalismum
739 434 842 497 secuti
858 443 930 499 sunt
944 454 1053 497 omnes
1067 435 1144 501 Sen-

81 516 186 592 sistee3
203 512 403 580 Reulismum
417 534 530 579 omnes
543 512 760 591 Pantheistae,
775 536 817 578 ex
831 536 871 579 eo
886 513 970 600 quod
994 516 1003 581 i
1030 516 1057 579 si
1078 514 1144 579 bla-

82 608 181 662 terant
196 595 393 661 universalia
415 619 485 662 esse
506 597 725 661 emanationes
740 597 812 673 Dei;
827 536 1144 681 Conceptuaiismum
1184 628 1188 642 ·

81 692 187 745 autem
210 679 318 825 primo
338 678 436 745 modo
457 687 639 762 acceptum,
663 698 787 757 omnes,
801 680 857 763 qui
873 680 1034 776 originem
1056 680 1144 744 idea-

81 783 152 827 rum
175 782 212 824 re
248 781 306 845 per
328 760 417 826 ideas
440 764 580 836 innatas,
594 759 646 827 vel
662 780 721 845 per
735 760 857 826 formes
880 762 981 845 ipsius
1003 763 1144 827 subiecti

80 843 249 927 cogitantis
269 842 497 928 explicarunt3
525 839 625 907 altero
647 856 755 909 autem
777 842 873 907 modo
899 854 1088 929 acceptum,
1111 864 1145 907 o-

81 946 182 1002 mnes,
204 924 264 1010 qui
285 946 311 989 s.
334 924 475 990 Thomas
497 923 616 1011 placita
639 926 673 989 in
695 924 886 1011 explicanda
910 927 1036 1013 origine
1059 926 1144 991 idea-

82 1029 155 1073 rum
175 1018 350 1073 sectantur.

228 1132 296 1186 Aur.
310 1133 342 1185 ll.
357 1131 608 1185 -Nomlnalismns
627 1138 654 1184 et
674 1130 820 1185 llealismus
840 1134 1001 1185 refelluntur·

120 1248 172 1315 88.
189 1243 412 1311 Nomioalium
436 1245 627 1310 seutentiam
642 1264 661 1309 a
674 1246 810 1310 veritate
822 1242 974 1312 aberrare
998 1251 1146 1335 sequenti

82 1331 144 1395 Pro
189 1329 307 1393 sitione
332 1326 534 1393 ostenditur:

152 1410 326 1474 nioereolie
346 1428 440 1493 neque
462 1417 535 1472 stent
555 1428 660 1484 voces,
682 1407 844 1474 cuiuslibet
865 1430 952 1475 conce
974 1411 1070 1476 tionis
1092 1434 1147 1475 ex·

135 1501 192 1567 ter,
215 1512 252 1554 ne
273 1512 309 1555 ue
330 1502 402 1556 eunt
425 1511 534 1566 voces,
557 1499 612 1553 out
634 1489 842 1575 conceptiones
863 1430 1055 1577 simpuiores,
1078 1497 1147 1579 qni-

99 1598 137 1639 us
151 1594 214 1638 non
234 1512 356 1660 ailquid
375 1573 560 1650 universale,
575 1570 626 1635 scd
636 1573 912 1655 pluroe'odividoe
932 1575 1145 1659 designentur.

122 1656 283 1721 Probatur
305 1657 411 1741 prima
464 1674 528 1719 ars.
556 1655 715 1737 Signum,
739 1664 837 1740 prout
862 1657 990 1741 signum
1012 1669 1082 1734 est,
1106 1658 1148 1723 ad

80 1737 220 1823 aliquid,
243 1737 332 1823 quod
354 1677 536 1823 significat,
559 1737 739 1802 necessario
760 1738 924 1817 refertur3
949 1760 986 1804 ac
1009 1740 1148 1825 proinde

81 1819 261 1886 absurdum
292 1830 434 1886 estesse
460 1822 610 1906 siguum,
635 1817 723 1905 quod
749 1820 831 1885 nihil
853 1820 1023 1905 significet.
1047 1824 1148 1908 Atqui
1202 1870 1203 1873 ,

83 1924 177 1970 voces
208 1902 292 1967 nihil
324 1901 412 1969 aliud
434 1912 528 1978 sunt,
550 1920 648 1985 quem
670 1903 785 1985 signa,
808 1922 890 1987 quae
918 1907 1148 1990 conceptiones

80 1986 183 2052 animi
204 1984 400 2070 significant.
416 1986 505 2069 Ergo
525 1982 701 2049 absurdum
723 1993 771 2049 est
790 1984 987 2051 universalia
1008 2007 1077 2052 esse
1091 2008 1149 2055 vo-

80 2090 147 2144 ces,
169 2088 253 2153 quae
274 2068 399 2133 nullam
420 2065 665 2150 conceptionem
686 2063 880 2149 significant.

120 2151 176 2217 89.
199 2150 359 2215 Probatur
389 2149 490 2216 ultera
521 2167 606 2232 pers.
637 2146 771 2233 Singula
803 2146 974 2215 individua
1000 2151 1150 2248 proprios

80 2241 259 2328 conceptus
280 2231 408 2310 habent,
423 2233 502 2317 quia
523 2228 650 2315 singula
674 2228 842 2295 individua
863 2230 1074 2377 ‹pualitatrbus
1097 2236 1150 2299 sui

81 2314 229 2402 propriis
257 2312 420 2399 gaudent,
443 2333 502 2399 per
522 2332 603 2396 quas
629 2310 691 2375 alie
713 2310 753 2377 ab
775 2313 848 2377 aliis
893 2314 1148 2381 iscriminantur.

81 2397 186 2482 Atqui
207 2416 269 2474 ea,
291 2416 374 2480 quae
397 2394 547 2483 proprios
568 2403 745 2479 conceptus
765 2392 904 2472 habeut,
928 2397 1071 2483 propriis
1094 2417 1150 2462 no-

81 2477 230 2544 minibus
257 2476 455 2564 designanda
481 2485 566 2544 suut.
593 2478 682 2573 Ergo
710 2475 779 2540 fieri
801 2498 864 2543 non
886 2489 1012 2574 potest,
1035 2489 1072 2545 ut
1093 2500 1151 2546 no·

80 2561 187 2637 mine,
210 2569 243 2625 et
264 2561 472 2645 conceptione
494 2558 654 2645 singulare
675 2556 770 2645 plura
793 2558 961 2626 individua
982 2560 1151 2647 designen-

81 2655 149 2708 tur.
164 2648 327 2719 Attamen,
342 2643 498 2728 quoniam
519 2638 670 2706 omnibus
691 2637 871 2707 individuis
890 2643 1051 2728 quaedam
1072 2664 1151 2729 qua·

79 2724 192 2791 litotes
214 2746 401 2791 communes
421 2735 506 2803 sunt,
529 2724 627 2789 unica
648 2724 816 2807 conceptio
838 2733 942 2809 potest
964 2745 1152 2813 repraesen-

81 2817 155 2873 tare
182 2828 296 2873 eorum
318 2806 491 2891 qualitates
517 2824 728 2886 communes,
757 2816 853 2903 atque
876 2807 1008 2873 unicum
1033 2829 1152 2875 nomen

80 2900 191 2975 potest
217 2889 292 2955 illas
317 2888 511 2973 significare.
535 2888 646 2985 ltaque
668 2907 754 2964 vox,
778 2908 845 2953 seve
872 2900 1045 2977 conceptus
1066 2912 1153 2957 com-

79 2972 196 3037 munis
218 2992 284 3036 non
305 2969 454 3056 designat
475 2971 569 3058 plura
590 2966 782 3049 rediviam,
804 2970 860 3036 sed
882 2971 1059 3058 quidquam
1081 2975 1152 3060 plu-

80 3056 176 3119 rium
198 3052 444 3119 individuorum
467 3072 649 3117 commune.
945 3116 947 3123 ,

125 3136 181 3203 90.
206 3133 347 3220 Utraque
364 3134 596 3221 propositionis
611 3153 686 3220 pars
701 3130 909 3201 confirmatur
929 3158 971 3202 ex
985 3158 1037 3213 eo,
1052 3137 1152 3223 quod,

82 3228 122 3283 ut
144 3216 331 3284 Leibnitius
353 3219 409 3296 ait,
432 3217 572 3283 admissu
594 3216 751 3282 sententia
771 3216 1014 3296 Nomioalium‚
1030 3241 1046 3281 a
1063 3241 1154 3285 ever-

86 3311 207 3367 tuntur
227 3301 404 3377 scientiae,
426 3309 459 3365 et
480 3298 619 3383 sceptici
646 3298 778 3387 vicere²
795 3319 836 3375 »3
864 3300 1026 3385 siquidem
1054 3305 1156 3369 seion-

120 3507 407 3577 ¹Concepturltemns,
428 3511 478 3562 heo
497 3512 583 3563 altere
602 3510 704 3563 ratione
723 3508 883 3575 explicatus,
902 3510 1040 3565 rectumne
1058 3519 1153 3577 tempe-

82 3593 162 3638 ratur
179 3587 262 3637 etiam
281 3584 371 3634 vocari
390 3586 467 3634 rotet.
1084 3600 1086 3605 v

122 3656 236 3712 ²?raei.
255 3658 290 3709 oli
308 3657 382 3718 Nic..
402 3663 417 3718 s
436 3652 546 3710 fflll.
