2475 3909
132 157 174 219 tt»
524 173 603 219 coc
618 174 627 218 r
642 178 659 223 c
672 181 692 223 a
707 178 726 222 a

94 277 170 320 ruur
194 254 226 320 id
250 276 311 319 non
335 277 376 320 ex
400 256 469 339 ipsa
492 266 607 321 natura
629 260 874 345 enthymematis
897 261 977 324 oriri
994 262 1119 357 ,quasi
1146 258 1174 324 i·

95 356 190 420 psum
213 338 255 401 sit
276 339 525 433 argumentatio,
550 339 581 403 in
596 360 662 424 qua
675 363 717 404 ex
739 342 834 404 unica
848 344 1080 406 enunciatione
1096 361 1172 405 con·

15 492 18 501 Ι
96 417 198 481 clusio
221 417 398 501 colligitur,
422 418 477 481 sed
500 420 610 504 potius
631 440 672 484 ex
694 432 860 487 oratorum
882 421 1065 495 commodo,
1088 429 1175 507 quos

97 497 286 564 alterutram
310 500 520 581 praemissam
549 502 804 584 praetermittere
832 524 885 566 sae
910 522 928 566 e
951 503 1043 569 iuvat
1065 504 1088 563 ¹.

139 580 207 645 113.
232 581 345 664 ltaque
367 578 568 666 enthymema
595 604 661 645 non
675 582 787 647 dillert
801 606 820 645 a
835 523 1024 668 syllhgismo
1045 582 1175 646 ratione

95 660 238 739 formae,
261 662 327 725 sive
349 682 391 723 ex
413 681 550 724 numero
572 666 741 745 partium,
770 663 826 727 sesl
850 664 978 727 ratione
1012 662 1173 733 materiae,

99 740 167 804 sive
191 751 324 805 naturae
347 743 627 817 enunciationem,
643 744 825 827 exquibus
840 753 973 808 constat.
998 744 1094 819 Sane,
1111 762 1176 805 non

99 819 212 885 dillert
244 824 370 887 ratione
397 820 518 887 lormae
537 870 545 897 ,
567 825 644 908 quia
668 826 880 898 enunciatio‚
902 845 985 906 quae
1008 825 1041 886 in
1063 824 1143 888 enth
1162 858 1177 869 ·

102 912 241 966 memate
262 904 450 979 omittitur,
475 914 507 968 et
530 905 563 967 in
585 907 696 969 animo
723 905 1039 990 argumentationem
1066 843 1177 999 psoll-

100 984 202 1047 rentis
225 984 347 1061 existit,
371 993 403 1048 et
426 985 458 1046 in
482 986 591 1048 animo
613 985 772 1050 auditoris
786 985 837 1048 rel
860 985 989 1049 lectoris
1003 983 1178 1069 cogitanda

102 1062 320 1147 relinquitur,
345 1064 424 1128 nihil
448 1065 536 1128 enim
564 1087 606 1129 ex
628 1068 725 1130 unica
746 1066 1002 1141 enunciatione,
1024 1085 1112 1149 quae
1137 1066 1178 1130 si·

102 1140 286 1228 gnificatur‚
309 1146 418 1230 colligi
441 1156 565 1289 possem
590 1148 743 1231 quocirca
764 1146 981 1233 enthymema,
997 1166 1059 1210 non
1082 1166 1178 1209 secus

103 1244 141 1287 ac
165 1224 381 1311 syllogismus
397 1228 437 1292 tri
464 1246 501 1290 us
515 1228 801 1294 enunciationibus
821 1237 967 1292 constare
982 1226 1089 1292 dehet.
1109 1225 1177 1290 Dil-

104 1305 170 1369 lert
193 1317 299 1372 autem
324 1310 449 1372 ratione
471 1311 633 1384 materiae,
649 1310 727 1393 quia
750 1308 1015 1382 enunciationes,
1037 1329 1123 1392 quae
1147 1309 1178 1371 in

105 1387 340 1474 enthymemate
363 1410 404 1452 ex
427 1388 671 1466 verisimilibus,
695 1399 728 1454 et
749 1390 848 1469 signis
869 1388 1100 1465 conficiuntur,
1117 1408 1179 1450 non

107 1478 180 1532 sunt
191 1470 322 1533 omnino
337 1468 512 1545 certae,sed
530 1469 729 1563 prohabiles3
742 1467 827 1533 unde
842 1471 1046 1555 enthymema
1061 1468 1180 1555 proba·

106 1549 205 1613 bilem
221 1551 441 1645 cognitionem
455 1550 569 1633 gignit.
587 1552 614 1614 E
630 1551 808 1627 contrario,
825 1549 1032 1635 syllogismus
1046 1551 1179 1633 proprie

107 1630 226 1706 dictus,
249 1651 316 1696 sive
339 1631 629 1708 demonstrativus,
647 1653 665 1695 a
682 1631 857 1717 principiis
871 1632 1015 1717 propriis
1033 1631 1083 1694 rei
1134 1652 1181 1695 ro

107 1710 280 1787 ficiscitur,
298 1732 335 1774 ac
351 1710 486 1805 proinde
508 1712 748 1777 conclusionem
771 1712 905 1775 omnino
927 1722 1048 1775 certam
1069 1710 1112 1776 ha
1159 1724 1180 1775 t.

150 1792 221 1857 tlt.
246 1792 450 1876 Epichsrcma
477 1802 611 1856 vocatur
633 1794 690 1857 illa
711 1814 747 1856 ar
771 1793 962 1867 umenlatio,
986 1795 1109 1887 inqua
1132 1793 1182 1855 rel

110 1873 326 1957 propositioni
349 1874 479 1949 maiori,
493 1874 543 1938 vel
565 1874 697 1951 minori,
714 1812 768 1939 vel
780 1872 910 1955 utrique
925 1872 1078 1957 probatio
1102 1872 1182 1937 adii·

110 1958 207 2019 citur.
232 1953 428 2038 Exemplum
458 1954 555 2019 hahes
585 1954 616 2017 in
641 1955 809 2019 Ciceronis
830 1955 977 2018 oratione
999 1973 1059 2038 pro
1081 1956 1182 2020 Sexto

110 2034 240 2098 Roscio:
259 2036 300 2099 Ut
314 2038 386 2119 quis
395 2035 569 2117 parricidii
590 2034 632 2097 sit
647 2057 700 2099 sus
722 2047 816 2108 ectus,
839 2035 867 2097 is
883 2035 1121 2099 scelestissimus
1143 2035 1181 2098 sit

110 2124 243 2198 oportet,
266 2126 309 2178 est
337 2118 417 2177 enim
439 2116 559 2177 crimen
580 2115 671 2178 torre
714 2136 783 2192 urm
802 2116 891 2260 otgari
912 2118 1028 2181 Sextus
1042 2116 1189 2182 Roscius.

111 2215 171 2259 non
192 2207 236 2258 est
258 2196 343 2271 tolie·
364 2216 424 2259 aon
444 2197 527 2259 enim
550 2207 593 2258 est
613 2198 737 2274 aedae,
760 2216 823 2259 noe
855 2198 1042 2274 esurimus,
1064 2216 1131 2259 noa
1152 2218 1183 2257 n-

114 2296 223 2351 aarum
247 2296 308 2339 nere
329 2296 397 2356 erpo
418 2285 463 2339 est
480 2277 656 2360 parricidii
677 2292 847 2362 suspectus.

155 2357 225 2421 115.
249 2358 317 2421 lam
338 2358 536 2441 epichirema
559 2379 623 2420 non
639 2370 687 2424 est
700 2381 766 2422 una
787 2358 1038 2442 argumentatio,
1054 2358 1113 2421 sed
1129 2378 1183 2443 po-

114 2437 178 2501 tius
200 2436 407 2523 expluribus
429 2439 765 2533 argumentationibus
782 2441 813 2501 in
828 2460 926 2501 unam
942 2439 1182 2522 aggressionem

113 2520 310 2583 coacervatis
332 2521 548 2585 constituitur.
573 2520 704 2583 Etenim
726 2521 881 2593 rationes,
897 2539 980 2601 quae
1004 2522 1037 2582 in
1059 2520 1184 2603 epichi-

100 2609 237 2663 remate
260 2601 447 2683 praemissis
479 2598 702 2674 adiiciuntur,
727 2621 791 2665 nen
815 2608 891 2663 sunt
912 2620 1013 2664 novae
1035 2600 1185 2664 eiusdem

114 2683 298 2763 argumenti
321 2691 438 2764 partes,
459 2682 539 2765 quia
560 2680 764 2763 impossihile
786 2693 833 2746 est
856 2680 987 2763 aliquod
1010 2700 1185 2765 argumen-

116 2770 184 2825 tum
207 2780 249 2824 ex
271 2760 439 2845 pluribus,
459 2783 557 2845 quam
580 2782 622 2823 ex
644 2761 749 2826 trihus
770 2759 929 2846 partibus,
952 2772 1112 2839 constare,
1128 2758 1184 2825 sed

116 2850 190 2905 sunt
211 2861 292 2906 nova
314 2852 516 2925 argumenta,
557 2840 656 2906 uibus
677 2842 718 2906 ad
739 2844 807 2906 vim
830 2842 988 2906 orationis
1002 2840 1184 2925 augendam

118 2922 313 3005 praemissae
336 2922 529 2987 fulciuntur.
576 2924 628 2986 inc
643 2924 842 3007 epichirema
864 2944 882 2985 a
904 2922 1090 3008 syllogismo
1112 2941 1186 3006 pro

118 3002 188 3085 prie
210 3001 298 3067 dicto
319 3023 383 3066 non
406 3002 517 3070 dillert
538 3004 661 3068 ratione
675 3004 812 3078 formae,
832 3002 887 3067 sed
909 3024 951 3067 ex
972 3004 1098 3067 ratione
1121 3024 1187 3065 mu·

117 3085 222 3160 terius,
246 3103 319 3147 nam
349 3085 558 3169 praemissae,
588 3106 672 3168 quae
700 3084 896 3170 prohabiles,
913 3093 946 3148 et
965 3104 1029 3147 non
1051 3085 1186 3147 omnino

118 3174 225 3229 certae
247 3174 332 3242 sunt,
356 3166 446 3231 novis
469 3168 668 3250 argumentis
693 3163 878 3229 confirmari
903 3163 1007 3228 solent
1026 3166 1051 3226 ².

156 3373 533 3445 1ΗίιεεΑείεῑοῑεΙεε(1ῠιέὶ.)
552 3377 723 3439 enthymema
742 3388 849 3440 quoque
873 3374 979 3424 vocarit
1003 3371 1185 3435 syllogismum
1225 3425 1226 3428 ,

119 3458 313 3572 or‘lullrhunni'oh
333 3522 462 3571 rationem
482 3518 638 3571 Aristoteles
657 3476 768 3586 (rapto,
790 3519 836 3569 lib.
851 3513 924 3576 Vlll,
944 3528 971 3565 c.
985 3512 1014 3582 Ξ)
1034 3514 1139 3567 roserit
1158 3524 1185 3561 s-

121 3594 266 3657 pichlrema
287 3594 468 3658 syllogismum
488 3593 656 3644 dialecticum.
