2475 3909
483 213 686 268 cosnotoors
1032 193 1073 260 ai

48 303 159 386 Atqui,
182 301 209 365 si
233 302 278 367 ita
301 321 352 366 res
367 311 431 378 est,
448 302 551 388 liquet
564 300 722 365 elementa
745 295 892 384 chymica
915 313 974 378 per
995 315 1028 360 se
1050 312 1113 357 non
1169 367 1179 378 .

46 387 243 450 constituere
265 405 383 468 corpus
405 389 557 460 mixtum,
581 381 637 448 sed
659 381 769 464 aliquo
792 376 958 462 principio
981 375 1115 440 formali

46 485 129 548 opus
152 487 243 543 esse,
266 478 303 532 nt
331 488 371 530 ea
396 467 437 531 iis
463 485 581 550 corpus
609 464 748 527 mistum
776 460 1003 527 constituatur.
1028 457 1144 541 Ergo·

48 549 206 612 elementa
229 549 460 614 constituentia
481 567 600 632 corpus
624 546 658 609 in
679 550 851 630 systemate
874 540 1021 626 chynico
1043 559 1116 623 per-

47 649 161 713 peram
182 630 398 716 explicantur.

300 759 369 812 ΑΜ.
392 759 438 812 lli.
453 785 487 799 -—
500 759 536 811 hs
555 762 700 823 systemate
719 755 861 818 dynamieo

86 869 139 932 et.
163 869 232 935 Hoc
254 881 391 957 systema
411 872 445 934 in
467 869 590 934 recenti
619 876 725 932 aetate
751 862 941 930 Leibnitius‘
958 885 1000 929 es
1024 862 1117 927 indn-

45 953 127 1014 stria
149 956 310 1037 exposuit,
331 963 363 1017 et
379 953 608 1038 propugnavit.
633 951 709 1034 lpse·
728 947 841 1011 statuit
862 945 1035 1031 principia,
1058 965 1117 1010 sen

45 1032 206 1098 elementa
221 1055 396 1120 corporum
418 1055 488 1098 esse
512 1031 709 1098 substantias
731 1027 908 1113 simplices,
924 1038 958 1092 et
979 1026 1116 1112 proinde

46 1133 184 1198 corpora
200 1135 263 1182 non
279 1117 375 1181 aliter
397 1135 465 1180 esse
481 1114 677 1180 snbstantias
690 1109 898 1206 compositas,
914 1128 1012 1193 qnam
1028 1107 1115 1194 qnod

46 1207 124 1260 sunt
137 1199 378 1284 complexiones
391 1197 646 1262 substantiarum
660 1192 873 1280 simplicium.
890 1190 957 1255 Has
971 1190 1118 1254 substan·

48 1279 112 1341 tias
134 1279 321 1364 simplices,
344 1301 384 1343 ex
408 1279 527 1364 quibus
560 1297 698 1364 corpora
725 1274 933 1348 efficiuntur,
962 1273 1116 1349 monades,

47 1380 167 1447 nempe
190 1363 331 1426 unitates
347 1361 357 1398 ¹
373 1360 571 1447 appellavit,
595 1359 672 1445 qnia
693 1377 735 1420 es
757 1355 815 1430 iis,
838 1353 991 1417 veluteis
1013 1356 1118 1420 nnita-

49 1438 140 1506 tibus
162 1463 328 1518 numerus,
343 1463 400 1507 cor
423 1465 461 1508 us
483 1443 704 1508 constituitur.
719 1433 892 1515 Quomodo
915 1443 1024 1500 antem
1046 1437 1119 1522 pln-

47 1541 105 1586 res
126 1524 277 1588 monades
299 1524 338 1588 ad
361 1465 565 1590 elbbiendnm
581 1542 698 1609 corpus
725 1527 930 1591 concurrant,
958 1516 1119 1601 explicuit

46 1605 111 1669 hoc
133 1605 240 1671 modo:
265 1604 431 1685 Monades,
447 1629 488 1672 ex
511 1605 633 1692 quibus
655 1599 821 1688 quodlibet
842 1617 965 1684 corpus
982 1609 1116 1675 constat,

48 1685 85 1750 1⁰
108 1687 248 1782 spatium
272 1709 335 1751 non
358 1701 527 1775 occupant,
572 1687 651 1762 nia,
673 1705 749 1749 cum
770 1684 836 1750 sint
856 1680 1040 1775 simplices,
1063 1701 1121 1744 ex-

47 1779 247 1846 tensionem,
271 1781 304 1834 et
325 1768 462 1854 liguram
485 1707 712 1842 nonqbabcnt3
734 1762 769 1827 2⁹
794 1764 826 1827 in
849 1761 997 1849 qnalibet
1018 1764 1121 1848 parti·

48 1849 127 1913 enla
148 1854 294 1934 corporis
322 1861 397 1916 sunt
417 1851 582 1929 infinitae,
605 1850 685 1935 qnia
706 1845 845 1911 materia
873 1853 922 1909 cst
943 1842 1121 1909 divisibilis

50 1933 89 1996 in
110 1929 299 2009 inlinitum3
321 1931 355 2000 ³⁰
378 1933 674 2018 repraesentatione
702 1928 803 1994 totius
829 1923 943 1990 mnndi
967 1925 1119 2013 gaudent,

49 2012 192 2078 obscura
215 2022 346 2092 tamen,
368 2026 401 2080 et
422 2015 580 2092 conlnsa,
604 2013 664 2077 hoc
689 2020 738 2075 est
759 2010 834 2074 siue
853 2009 1063 2083 conscientia;
1085 2009 1121 2073 t⁰

48 2094 223 2180 appetitu,
246 2115 362 2182 nempe
391 2097 554 2182 principio
583 2096 761 2161 intrinseco
788 2091 964 2157 activitatis
986 2091 1122 2177 pollent,

50 2195 94 2241 ex
116 2195 182 2260 qno
203 2195 315 2242 omnes
343 2180 537 2245 mutationes
563 2180 598 2244 in
622 2177 702 2323 ipsis
724 2173 822 2250 hunt;
843 2172 881 2240 5⁰
900 2171 1122 2241 destituuntur

48 2257 181 2322 actione
204 2261 301 2322 nnius
325 2259 358 2322 in
382 2260 513 2328 alteram
528 2261 565 2337 ²,
588 2280 633 2323 nn
655 2279 673 2322 e
701 2276 767 2320 non
789 2265 923 2352 possunt
942 2255 982 2321 sd
1005 2275 1122 2341 corpus

49 2338 258 2435 efficiendum
280 2344 452 2485 appregari
474 2363 516 2408 ea
538 2352 651 2406 mutua
673 2339 708 2404 in
730 2357 764 2402 se
786 2355 875 2421 ipsas
896 2339 1042 2415 actione,
1065 2338 1121 2402 sed

50 2440 138 2505 opus
152 2442 199 2485 ess
218 2431 266 2486 est
286 2424 396 2506 aiqua
416 2444 511 2488 causa
532 2423 702 2496 exteriori,
719 2441 761 2484 ex
781 2439 845 2503 qua
866 2432 1118 2508 congregentur3

50 2504 134 2568 haee
156 2511 265 2597 antem
285 2522 382 2568 cansa
403 2517 451 2572 est
473 2504 571 2581 Deus,
586 2506 663 2590 quia
685 2503 774 2567 Dens
793 2501 948 2568 monades
969 2505 1016 2570 ita
1038 2506 1124 2571 inter

50 2605 88 2649 sc
110 2587 291 2659 coniunxit,
308 2594 344 2651 ut
366 2588 512 2670 internae
534 2588 730 2654 mutationes
751 2584 848 2648 nnius
870 2603 945 2649 cum
967 2591 1123 2655 mutatio·

49 2664 153 2731 nibus
174 2667 311 2731 internis
326 2669 473 2739 omnium
496 2667 633 2736 aliarum
656 2668 855 2753 conspirent,
872 2676 970 2751 atque
992 2669 1051 2734 hoc
1065 2691 1122 2756 pa·

453 2837 773 2854 m*-

58 2956 150 3006 contr.
172 2951 258 3011 Geni„
280 2963 305 3000 c.
327 2945 385 3018 56).
405 2945 490 3013 Quum
509 2961 531 2998 s.
552 2943 672 2998 Thomas
689 2949 837 3000 doctrinam
862 2955 1015 3015 nuperrime
1034 2961 1129 3008 contra

54 3025 269 3078 aduersariorum
296 3022 457 3073 abiectiones
480 3020 624 3073 vindicarit
647 3017 709 3071 lim.
731 3016 809 3074 Carti.
829 3019 963 3087 Zigliara,
983 3031 1021 3080 ns
1045 3037 1129 3080 masis

55 3101 135 3151 Cena.
160 3097 232 3147 Viso.
251 3100 318 3154 ete„
335 3107 397 3158 pars
416 3092 437 3155 l,
458 3107 484 3144 e.
505 3090 564 3152 vlt,
585 3107 612 3156 p.
633 3093 668 3142 48
688 3108 747 3157 sqq,
766 3089 866 3146 Romae
887 3098 967 3148 iiiiii.

97 3169 109 3206 ¹
130 3166 214 3218 liuius
233 3168 382 3231 systematis
402 3167 510 3231 vestigia
530 3167 557 3216 in
575 3163 743 3229 Philosophia
763 3164 929 3231 Pythagorae
947 3172 1128 3228 inueniuntur,

59 3243 160 3307 quippe
178 3242 225 3304 qni
243 3241 333 3291 docuit
345 3251 471 3292 numeros
490 3251 547 3288 esse
566 3239 706 3300 principia,
720 3251 753 3288 ex
765 3239 861 3302 quihus
872 3244 959 3292 omnis
970 3245 1131 3294 universitas

61 3327 156 3366 rerum
176 3314 354 3375 componitur.
376 3310 478 3364 Verum
494 3312 655 3374 disputatur,
674 3323 739 3360 num
758 3313 816 3361 eius
835 3316 938 3364 numeri
958 3329 1020 3365 cnm
1040 3331 1132 3367 mono-

59 3387 148 3445 riihns,
163 3399 213 3436 sen
224 3386 371 3436 unitatibus
383 3381 504 3435 Leihnitii
518 3385 695 3433 consentiant.
706 3381 877 3435 asserentem
889 3387 1050 3449 opinionem,
1062 3401 1131 3452 qnae

64 3457 142 3509 ratde
163 3458 303 3521 probabilis
322 3466 380 3518 est,
401 3455 505 3520 sigism.
527 3453 614 3508 Gerdit
635 3455 873 3509 erudite.tieiendit
892 3459 918 3509 in
937 3467 986 3510 suo
1005 3457 1066 3523 us,
1087 3464 1132 3512 in·

64 3533 287 3583 trodusiuneatto
306 3533 390 3582 studio
409 3529 630 3592 mauretiniam,
652 3528 697 3577 iib.
718 3527 752 3589 ll,
772 3535 788 3590 s
808 3527 835 3580 3.

98 3599 208 3654 ²sletio
228 3605 372 3662 transiens,
394 3600 540 3652 meantium
560 3596 735 3664 leibnitium,
755 3607 786 3654 ut
804 3601 866 3653 alihl
886 3603 998 3656 dixtms
1017 3601 1132 3676 (Onici,

61 3691 88 3729 c.
110 3671 159 3736 ix,
179 3689 206 3724 a.
228 3674 255 3736 2,
276 3689 303 3740 p.
325 3671 383 3746 63),
403 3678 444 3725 est
462 3671 642 3737 impossibilis.

135 3765 243 3820 Paisos.
256 3761 365 3820 eninr.
378 3767 516 3832 compend.
533 3762 567 3818 li.
