2475 3909
348 206 536 256 rnuonoum
557 204 746 256 narramus
991 182 1052 249 325

21 298 127 374 portet
153 289 240 375 qnod
261 310 374 355 omnes
400 291 584 358 nobilitates
615 290 764 357 omnium
796 293 1021 352 creaturarum
1044 286 1091 351 in-

20 372 192 436 veniantur
213 373 246 437 in
267 370 338 437 Deo
363 372 569 440 nobilissimo
595 372 715 449 modo,
743 380 777 435 ct
797 369 867 433 sine
896 368 1007 453 aiiqua
1033 370 1092 432 im·

19 451 221 538 perfectione
239 454 248 491 ¹
267 476 295 516 n.
935 530 942 544 ·

60 536 114 599 70.
137 536 186 599 Ex
208 533 259 599 bis
281 535 468 621 intelliges,
492 536 582 621 quod
607 536 693 600 sicut
718 542 846 617 tempus
868 528 1017 594 additum
1039 550 1092 593 ae-

17 615 161 681 ternitati
184 614 391 681 durationem
410 618 517 713 ipsius
539 640 604 683 non
626 624 737 713 auget,
758 613 837 698 quia
860 632 971 676 omnes
996 609 1093 675 dura-

16 696 120 761 tiones
141 696 189 761 iiii
214 696 386 763 inferiores
407 721 441 763 m
463 719 502 764 ea
523 700 782 764 eminentissimo
806 693 901 759 modo
924 694 1093 758 continen-

16 790 94 853 tur;
120 780 163 843 iia
185 777 296 855 Deus,
318 792 350 846 et
372 794 539 846 creaturae
565 800 629 845 non
654 788 729 843 sunt
750 773 878 861 aliquid
900 773 1090 859 perfectius,

16 880 117 945 quam
133 857 221 923 soius
236 860 336 935 Deus,
351 864 428 945 quia
455 872 522 928 tota
544 872 768 927 creaturarum
791 858 952 944 perfectio
974 856 1007 919 in
1023 853 1093 919 Deo

16 938 259 1028 perfectissime
280 946 465 1010 continetur
478 946 503 1006 ⁸.
519 943 684 1008 Audiatur
697 942 844 1026 Aquinas
859 949 978 1004 noster:
996 962 1013 1000 a
1031 936 1093 1000 Bo-

15 1042 99 1086 num
131 1034 276 1087 creatum
309 1023 455 1091 additum
481 1025 568 1091 bono
602 1028 746 1089 increato
778 1043 842 1085 non
870 1020 947 1085 iacit
969 1017 1093 1104 aliquid

16 1103 150 1178 maius3
179 1106 258 1188 quia
286 1107 311 1169 si
340 1107 406 1172 duo
438 1108 667 1193 participantia
694 1105 957 1189 coniungantur,
978 1100 1091 1186 augeri

16 1195 122 1268 potest
141 1186 239 1250 ineis
259 1187 345 1271 quod
369 1190 596 1274 participatur,
612 1186 668 1261 sed
691 1187 717 1251 si
724 1186 932 1331 participans
956 1182 1093 1277 addatur

16 1268 64 1341 ci,
89 1265 175 1350 quod
199 1288 257 1352 per
278 1272 447 1335 essentiam
469 1282 517 1335 cst
538 1272 613 1346 iaie,
638 1288 701 1333 non
739 1270 802 1332 acii
823 1264 948 1349 aliquid
973 1284 1091 1337 marus3

15 1349 108 1414 sicut
128 1347 195 1411 duo
217 1349 321 1414 calida
340 1351 493 1417 adiuncta
514 1350 554 1415 ad
576 1352 718 1416 invicem
740 1358 875 1433 possunt
896 1344 1004 1411 iacere
1027 1359 1092 1409 nia·

15 1430 72 1513 gis
86 1428 241 1504 caiidum3
256 1432 311 1497 sed
334 1434 363 1497 si
384 1444 470 1499 esset
489 1431 633 1517 aliquid,
678 1430 743 1496 uod
765 1439 847 1494 essct
869 1428 958 1493 caior
973 1446 1032 1511 per
1044 1446 1093 1490 es-

15 1512 160 1576 sentiam
181 1510 373 1589 subsistens,
388 1536 431 1579 ex
453 1514 574 1581 nuliius
595 1452 695 1578 calidi
719 1511 885 1577 additione
909 1507 1094 1575 intendere·

14 1602 86 1657 iur.
102 1592 185 1657 Cum
206 1613 285 1679 ergo
307 1594 396 1661 Deus
409 1596 451 1661 sit
464 1596 536 1682 ipsa
557 1597 696 1661 essentia
718 1594 890 1669 Bonitatis,
913 1590 1021 1657 omnia
1036 1610 1094 1653 au·

15 1684 88 1740 tem
109 1672 173 1739 alia
194 1673 279 1740 bona
301 1698 360 1762 per
382 1679 680 1764 participationem,
697 1698 738 1741 ex
760 1673 881 1739 nuliius
903 1673 979 1738 boni
1003 1670 1095 1736 addi-

14 1757 109 1821 tione
130 1754 167 1819 iit
179 1754 267 1822 Deus
282 1760 387 1844 magis
402 1758 516 1835 bonus,
531 1762 611 1845 qnia
626 1756 802 1824 cuiuslibet
817 1756 865 1820 rei
880 1755 1016 1821 alterius
1037 1752 1093 1817 bo-

16 1839 109 1903 nitas
128 1839 315 1905 continetur
334 1842 367 1905 in
382 1841 456 1926 ipso
470 1842 482 1877 ³
496 1866 528 1906 o.

196 1973 262 2025 iar.
284 1972 379 2026 1v.-
395 1974 486 2027 biodus
505 1979 658 2041 exponitur,
679 1990 731 2041 quo
752 1975 797 2027 Dei
818 1981 912 2027 natura

404 2063 419 2098 a
438 2050 513 2100 nobis
532 2052 703 2113 cognoscitur

60 2152 113 2215 71.
137 2152 187 2215 Ex
209 2150 261 2228 iis,
283 2171 366 2234 quae
389 2150 493 2217 adhuc
514 2152 554 2218 de
575 2153 704 2220 Divinis
727 2148 989 2217 Persectionibus
1011 2151 1095 2217 deli·

14 2232 182 2308 barimus,
198 2252 339 2315 quonam
361 2233 458 2298 modo
478 2233 518 2298 ad
534 2233 666 2300 iliarum
690 2235 910 2319 cognitionem
926 2232 1095 2318 pervenio

13 2333 107 2385 mus,
124 2311 218 2377 iaciie
234 2323 282 2378 est
296 2315 470 2381 coniicere.
495 2318 578 2383 Sane
600 2338 642 2383 ex
666 2319 736 2402 ipsa
756 2315 946 2381 existentiae
961 2314 1023 2380 Dei
1040 2314 1094 2379 de·

342 2492 663 2507 mnu-

54 2576 64 2607 ⁴
87 2574 155 2623 ibid.
176 2571 243 2623 ilinc
263 2572 422 2639 Areopagits
441 2574 524 2623 docet·
537 2575 626 2623 omnia
646 2574 678 2623 de
699 2571 752 2625 Deo
772 2575 899 2627 affirmari
919 2580 1095 2641 quodammo-

14 2646 54 2696 do
71 2682 79 2704 ,
98 2651 127 2694 ot
146 2647 247 2710 negari,
268 2641 400 2711 iilumque
421 2651 497 2696 vocat
516 2649 632 2696 omnium
651 2650 815 2708 positionem,
836 2654 863 2698 et
881 2654 996 2701 omnium
1021 2654 1095 2705 obla-

14 2723 135 2772 tionem
156 2718 217 2781 quia
237 2718 386 2769 eminenter
405 2720 478 2781 pouit
497 2720 608 2777 omnia,
631 2722 766 2782 tamqnam
786 2721 874 2771 omnis
893 2725 1047 2782 continens,
1067 2732 1095 2777 et

16 2791 177 2839 iorrnaiiier
194 2791 284 2840 omnia
297 2790 396 2849 auiert,
409 2793 472 2855 quia
491 2803 599 2840 omnem
619 2792 748 2841 rationem
770 2793 909 2845 i'ormaicm
923 2801 1052 2857 crustam,
1067 2805 1095 2847 et

16 2863 127 2912 finitam
147 2874 161 2909 s
182 2874 210 2909 se
229 2862 364 2920 excindit,
380 2864 418 2912 its
438 2864 499 2911 Diu.
515 2864 604 2920 Noun,
626 2876 651 2912 c.
676 2862 718 2911 13.
742 2860 775 2912 Et
795 2878 817 2913 s.
838 2864 1019 2927 Augustinus:
1036 2890 1046 2914 ι
1061 2867 1094 2921 0-

17 2936 96 2983 nmis
118 2936 228 2995 possunt
247 2934 299 2983 dici
319 2934 351 2983 ds
371 2931 425 2982 Deo
442 2970 449 2991 ,
469 2939 496 2983 ct
515 2934 580 2982 mbti
601 2934 679 2995 digne
699 2936 797 2984 dicitur
822 2937 853 2986 rie
873 2935 937 2988 iieo.
959 2936 1029 2991 Nibii
1056 2942 1095 2991 ia-

14 3007 77 3058 tius
96 3003 148 3053 bas
166 3006 266 3067 inopia.
280 3004 391 3069 Quaeris
409 3018 557 3068 congruum
578 3018 685 3063 nomen,
701 3022 752 3056 non
772 3009 872 3059 invenis
883 3030 890 3068 ς
903 3014 1010 3072 quaeris
1028 3027 1095 3077 urso·

14 3090 77 3143 quo
97 3077 177 3126 modo
195 3076 296 3135 dicere,
316 3079 405 3127 omnis
425 3078 528 3127 invenis
542 3096 567 3133 η
589 3080 620 3127 in
639 3080 714 3128 ioca.
733 3080 781 3130 Bu.
802 3094 826 3129 c.
848 3082 898 3139 iii,
919 3087 1000 3134 traci.
1021 3082 1094 3145 xiii,

13 3162 98 3210 num.
119 3149 148 3197 5.

55 3218 273 3271 ²Adn0tandurn
292 3220 337 3271 hic
356 3226 478 3270 osteum
497 3234 520 3269 s.
535 3215 637 3271 Thomu
657 3222 861 3273 eminentiorum
882 3224 958 3275 iiium
972 3228 1094 3288 modum,

12 3306 75 3360 qno
88 3289 158 3342 Deus
177 3296 363 3342 creaturarum
385 3292 561 3354 perfectiones
581 3294 607 3342 in
627 3307 654 3342 se
674 3296 873 3357 complectitur,
888 3310 942 3347 non
954 3300 1041 3349 soium
1062 3300 1095 3351 de

14 3363 222 3421 communibus,
243 3370 270 3413 st
289 3365 431 3426 genericis,
446 3364 491 3415 scd
510 3365 592 3414 etiam
612 3365 816 3417 individualibus
834 3380 928 3419 earum
948 3372 1095 3423 rationibus

13 3450 79 3487 esso
101 3435 313 3498 intelligendum.
337 3432 457 3488 «Omnia
487 3436 514 3486 in
532 3433 587 3487 lieo
607 3440 810 3499 praeexistunt,
831 3453 883 3489 non
903 3442 990 3492 scium
1010 3458 1095 3507 quan-

15 3516 80 3560 tum
100 3507 134 3556 sd
154 3508 190 3564 id,
210 3507 281 3570 quod
301 3520 444 3558 commune
462 3514 503 3558 cst
521 3508 654 3567 omnibus,
675 3510 720 3560 sed
740 3513 821 3561 etism
841 3520 971 3576 quantum
990 3517 1023 3566 ad
1042 3529 1093 3577 ea,

15 3578 171 3633 secuudum
190 3591 260 3641 quae
281 3592 323 3629 res
341 3579 583 3643 distingnnnmm
606 3579 626 3638 i,
647 3595 674 3644 q.
697 3579 767 3644 xiv,
788 3597 815 3633 a.
836 3584 853 3636 u
873 3599 898 3636 c.

53 3652 68 3691 ³
89 3652 139 3717 Qq.
159 3652 257 3717 utrpp,
279 3654 319 3703 iis
337 3653 420 3714 maio,
439 3667 467 3718 q.
489 3648 522 3715 V,
542 3666 569 3705 a.
592 3653 604 3703 i
627 3653 659 3707 sd
679 3655 707 3707 i.
