2475 3909
172 173 233 240 128
557 186 760 236 eoastotoera

171 279 222 344 81.
248 279 285 342 Ut
307 273 365 339 boc
388 273 490 358 magis
513 270 717 356 perspicuum
738 273 817 349 liat,
846 282 952 339 ruente
984 271 1180 372 repetentium

131 370 180 424 est
202 359 325 444 plantas
348 375 412 420 non
435 375 527 452 posse
550 355 693 430 nutriri,
717 374 911 501 aupescere,
934 365 991 421 aut
1004 355 1104 422 simile
1125 355 1181 420 sibi

155 443 264 526 ignore
276 440 300 514 ¹,
323 439 387 502 nisi
408 434 532 522 ahquid
547 437 580 501 in
595 456 712 504 novam
728 457 764 500 su
789 438 937 503 stantiam
953 441 1181 504 transmutent².

133 461 231 607 itqui
256 531 362 606 partes
384 520 521 604 plantae,
545 520 650 603 quoad
674 521 784 584 variae
798 521 879 595 sint,
893 530 925 585 et
938 520 1097 604 exquisita
1111 531 1184 584 stru·

133 615 226 669 ctera
249 613 415 679 ornentur,
438 600 519 666 bunc
540 602 837 669 transmutationem
859 623 916 686 per
936 603 1022 668 vires
1036 602 1181 690 physicas,

132 697 166 750 et
187 686 347 773 chymicas
368 683 493 748 efficere
516 694 703 770 nequeunt;
726 703 799 746 nam
826 682 885 747 bae
907 698 1042 770 possunt
1061 683 1185 769 quidem

135 780 241 852 partes
264 765 409 831 alimenti
439 763 555 840 aliter,
580 769 713 832 aliterve
740 764 789 830 dis
811 785 932 842 onere,
956 766 1009 832 sed
1031 776 1185 852 nequeunt

133 850 206 914 illas
226 868 459 932 eorrumpere,
483 869 558 926 seu,
583 861 619 918 ut
640 849 753 925 aiunt,
775 785 934 926 alterare,
957 859 993 914 ut
1013 848 1086 914 inde
1112 869 1185 913 nova

133 931 308 998 substantia
333 927 540 1013 producatur.
564 933 610 997 lis
633 953 664 1006 o,
687 951 728 994 es
750 929 1010 996 adversariorum
1025 933 1184 1004 sententia,

133 1014 336 1110 operationes
359 1011 542 1096 plantarum
565 952 654 1078 nulio
676 1009 772 1077 modo
787 1011 1016 1096 beri'possunt.
1033 1014 1116 1077 llinc
1136 1035 1185 1076 no

133 1093 267 1160 biliores
288 1094 437 1180 Physici,
460 1104 492 1159 et
514 1095 654 1160 maxime
677 1094 792 1179 nuperi
817 1096 955 1177 ingenue
979 1095 1119 1161 latentur
1139 1117 1186 1182 pe

133 1197 268 1241 sennem
292 1176 464 1241 circuitum
493 1176 688 1249 humorum,
708 1174 974 1243 assimilationem
1000 1198 1184 1252 succorum,

133 1259 254 1343 quibus
273 1258 401 1355 plantae
425 1259 633 1333 nutriuntur,
654 1267 689 1322 et
708 1271 906 1342 augescunt,
930 1268 961 1323 et
983 1261 1122 1324 maxime
1144 1281 1187 1322 re-

134 1341 377 1487 prorlluctrpnem
400 1360 458 1424 per
480 1339 566 1404 vires
588 1340 747 1436 physicas,
763 1348 795 1405 et
809 1340 971 1435 chymicas
991 1342 1079 1406 nullo
1099 1341 1187 1405 modo

134 1445 174 1488 ex
213 1444 291 1488 rcarr
336 1442 418 1492 osse,

173 1443 225 1574 52.
249 1443 359 1589 ltaqiie
381 1523 440 1588 pro
462 1512 550 1569 certo
571 1501 754 1568 babendum
777 1503 810 1566 in
830 1503 1079 1590 vegetabilibus,
1126 1525 1186 1570 rae

134 1597 183 1652 ter
204 1589 289 1654 vires
311 1586 468 1674 physicas,
484 1595 517 1651 et
530 1586 703 1670 chymicas,
725 1585 866 1652 existere
887 1588 1085 1674 principium
1103 1525 1186 1652 bisce

133 1671 236 1736 multo
260 1668 495 1754 praestantius,
518 1665 603 1752 quod
629 1667 693 1731 illis
714 1667 815 1733 veluti
843 1671 1064 1735 instrumentis
1091 1671 1186 1736 utitur

151 1751 170 1815 d
202 1749 423 1838 producendas
443 1751 673 1835 operationes,
695 1769 778 1833 quae
800 1751 913 1816 vitales
936 1765 1102 1818 vocantur.
1125 1752 1186 1815 lloc

133 1847 242 1900 autem
265 1832 464 1921 principium
499 1852 556 1895 nos
578 1851 640 1894 non
664 1829 761 1908 latet,
784 1833 1059 1928 qpemadmotlum
1079 1835 1187 1901 Cuvie·

133 1917 203 1982 rius
218 1919 242 1994 ³,
265 1918 387 2002 aliique
409 1913 617 1980 contendunt.
638 1911 722 2007 Nam
744 1934 786 1978 ex
801 1915 855 1992 ire,
870 1937 953 2001 quae
968 1913 1008 1981 (le
1022 1917 1127 2014 princi
1152 1915 1187 1977 iis

133 2000 350 2066 constitutivis
371 2016 545 2081 corporum
570 2004 754 2072 statuimus,
778 2006 864 2082 patet
888 2000 1088 2095 principium
1114 1935 1186 2063 iliud

133 2101 201 2148 esse
224 2083 362 2148 lormam
390 2079 478 2144 illam
500 2075 764 2154 substantialem,
785 2099 869 2162 quae
891 2091 1060 2146 materiam
1083 2079 1121 2146 atl
1143 2101 1188 2144 ve

135 2164 322 2252 getabilium
346 2161 484 2247 speciem
506 2159 711 2237 determinat,
734 2159 870 2247 fonsque
889 2171 937 2228 est
950 2165 1097 2241 omnium
1118 2183 1186 2250 ope-

134 2251 309 2334 rationum,
331 2263 412 2329 quas
434 2245 468 2308 in
487 2243 567 2330 ipsis
586 2240 831 2315 observavimus
845 2247 870 2308 t,

134 2435 356 2498 iuorganicerum.
372 2429 441 2497 lingo
454 2434 475 2482 si
488 2447 540 2484 non
560 2445 607 2496 per
621 2433 688 2481 vires
707 2429 840 2493 physicas,
854 2436 882 2482 et
894 2433 1043 2498 chymicas,
1056 2438 1095 2486 uti
1107 2442 1187 2487 osten·

133 2522 193 2558 sum
212 2513 262 2567 est,
283 2521 315 2557 ne
335 2520 382 2569 por
400 2507 494 2555 barum
519 2506 626 2570 quidem
645 2503 868 2554 combinationem
894 2512 989 2557 natura
1011 2510 1187 2572 vegetabilium

135 2581 259 2642 explicari
274 2584 370 2644 potest.
386 2575 507 2637 Accedit,
522 2577 592 2642 quod
605 2575 721 2640 chymici
740 2578 907 2627 concorditer
924 2581 1042 2630 sentiunt
1054 2595 1107 2632 nou
1120 2594 1187 2646 posse

133 2653 189 2703 lieri
210 2652 294 2703 ullum
314 2651 458 2715 vegetabile
477 2663 524 2714 per
542 2649 752 2699 combinationes
771 2649 866 2698 virium
885 2650 1066 2718 physicarum,
1086 2661 1115 2705 et
1132 2656 1189 2717 ehv-

134 2727 275 2784 miearum,
290 2727 371 2774 immo
385 2735 417 2774 ne
432 2737 510 2773 unam
530 2722 637 2786 quidem
656 2720 819 2771 moloculam
831 2725 996 2784 oroeauieamt
1010 2727 1041 2776 cl
1049 2724 1187 2785 bertelius,

135 2798 222 2848 Truite
238 2799 270 2847 rie
288 2799 388 2854 ebimie,
410 2796 505 2847 Cisimie
523 2798 675 2859 orpuntpsse,
694 2799 715 2843 t.
737 2791 771 2853 ll,
792 2808 819 2857 p.
838 2795 904 2845 207.

172 2866 182 2905 ¹
201 2867 268 2926 liae,
281 2874 311 2918 ut
329 2869 442 2932 uiximus
460 2863 587 2934 (tipasam
607 2881 634 2916 o.
649 2863 684 2926 ll,
703 2879 730 2915 a.
753 2867 778 2925 l,
799 2879 825 2930 p.
847 2868 899 2919 too
919 2870 972 2920 vol.
995 2869 1026 2938 l),
1040 2875 1103 2922 sunt
1121 2885 1189 2936 prae-

134 2942 213 3006 cipue
232 2941 417 3006 vegetabilium
436 2941 614 3004 operationes.

169 3014 181 3051 ²
200 3009 236 3067 Gi
251 3027 274 3064 s.
294 3008 401 3074 lirum„
423 3015 454 3063 tn
472 3014 515 3063 tto.
537 3014 576 3063 Ν
594 3014 681 3069 sna..
703 3006 769 3060 bist.
788 3006 842 3072 itt,
861 3027 890 3076 q.
912 3010 935 3073 l,
953 3027 981 3064 a.
1003 3014 1035 3077 l,
1055 3016 1104 3067 sol.
1123 3016 1140 3067 3
1157 3015 1188 3065 etl

136 3089 164 3150 l,
183 3091 210 3138 et
229 3087 304 3146 ibim,
324 3083 391 3136 Dist.
411 3081 471 3144 llll,
491 3099 518 3148 q.
541 3083 561 3144 l,
581 3097 606 3134 a.
628 3083 657 3141 2,
677 3083 727 3133 soi.
748 3083 765 3133 ii
783 3097 810 3133 e.

169 3161 182 3196 ³
203 3162 235 3211 Le
253 3173 329 3223 vepna
347 3158 457 3218 enimet,
478 3155 599 3208 distribui
617 3153 727 3220 e’uprls
744 3169 793 3205 sors
811 3160 1001 3222 cruentasses,
1022 3156 1119 3211 introi.
1133 3164 1154 3210 t.
1167 3157 1187 3219 l,

133 3245 161 3296 p.
183 3232 227 3292 li,
248 3230 320 3282 Paris
341 3229 420 3280 toto.

170 3301 182 3342 ⁴
204 3325 215 3350 a
237 3301 277 3355 Er
296 3303 348 3353 boe
367 3301 495 3365 contingit
513 3301 583 3365 quod
603 3300 710 3365 aliquod
729 3300 893 3353 individuum
906 3302 1050 3367 sitoorpus
1067 3305 1190 3355 inanima-

136 3379 205 3436 tum,
225 3382 252 3426 et
272 3377 344 3426 atiud
364 3387 462 3437 corpus
480 3375 677 3433 animatum...,
697 3376 758 3437 quis
787 3375 840 3426 boe
865 3375 1029 3426 individuum
1048 3379 1189 3428 animatum

134 3446 215 3497 babet
234 3448 347 3498 termam
368 3447 573 3511 perfectiorem,
594 3459 642 3508 per
659 3459 741 3509 quam
760 3446 839 3497 babet
857 3461 910 3499 non
928 3449 1016 3498 solum
1034 3450 1186 3504 subsistere,

135 3523 164 3567 et
182 3532 278 3580 eorpus
297 3532 365 3577 cese,
386 3519 430 3568 sed
450 3520 531 3569 etiam
552 3521 651 3575 vivere;
671 3518 743 3567 allud
763 3527 853 3570 autem
873 3520 952 3569 babet
965 3521 1078 3572 termam
1097 3523 1191 3585 imper·

136 3588 286 3647 tectiorem,
308 3603 354 3650 per
372 3604 452 3653 quarn
473 3605 523 3639 non
543 3592 648 3652 attingit
666 3591 698 3639 ad
718 3594 811 3651 vitam,
831 3594 876 3642 secl
897 3592 983 3642 solum
1002 3594 1035 3643 sd
1053 3595 1189 3646 subsistere

138 3659 311 3722 corporaliter
334 3680 358 3720 »5
379 3663 427 3726 Ως.
448 3666 543 3726 etspp„
563 3677 591 3726 q.
612 3677 658 3712 un.
682 3666 721 3715 tls
738 3667 784 3728 Sp.
804 3680 856 3728 er„
875 3679 902 3716 a.
924 3667 936 3719 t
959 3666 991 3716 ari
1010 3665 1038 3722 t.
