2475 3909
193 148 254 216 178
587 168 790 219 cosuocourn

152 259 201 317 ter
223 261 338 337 potest.
362 254 444 321 Saue
465 257 634 339 responsio
662 255 786 340 primae
809 252 988 322 dillicultati
1011 277 1055 321 er
1084 259 1144 322 iam
1166 259 1209 325 di-

152 335 212 399 ctis
234 333 408 402 manifesto
428 335 607 420 colligitur.
630 337 713 402 Nam
737 337 861 401 creatio
883 348 930 402 est
952 340 1053 416 aetio,
1075 361 1157 424 quae
1178 342 1208 407 lit

151 417 186 479 in
206 417 360 496 instanti,
382 439 440 484 seu
461 419 531 482 siue
552 420 619 484 ullo
641 430 758 495 motu,
781 438 818 482 ac
840 418 978 502 proinde
1001 441 1127 486 necesse
1150 445 1207 488 non

151 509 211 574 est,
234 510 271 564 ut
291 498 425 566 Creator
445 499 556 576 rebus,
579 521 661 586 quas
681 510 789 577 creat,
812 498 983 566 duratione
1005 505 1176 587 praecedat
1187 508 1206 568 ¹.

191 582 261 648 186.
284 581 379 659 Quod
401 582 441 647 ad
463 583 597 648 alteram
619 593 760 668 spectat,
777 585 803 646 si
825 583 964 648 mundus
986 605 1115 682 semper
1135 585 1208 652 luis·

151 673 223 742 set,
246 673 332 730 certe
354 685 417 730 non
439 665 622 731 conveniret
650 666 681 730 ei
706 665 878 729 aeternitas
903 667 1107 744 essentialis,
1130 691 1208 756 qnae

151 757 199 810 est
218 748 352 832 propria
373 746 454 825 Dei,
477 768 592 833 nempe
614 745 688 822 illa,
710 766 793 830 quae
816 747 849 810 iu
872 748 1001 813 instanti
1026 751 1132 834 posita
1154 766 1207 824 est,

149 847 343 914 omnemque
364 830 600 895 successionem
628 827 790 904 excludi13
813 827 867 892 sed
890 831 1063 894 aeternitas
1092 833 1139 897 im
1181 857 1208 898 r·

151 907 246 987 lecta,
263 932 379 997 nempe
401 913 468 988 illa,
484 932 567 995 quae
588 913 801 975 successionis
822 931 941 996 expers
963 933 1026 977 non
1047 924 1107 979 est.
1124 855 1206 993 (lde-

53 1038 57 1045 .
149 992 237 1056 circa
259 992 359 1059 rebus
380 995 497 1058 creatis
523 1014 587 1058 non
608 993 806 1059 tribueretur
826 992 885 1070 id,
908 993 994 1080 quod
1026 993 1128 1062 solius
1152 997 1207 1062 liei

148 1074 231 1138 est².

191 1155 260 1222 187.
283 1156 393 1223 Tertia
414 1156 609 1232 difficultas,
632 1165 669 1221 ut
690 1168 816 1224 sanctus
838 1156 959 1223 Ductor
983 1158 1090 1244 inquit
1104 1161 1129 1238 ⁸,
1156 1181 1209 1224 noa

148 1250 192 1302 est
204 1259 326 1321 ceperim
341 1260 416 1304 nam
432 1239 557 1305 infinita
579 1240 691 1316 series,
708 1261 724 1300 e
736 1239 797 1303 etsi
820 1259 882 1302 non
906 1238 948 1306 sit
962 1241 1058 1305 simul
1074 1242 1109 1305 in
1124 1254 1209 1320 actu,

149 1330 252 1406 potest
272 1332 378 1386 tamen
399 1342 467 1387 esse
489 1323 524 1387 in
546 1321 770 1398 successione,
804 1320 860 1384 uia
884 1322 931 1386 sic
952 1321 1123 1408 quodlibet
1148 1327 1212 1392 inii-

148 1404 255 1470 nitum
276 1414 445 1489 acceptum
465 1403 593 1469 linitum
614 1413 674 1468 est.
703 1339 878 1481 Quodlibet
910 1405 1013 1490 igitur
1039 1406 1213 1475 circulatio

173 1484 413 1551 raecedentium
435 1485 566 1550 transiri
590 1486 717 1571 potuit,
738 1485 815 1570 quia
838 1482 928 1551 linita
951 1485 1029 1552 luit:
1053 1487 1089 1551 in
1110 1495 1214 1557 omni-

149 1507 210 1633 lus
231 1578 339 1634 autem
361 1567 472 1643 simul,
486 1566 670 1632 simundus
691 1586 819 1652 semper
839 1565 968 1645 luisset,
984 1588 1046 1634 non
1062 1583 1153 1637 esset
1166 1595 1214 1638 ae·

148 1653 257 1737 cipere
280 1651 439 1735 primam,
461 1659 493 1715 et
516 1650 560 1713 ita
582 1669 641 1714 nec
663 1649 855 1725 transitum,
877 1651 934 1733 qui
956 1671 1088 1737 semper
1107 1657 1215 1743 exigit

150 1734 216 1799 duo
231 1742 379 1798 extrema
391 1753 420 1794 n.
437 1730 570 1798 Scilicet
590 1730 768 1806 inlinitum,
784 1729 872 1827 quod
887 1730 1059 1799 admittere
1074 1749 1214 1821 oportet,

148 1816 175 1880 si
200 1814 339 1880 mundus
368 1813 408 1877 ab
434 1822 564 1878 aeterno
590 1811 739 1877 conditus
760 1811 863 1878 luisse
884 1813 1036 1893 dicatur,
1059 1827 1110 1882 est
1132 1821 1216 1884 eius

148 1896 249 1976 modi,
272 1905 310 1961 ut
330 1896 521 1981 pertransiri
542 1895 654 1981 possit.
670 1894 801 1960 Etenim
823 1894 996 1961 multitudo
1018 1898 1216 1966 simultauea

147 1977 276 2045 infinita
297 1990 385 2045 certe
407 1977 596 2065 pertransiri
620 1995 683 2041 non
705 1985 826 2062 potest,
850 1977 927 2061 quia
951 1977 1097 2074 primum
1123 1983 1160 2047 in
1181 2004 1215 2049 ea

148 2081 212 2125 non
233 2061 410 2136 invenitur,
425 2081 466 2126 ex
503 2079 548 2124 uo
570 2057 706 2123 transire
728 2059 767 2123 ad
783 2058 920 2123 alterum
942 2059 1029 2125 licet.
1045 2067 1106 2128 Ast
1128 2064 1215 2130 idem

146 2141 321 2208 dicendum
336 2163 400 2208 non
415 2153 463 2209 est
476 2079 516 2206 de
531 2137 740 2207 multitudine
762 2139 886 2207 infinita
906 2144 1108 2222 successiva3
1125 2149 1216 2232 quia,

147 2245 222 2289 cum
243 2226 323 2291 haec
336 2245 378 2288 ex
392 2221 560 2290 elementis
574 2220 744 2301 confletur,
760 2243 899 2309 quorum
914 2243 1018 2289 unum
1032 2225 1133 2292 alteri
1150 2249 1217 2294 snt-

147 2306 247 2384 cedit,
269 2307 375 2393 reipsa
396 2315 444 2373 est
463 2301 590 2389 aliquid
613 2302 754 2370 linitum.

188 2391 259 2457 188.
274 2387 397 2466 Quarta
409 2387 560 2472 ,denique
582 2384 754 2452 difficultas
776 2384 873 2452 lacile
893 2385 1099 2468 dissolvitur,
1114 2394 1147 2458 si
1172 2392 1217 2456 in

145 2470 272 2538 finitum
286 2469 484 2555 simpliciter,
500 2466 587 2555 quod
608 2487 725 2553 nempe
746 2489 875 2533 omnem
896 2467 1034 2535 limitem
1049 2473 1216 2549 excludit,

146 2553 187 2617 ab
204 2552 329 2618 infinito
351 2552 515 2616 secundum
537 2549 629 2637 quid,
646 2569 702 2615 seu
725 2547 811 2637 quod
833 2549 971 2615 limitem
992 2551 1217 2644 undequaque

145 2657 209 2700 nou
241 2632 411 2710 excludit,
432 2632 671 2719 distinguatur;
693 2629 859 2730 siquidem
891 2631 1019 2698 infinito
1041 2641 1219 2704 secundom

145 2717 232 2803 quid,
248 2715 434 2783 cuiusmodi
457 2727 542 2782 esset
555 2714 715 2781 successio
737 2711 864 2780 infinita
879 2717 1136 2800 praeteritorum
1152 2721 1223 2786 die-

145 2819 231 2877 rum,
248 2798 292 2863 ali
315 2820 393 2864 uam
414 2797 614 2864 additionem
635 2795 707 2861 lieri
729 2817 793 2862 non
809 2805 977 2881 repugnat.
994 2821 1013 2860 u
1028 2799 1127 2867 Nihil
1171 2825 1223 2868 ro-

144 2878 236 2948 hibet
257 2819 382 2948 induito
404 2891 447 2949 e'x
468 2902 507 2946 ea
528 2888 619 2966 parte
641 2877 841 2975 additionem
862 2875 961 2956 fieri,
983 2900 1047 2971 qna
1071 2897 1125 2952 est
1146 2824 1222 2952 dni-

144 2975 226 3031 tum.
249 2964 300 3028 Ex
321 2962 380 3028 hoc
402 2976 525 3038 autem,
546 2959 635 3048 quod
655 2969 790 3047 ponitur
810 2970 939 3046 tempus
960 2973 1151 3047 aeternum,
1177 2990 1224 3034 se·

147 3048 261 3132 quitur
280 3045 368 3132 qnod
389 3048 434 3114 sit
452 3045 617 3112 inlinitum
638 3065 680 3110 ex
702 3053 793 3128 parte
814 3052 912 3122 ante,
936 3043 991 3109 sed
1019 3044 1159 3116 linitum
1182 3072 1224 3118 ex

146 3138 237 3218 parte
257 3136 344 3214 post,
365 3148 440 3193 uam
463 3145 613 3216 praesens
634 3135 683 3194 est
702 3127 861 3194 terminus
881 3129 1081 3214 praeteriti*
1098 3155 1132 3196 n.

494 3485 821 3506 Ἠ

139 3548 142 3561 ’
183 3571 191 3604 ¹
213 3573 290 3631 nra.
310 3575 343 3624 aa
364 3531 458 3625 c-'s
477 3576 557 3635 uec,
577 3575 609 3626 aa
630 3577 657 3627 a.

181 3639 300 3695 soom.
321 3647 407 3708 cau,
427 3647 474 3697 rra.
496 3645 530 3711 u,
551 3663 577 3699 c.
598 3647 782 3720 arn-⁶012.
802 3655 856 3717 ac,
876 3653 941 3706 rura.
