2475 3909
128 176 190 243 182
496 196 726 247 nrnarneoora

86 278 233 345 tellectns
253 278 407 343 ultimum
432 278 593 346 indicium
621 282 801 367 practicum
824 280 1026 364 pronuntiat,
1050 279 1157 347 dicen·

89 360 171 425 dum
192 372 241 427 est
262 372 369 427 actum
390 361 588 441 voluntatis,
609 366 667 460 qui
697 362 778 427 illud
807 361 967 427 iudicium
989 366 1158 461 consequi-

87 457 154 520 tur,
171 464 235 508 non
248 465 318 509 esse
341 444 574 523 necessarium,
591 466 654 509 nrsr
671 444 857 511 necessitate
879 446 1157 530 consequerentur

87 526 224 604 scilicet,
248 546 312 671 qua
332 547 373 591 eo
395 526 484 611 ipso,
507 547 572 611 quo
594 525 740 593 voluntas
761 526 887 611 aliquid
909 524 994 605 vult,
1017 548 1080 593 non
1104 547 1157 613 po

92 617 153 673 test
174 609 260 674 slmn
296 629 404 693 meum
426 628 490 673 non
512 608 594 674 velle
609 608 634 668 ¹.

263 729 573 786 ber.X.-0biectionce
586 732 774 786 Fatalisterum
788 734 799 771 ²
812 734 985 785 exsufflantur

129 841 201 907 235.
226 839 334 906 Obiic.
359 840 392 907 1⁰
407 843 563 908 Voluntas
584 862 649 906 non
671 851 775 926 petest
797 842 942 928 incipere
964 842 1047 907 velle
1070 844 1157 928 quod

90 938 183 991 antea
205 944 267 987 non
290 921 437 1000 volebat,
459 924 520 989 nisi
544 925 584 988 ab
606 924 717 1008 aliquo
744 934 859 1009 agente
885 925 1068 991 extrinseco
1091 946 1159 990 mo

87 1017 216 1079 ventur,
239 1008 316 1090 quia
338 1006 420 1071 nibil
441 1028 461 1069 a
482 1008 658 1091 semetipso
680 1007 826 1092 incipere
854 1017 968 1091 potest.
993 1009 1107 1092 Atqui,
1130 1008 1157 1071 si

89 1089 238 1153 voluntas
260 1088 424 1185 abaliquo
446 1100 562 1173 agente
585 1089 771 1153 extrinseco
786 1098 949 1163 movetur,
966 1089 1037 1153 cius
1059 1088 1159 1153 aetio-

89 1193 147 1236 nes
172 1168 294 1235 liberae
315 1170 380 1235 din
403 1180 576 1266 peqneunt.
600 1172 699 1265 Ergo.

130 1253 202 1318 236.
226 1253 348 1337 Resp,
371 1252 455 1316 Dect.
479 1253 582 1328 min,
604 1273 631 1316 si
652 1272 750 1347 agens
771 1250 990 1317 extrinsecum
1014 1262 1157 1317 moveret

89 1337 288 1401 voluntatem
310 1335 510 1410 necessario,
530 1355 615 1398 conc.
642 1354 734 1411 mim,
757 1354 864 1410 secus,
886 1354 951 1417 nep.
976 1335 1053 1397 mira.
1078 1333 1158 1416 Nep.

91 1439 174 1481 cons.
199 1419 241 1483 Et
261 1436 349 1493 sane,
372 1415 503 1480 nomine
525 1414 649 1501 agentis
671 1416 864 1491 extrinseci,
887 1436 904 1477 a
926 1436 992 1501 quo
1014 1416 1162 1481 voluntas
1223 1486 1225 1493 ,

91 1512 252 1573 movetur,
268 1497 319 1562 vel
335 1497 562 1579 intelliguntur
584 1495 709 1562 obiecta
730 1496 924 1571 extrinseca,
947 1518 1029 1582 quae
1053 1498 1162 1562 incur-

91 1594 169 1647 runt
190 1582 224 1646 in
238 1599 362 1657 sensus,
377 1581 428 1644 vel
448 1580 536 1644 Dens
552 1580 621 1665 ipse
638 1581 741 1663 prima
756 1579 903 1643 omnium
926 1588 1071 1648 motuum
1087 1599 1164 1647 cau-

93 1686 139 1729 sa.
156 1665 190 1731 Si
206 1662 362 1750 primum,
379 1661 435 1727 illa
456 1661 584 1728 obiecta
605 1682 783 1745 numquam
804 1670 939 1745 possunt
959 1680 1090 1724 morere
1111 1682 1165 1727 vo·

438 1793 773 1809 w

129 1851 138 1885 ¹
160 1846 191 1906 ΙΙ,
211 1850 257 1912 qni
278 1848 341 1900 bnic
359 1852 430 1901 circa
450 1852 579 1902 libertatis
596 1853 727 1915 originem
745 1854 891 1902 sententiae
903 1851 1089 1910 adversantur,
1103 1865 1166 1915 pro·

93 1934 214 1984 gressum
235 1923 472 1982 consultationum,
492 1929 520 1973 et
537 1923 697 1974 volitionnm
710 1924 736 1973 in
752 1924 882 1974 inlinitum
903 1924 929 1973 iu
947 1936 979 1973 ee
999 1923 1102 1973 admitti
1121 1938 1166 1975 ar·

92 1996 243 2051 birrantnr,
264 1995 326 2056 quia
346 1997 419 2045 omni
438 1996 556 2045 volitioni
582 1997 672 2060 atique
698 1997 873 2055 consultatio,
893 2001 921 2046 et
938 1996 1011 2045 omni
1031 1998 1166 2047 consulta·

93 2067 177 2125 tioni,
197 2066 295 2129 quippe
314 2080 384 2129 quae
404 2068 552 2118 voluntaria
571 2074 629 2127 est,
649 2069 739 2131 aliqua
758 2068 850 2118 volitio
868 2068 1028 2131 praecedere
1046 2068 1166 2119 deberet.

92 2138 130 2187 At
148 2139 196 2200 ipsi
215 2150 306 2186 errem
324 2139 505 2201 decipiuntur.
525 2136 633 2189 Etenim
652 2140 733 2203 probe
751 2141 910 2203 distinguere
934 2144 1040 2202 oportet
1061 2146 1166 2192 actum.

95 2210 173 2259 cuiue
190 2211 216 2259 ri
236 2210 398 2259 consultatio
417 2212 573 2273 suscipitur,
593 2213 627 2261 ab
646 2212 760 2271 actibus,
779 2214 825 2276 qni
843 2214 928 2275 ipsam
949 2214 1125 2262 constituunt.
1140 2208 1168 2263 Si

94 2282 210 2345 primum
230 2285 376 2343 spectetur,
397 2285 557 2332 consultatio
571 2284 663 2345 procui
677 2284 756 2333 dubio
769 2298 784 2333 a
798 2286 934 2334 voluntate
948 2281 1054 2346 pendet,
1068 2286 1169 2347 quippe

93 2355 166 2417 qnod
186 2355 252 2403 baec
270 2354 437 2404 intellectum
457 2355 618 2405 determinat
638 2356 670 2406 ad
690 2369 721 2405 aa
742 2356 828 2406 media
848 2356 1019 2420 inquirende,
1045 2368 1114 2419 quae
1134 2354 1169 2406 ed

93 2427 174 2476 linem
194 2426 242 2475 sibi
264 2426 429 2487 propositum
455 2428 650 2490 assequendum
670 2428 763 2477 idonea
782 2432 853 2479 sunt.
875 2426 923 2479 Ast
942 2427 993 2477 hac
1013 2430 1040 2477 in
1059 2440 1087 2477 re
1107 2440 1170 2490 pro-

94 2510 200 2562 gressus
219 2498 247 2547 in
266 2496 397 2548 inlinitum
416 2499 643 2561 pertimescendus
668 2513 721 2549 uon
746 2505 802 2557 est,
829 2502 892 2563 quia
918 2499 959 2559 ld,
985 2500 1055 2563 quod
1081 2501 1169 2563 primo

95 2575 187 2621 moret
205 2568 386 2629 voiuntatem',
407 2575 435 2620 et
452 2571 620 2621 intellectum
639 2572 672 2621 ad
692 2573 848 2623 exercitium
867 2576 960 2631 actus,
980 2576 1020 2621 eet
1039 2568 1110 2621 Deus
1130 2569 1174 2638 (cl

94 2658 126 2704 p.
148 2642 210 2700 tro,
230 2642 260 2691 ci
275 2643 357 2693 etiarn
377 2640 398 2699 l,
418 2657 446 2707 q.
461 2638 592 2702 lxxxii,
612 2658 639 2693 e.
659 2644 676 2694 l
695 2646 728 2694 ad
748 2644 776 2703 3,
796 2648 824 2694 et
844 2644 872 2693 1²¹
890 2644 982 2706 2²⁰,sp
997 2640 1082 2702 llllll,
1103 2657 1130 2693 a.
1152 2645 1170 2693 a

97 2715 131 2763 ad
149 2713 190 2783 3).
210 2712 282 2779 Quod
302 2714 324 2765 ei
343 2720 430 2773 actus,
451 2715 496 2778 qul
516 2716 740 2765 consultationem
759 2718 936 2774 constituunt,
956 2716 1170 2773 considerentur,

94 2787 124 2837 lii
144 2787 291 2835 consistunt
308 2788 335 2836 in
354 2787 434 2836 variis
453 2787 572 2844 iudiciis,
598 2800 667 2851 quae
687 2789 758 2837 circa
779 2789 865 2837 media
889 2792 1037 2850 opportuna
1062 2787 1096 2837 ud
1117 2786 1170 2836 ali-

96 2872 178 2923 quem
196 2858 276 2907 flnem
295 2860 491 2920 assequendum
502 2858 665 2917 elllctnutnr,
679 2865 706 2909 et
719 2854 854 2923 quoniam¹
865 2864 1003 2909 vereantur
1022 2860 1092 2908 circe
1114 2868 1172 2909 me-

96 2932 150 2989 die,
170 2943 240 2994 quae
259 2943 311 2979 non
331 2931 514 2991 praescierunt
537 2932 716 2981 necessariam
742 2945 805 2981 cum
825 2932 875 2982 line
895 2932 1111 2989 connexionem,
1136 2945 1171 2981 ex

55 3023 59 3028 ·
96 3004 139 3054 sni
158 3006 269 3061 natura,
290 3015 342 3051 non
361 3014 424 3051 rero
442 3016 476 3053 ex
494 3002 639 3055 voluntatis
664 3005 781 3054 motione
800 3007 863 3054 snut
881 3004 981 3062 libera,
1001 3016 1049 3053 een
1068 3002 1172 3053 indille-

96 3076 182 3126 rentia
202 3070 315 3140 (1²2⁸,
334 3088 363 3137 q.
382 3073 443 3134 cte,
463 3073 522 3124 ιθ
541 3071 592 3143 c.);
612 3076 735 3126 noluntas
753 3080 856 3133 autem,
875 3088 984 3126 movens
1003 3076 1172 3125 intellectum

97 3148 132 3198 ad
152 3150 231 3197 istam
249 3148 348 3209 potine,
367 3159 449 3209 qnam
468 3147 501 3196 ad
522 3147 596 3197 iilam
615 3148 794 3198 conditionem
814 3147 1042 3211 perpendendam,
1062 3146 1171 3210 aliquod

99 3234 133 3271 er
151 3220 184 3269 iis
202 3218 307 3269 iudiciis
335 3218 542 3269 determinatum
561 3219 658 3270 reddit.
677 3216 769 3283 Neque
788 3220 910 3270 voluntas
939 3218 1045 3283 praesia
1064 3218 1175 3269 consul·

97 3292 199 3341 tatione
217 3291 332 3354 indiget,
352 3294 384 3339 ut
402 3290 568 3347 intellectum
587 3292 621 3341 ed
641 3304 697 3341 rem
718 3292 766 3342 enb
780 3292 826 3342 iilo
845 3292 943 3354 potius,
958 3304 1039 3355 quam
1058 3291 1107 3341 snb
1121 3292 1173 3341 isto

97 3369 223 3426 respectu
250 3362 470 3414 considerandam
489 3368 617 3422 moreat,
638 3364 684 3415 sed
707 3364 732 3413 id
751 3362 831 3415 elllcit
850 3362 990 3427 exaliqua
1017 3362 1172 3414 occasione.

101 3448 129 3485 e.
148 3449 192 3498 ς..
212 3448 245 3485 ex
263 3448 307 3495 eo,
328 3433 399 3500 quod
418 3434 450 3483 ad
471 3434 496 3485 id
514 3437 547 3485 ab
566 3436 685 3499 appetitu
705 3437 830 3487 eeusitiro
850 3439 983 3488 moretur.
1005 3428 1041 3484 (ll
1056 3448 1083 3497 p.
1107 3434 1173 3488 168.

136 3505 149 3541 ²
167 3504 275 3565 Omnes,
294 3509 341 3571 qni
359 3506 474 3556 liberum
487 3507 627 3558 arbitrium
642 3508 741 3558 bomini
754 3509 896 3572 denegant,
911 3506 1051 3557 Fulciirtue
1068 3520 1174 3557 nuncu-

100 3581 209 3663 pputur,
229 3578 292 3641 quia
312 3580 375 3643 ipsis
394 3591 537 3630 commune
555 3584 595 3631 est
613 3580 680 3630 iilud
699 3582 871 3647 antiquorum
884 3575 1036 3633 Stoicorum
1055 3590 1176 3645 proauu-

99 3654 210 3704 tutum:
229 3654 319 3702 emoto
335 3652 391 3717 {uto
408 3650 476 3717 iteri.
