2475 3909
125 114 188 179 288
501 132 774 180 aurunoruuaara

87 216 226 301 pessima
249 235 398 300 quaeque
421 213 544 300 flagitia
565 219 665 281 vitam
687 214 819 292 ducere,
834 235 909 279 aum
930 216 1035 282 virtus
1057 217 1090 281 iu
1105 219 1161 283 iu·
1230 266 1231 295 ,

88 312 138 364 sto
159 297 226 361 sine
249 298 394 381 praemio
416 309 555 364 mancat.
582 296 617 362 4⁰
639 296 738 363 Probi
759 296 907 361 homines
934 299 1161 383 quandoque,

87 402 126 444 ne
154 398 212 442 sua
235 380 355 443 violent
382 380 512 452 officia,
542 388 678 443 martem
708 380 811 461 ipsam
840 390 995 464 oppetere
1024 380 1161 447 debent.

88 466 176 545 Ergo
199 459 286 524 nulla
311 461 386 525 huic
410 462 703 545 praestantissimae
731 459 862 523 illorum
890 463 1004 529 virtuti
1034 484 1164 528 merces

88 539 333 628 rependeretur,
352 543 383 607 si
397 542 475 605 haec
496 544 665 606 dumtaxat
686 553 770 606 esset
792 552 878 606 recte
897 540 975 608 iacti
991 546 1163 608 couscien-

89 628 147 699 tia,
169 639 266 707 atque
289 623 376 687 uulla
399 632 469 706 post
491 635 694 710 praesentem
718 626 782 687 vita
807 624 950 689 animam
973 636 1122 690 maneret
1136 628 1161 690 ¹.

128 707 201 769 221.
224 704 349 768 Rursus
371 714 483 769 contra
506 708 571 769 vim
591 702 738 769 eiusdem
762 707 943 787 argumenti
965 726 1007 770 ex
1031 708 1164 772 iustitia

88 786 150 852 Dei
172 785 400 871 depromptum
423 785 592 861 obiicitur,
623 806 665 850 ex
689 788 758 870 ipso
782 785 912 868 probari
935 786 1069 871 quidem
1093 791 1165 852 aui-

90 890 175 933 mam
198 870 346 952 corporis
367 867 433 933 fato
456 888 640 953 superesse,
657 889 719 931 non
742 886 818 930 uero
842 869 874 931 in
897 879 1068 933 aeteruum
1091 890 1164 935 esse

91 948 292 1015 duraturam.
310 954 351 1012 At
365 962 475 1013 contra
499 972 550 1014 res
571 948 725 1013 sehabet.
742 950 988 1047 Etsane,qu0d
1009 950 1049 1015 ad
1068 972 1165 1036 prae-

90 1032 191 1094 mium
214 1040 353 1115 spectat,
370 1052 548 1115 numquam
569 1050 645 1094 vera
668 1030 775 1096 forent
797 1050 953 1115 praemia,
970 1034 1032 1096 nisi
1049 1032 1166 1097 huius-

90 1112 178 1175 modi
201 1114 278 1181 sint‚
301 1123 336 1176 ut
358 1113 496 1178 naturali
518 1110 683 1176 desiderio
707 1110 869 1197 perfectae
895 1111 1062 1179 felicitatis
1085 1117 1166 1179 sati-

91 1192 174 1258 sliat.
198 1194 284 1277 Aqui
308 1193 453 1277 perfecta
475 1192 615 1257 felicitas
638 1214 702 1258 non
722 1204 781 1271 est,
799 1195 861 1259 nisi
883 1204 1027 1273 aeterna,
1049 1209 1088 1261 ut
1108 1216 1165 1261 su·

93 1277 203 1360 perius
249 1272 398 1339 robatum
421 1285 480 1340 cst.
503 1275 603 1359 Ergo.

130 1357 202 1421 222.
226 1296 320 1433 Buod
343 1355 382 1420 ad
411 1376 546 1441 poenam
569 1358 704 1433 attinet,
727 1356 798 1420 eius
819 1356 991 1421 aeternitas
1012 1378 1089 1422 cum
1110 1380 1166 1423 ra-

91 1439 181 1504 tione
204 1459 266 1502 uan
289 1451 423 1523 pugnat,
444 1438 510 1504 imo
532 1439 702 1502 consentit.
727 1438 799 1502 Non
822 1450 958 1524 pugnat,
975 1442 1050 1522 quia
1062 1458 1167 1522 poeria
1230 1468 1231 1481 ¹

88 1533 209 1605 peccato
219 1521 476 1607 proportionetur
501 1520 670 1584 secuudum
685 1519 896 1593 acerbitatem,
912 1531 1008 1605 atque
1024 1522 1060 1583 in
1074 1522 1167 1585 nullo

91 1603 209 1666 iudicio
230 1602 430 1687 requiritur,
457 1614 491 1665 ut
515 1621 614 1686 poena
641 1600 826 1685 adaequetur
854 1603 961 1685 astipoe
990 1603 1164 1668 secuudum
1230 1682 1231 1687 γ

90 1685 286 1748 durationem
312 1683 337 1743 ².
364 1681 446 1746 Cum
476 1686 601 1749 ratione
628 1682 798 1747 consentit.
828 1682 958 1747 Etenim
989 1684 1022 1748 1⁰
1044 1684 1165 1750 eadem

90 1767 235 1833 iustitiae
257 1763 382 1833 ratione
404 1783 509 1851 poena
530 1765 671 1850 peccatis
691 1760 879 1848 infligitur,
901 1774 935 1830 et
956 1765 1050 1832 bonis
1081 1771 1166 1833 acti·
1230 1806 1231 1847 ,

131 1934 139 1973 ¹
161 1932 196 1987 Cf
212 1932 299 1993 Laut..
320 1936 381 1986 Diu.
400 1938 464 1986 tart.
484 1934 565 1996 Epir..
585 1932 633 1983 lib.
655 1928 701 1989 lll,
722 1945 747 1980 a.
773 1930 836 1991 li„

127 2008 140 2045 ²
161 2010 188 2058 1⁰
206 2008 257 2065 2⁸¹²,
278 2022 305 2070 q.
326 2002 482 2060 lxxxvii.
503 2018 531 2055 a.
551 2004 566 2055 Ξ
587 2004 620 2053 ad
643 2004 667 2052 l.
690 2001 762 2052 llana
782 2004 911 2055 rationem
931 2005 1049 2057 adhibuit
1070 2024 1094 2059 s.
1111 2009 1166 2061 ,tu-

92 2083 223 2144 gustinus,
238 2081 282 2129 ubi
301 2092 347 2128 eos
361 2079 497 2134 refutarit,
511 2079 557 2140 qui
572 2079 694 2125 iuiiutum
705 2075 839 2138 putabant,
854 2084 879 2125 ut
890 2092 940 2140 pra
950 2083 1060 2142 praealta
1073 2098 1165 2146 quam.

92 2155 152 2204 libet
171 2156 280 2214 magnis,
299 2166 381 2215 porea
400 2151 492 2201 scilicet
510 2157 624 2211 ternpore
641 2149 810 2209 perpetratis,
830 2164 914 2210 paena
932 2154 1038 2215 quiaque
1056 2155 1166 2205 dumne·

95 2235 137 2275 tur
155 2233 271 2276 aeterna.
291 2220 421 2286 Quoniam
440 2223 522 2279 idem,
542 2234 574 2269 ac
594 2220 632 2268 illi
653 2224 766 2277 veteres,
786 2214 986 2281 Rationalistae,
1008 2226 1079 2274 iuter
1098 2242 1165 2290 quas¹

92 2294 218 2362 Reyuaud
237 2292 362 2362 (Terreat
378 2294 441 2353 ciel,
463 2294 490 2343 le
507 2292 563 2349 edn
584 2305 612 2354 p.
633 2286 776 2357 att-tet),
796 2289 873 2342 hodie
893 2298 1026 2355 repetunt,
1048 2306 1166 2359 praestat

93 2370 162 2420 haec
181 2382 265 2432 pauca
284 2368 369 2416 sauatt
390 2363 511 2416 [iactaris
534 2364 613 2416 rerba
634 2362 773 2426 prolerre:
795 2380 806 2407 ι
825 2361 976 2433 llamnum,
998 2368 1165 2430 ignominia,

94 2444 216 2496 erilium,
236 2441 361 2496 seruitus,
381 2452 444 2489 carm
463 2440 622 2500 plerumque
641 2435 679 2484 aia
692 2431 863 2497 infliguntur,
884 2440 1004 2488 utnulla
1024 2444 1104 2491 reaia
1126 2458 1167 2493 re-

94 2515 228 2573 laxentur,
249 2524 335 2564 aouue
354 2525 401 2574 pro
421 2510 500 2559 huius
518 2510 588 2557 vitae
607 2506 686 2556 modo
705 2506 802 2556 similia
822 2510 914 2569 poeuis
930 2511 1057 2561 ridentur
1079 2522 1168 2565 aeter-

94 2590 155 2637 nis?
173 2582 235 2635 ldea
253 2583 351 2648 quippe
370 2586 478 2632 aeterna
496 2592 555 2630 esse
573 2592 625 2629 nou
644 2584 764 2642 possunt,
784 2580 846 2642 quia
866 2594 915 2631 nea
935 2582 990 2644 ipsa
1008 2586 1076 2642 vita,
1097 2600 1166 2651 quae

94 2660 136 2708 hts
156 2658 290 2720 plectitur.
312 2656 457 2718 porrigitur
475 2654 501 2702 ia
519 2658 676 2702 aeternum:
696 2655 723 2699 et
742 2656 831 2701 tamen
850 2658 971 2714 peecata,
991 2670 1062 2719 quae
1082 2661 1168 2709 uindi-

95 2737 193 2780 eantur
211 2729 356 2791 longissimi
376 2727 503 2789 temporis
521 2723 624 2787 poeuis,
645 2722 801 2773 brevissimo
821 2728 939 2789 tempore
958 2735 1166 2791 perpetrantem

94 2816 145 2854 neo
164 2801 306 2865 quisquam
324 2800 424 2857 existit,
443 2794 490 2860 qut
508 2798 629 2847 censeret
649 2799 703 2844 tam
724 2796 777 2845 cite
797 2798 949 2846 nocentium
968 2798 1085 2852 finienda
1109 2816 1168 2855 cese

95 2874 239 2931 tormenta,
254 2885 335 2936 quam
353 2874 408 2921 cito
428 2870 528 2919 laetum
547 2872 589 2917 est
608 2868 649 2917 vel
668 2866 853 2926 homicidium,
873 2868 916 2918 rel
934 2870 1110 2936 adulterium,
1125 2876 1166 2926 vel

96 2946 276 3009 saerilegium,
292 2946 333 2993 vet
351 2940 488 3005 quodlibet
506 2939 577 2991 allud
596 2940 695 2997 scelus,
714 2950 768 2987 uon
787 2942 913 3003 temporis
932 2943 1109 3006 longitudine,
1122 2948 1167 2997 sed

95 3018 253 3083 inlquitatis,
267 3022 294 3065 at
313 3016 456 3077 impietatis
476 3011 655 3076 magnitudine
675 3010 847 3073 metiendum.
861 3010 909 3077 Qui
929 3027 992 3064 rara
1010 3031 1057 3079 pra
1076 3020 1167 3083 aliquo

95 3091 188 3155 munt
208 3089 320 3139 crimine
339 3090 424 3136 marte
443 3084 601 3141 mulctatur,
614 3082 744 3145 numquid
764 3096 849 3143 mora,
869 3098 921 3148 qua
940 3088 1082 3149 occiditur,
1098 3105 1167 3155 quae

95 3161 233 3226 perbrevis
251 3165 302 3218 est,
322 3159 379 3208 eiua
398 3156 556 3220 supplicium
575 3155 648 3219 leges
666 3156 831 3215 aestimant,
851 3160 879 3205 et
897 3170 949 3209 non
968 3162 1039 3224 quod
1057 3175 1121 3213 eam
1141 3165 1166 3213 iu

97 3236 289 3297 maspiternum
309 3230 436 3284 auferunt
447 3230 479 3279 de
493 3228 620 3277 sacietate
641 3228 806 3277 virentium?
818 3224 891 3291 Quod
906 3236 949 3281 est
959 3238 1050 3285 eutem
1069 3235 1104 3285 de
1117 3238 1166 3285 iata

96 3308 205 3356 civitate
224 3302 331 3353 mortali
350 3301 471 3350 homines
489 3299 621 3361 supplicio
641 3298 741 3360 primae
761 3300 862 3359 mortis,
878 3300 928 3351 troo
946 3310 987 3354 est
1005 3306 1038 3355 de
1052 3301 1165 3357 Ciuitate

98 3376 144 3424 ttta
166 3374 309 3427 immortali
329 3372 450 3422 homines
462 3371 592 3433 supplicio
611 3370 743 3420 sociandae
762 3373 857 3421 mortis
874 3373 991 3427 auferre.
1005 3373 1081 3427 Sicut
1095 3380 1165 3429 enim

98 3459 151 3493 nou
169 3444 288 3492 efficiunt
305 3442 377 3504 teger
396 3444 475 3493 huius
493 3442 618 3499 civitatis,
634 3448 665 3491 ut
683 3444 709 3490 tn
728 3454 787 3491 eam
807 3446 920 3508 quisque
938 3454 1077 3499 revocetur
1096 3454 1166 3501 ocei-

100 3527 161 3570 sus,
182 3516 220 3561 s²o
241 3529 271 3560 no
293 3515 373 3573 iltius,
395 3520 424 3563 ut
442 3516 468 3563 in
487 3516 570 3563 vitam
589 3518 730 3565 revocator
749 3518 907 3577 aeternam,
928 3522 1059 3574 saecunda
1081 3530 1165 3573 morte

100 3585 240 3631 damnatus
256 3600 286 3640 η
308 3586 347 3633 De
365 3586 418 3635 Ciu.
439 3587 496 3643 Dei,
518 3584 563 3636 lib.
584 3581 656 3646 lel,
677 3600 703 3635 c.
726 3586 768 3637 ll.
