<?xml version="1.0" encoding="UTF-8"?>
<!DOCTYPE html PUBLIC "-//W3C//DTD XHTML 1.0 Transitional//EN"
    "http://www.w3.org/TR/xhtml1/DTD/xhtml1-transitional.dtd">
<html xmlns="http://www.w3.org/1999/xhtml" xml:lang="en" lang="en">
 <head>
  <title>
</title>
<meta http-equiv="Content-Type" content="text/html;charset=utf-8" />
  <meta name='ocr-system' content='tesseract 3.04.00' />
  <meta name='ocr-capabilities' content='ocr_page ocr_carea ocr_par ocr_line ocrx_word'/>
</head>
<body>
  <div class='ocr_page' id='page_1' title='image "./philosophiachri00sansgoog_0356.png"; bbox 0 0 2475 3909; ppageno 0'>
   <div class='ocr_carea' id='block_1_1' title="bbox 149 94 741 163">
    <p class='ocr_par' dir='ltr' id='par_1_1' title="bbox 149 94 741 163">
     <span class='ocr_line' id='line_1_1' title="bbox 149 94 741 163; baseline 0.007 -4"><span class='ocrx_word' id='word_1_1' title='bbox 149 94 190 160; x_wconf 83' lang='lat'>56</span> <span class='ocrx_word' id='word_1_2' title='bbox 558 113 741 163; x_wconf 74' lang='lat' dir='ltr'>omonoors</span> 
     </span>
    </p>
   </div>
   <div class='ocr_carea' id='block_1_2' title="bbox 110 192 1178 454">
    <p class='ocr_par' dir='ltr' id='par_1_2' title="bbox 110 192 1178 454">
     <span class='ocr_line' id='line_1_2' title="bbox 152 192 1175 273; baseline 0.002 -14"><span class='ocrx_word' id='word_1_3' title='bbox 152 194 222 260; x_wconf 86' lang='lat'><strong>150.</strong></span> <span class='ocrx_word' id='word_1_4' title='bbox 249 192 415 261; x_wconf 76' lang='lat' dir='ltr'>oldest</span> <span class='ocrx_word' id='word_1_5' title='bbox 443 192 622 261; x_wconf 83' lang='lat' dir='ltr'>accidentia</span> <span class='ocrx_word' id='word_1_6' title='bbox 650 198 826 262; x_wconf 73' lang='lat' dir='ltr'>existerent</span> <span class='ocrx_word' id='word_1_7' title='bbox 855 198 925 263; x_wconf 89' lang='lat' dir='ltr'>sine</span> <span class='ocrx_word' id='word_1_8' title='bbox 946 196 1115 273; x_wconf 88' lang='lat' dir='ltr'>subiecto,</span> <span class='ocrx_word' id='word_1_9' title='bbox 1136 218 1175 262; x_wconf 91' lang='lat' dir='ltr'>re</span> 
     </span>
     <span class='ocr_line' id='line_1_3' title="bbox 111 273 1178 363; baseline 0.006 -24"><span class='ocrx_word' id='word_1_10' title='bbox 111 273 181 361; x_wconf 87' lang='lat' dir='ltr'>ipsa</span> <span class='ocrx_word' id='word_1_11' title='bbox 205 278 382 342; x_wconf 77' lang='lat' dir='ltr'>existerent</span> <span class='ocrx_word' id='word_1_12' title='bbox 404 298 463 363; x_wconf 84' lang='lat' dir='ltr'>per</span> <span class='ocrx_word' id='word_1_13' title='bbox 483 298 530 356; x_wconf 87' lang='lat' dir='ltr'>se,</span> <span class='ocrx_word' id='word_1_14' title='bbox 545 277 631 343; x_wconf 92' lang='lat' dir='ltr'>nude</span> <span class='ocrx_word' id='word_1_15' title='bbox 655 288 760 344; x_wconf 88' lang='lat' dir='ltr'>essent</span> <span class='ocrx_word' id='word_1_16' title='bbox 780 301 874 345; x_wconf 83' lang='lat' dir='ltr'>verae</span> <span class='ocrx_word' id='word_1_17' title='bbox 896 278 1101 345; x_wconf 89' lang='lat' dir='ltr'>substantiae.</span> <span class='ocrx_word' id='word_1_18' title='bbox 1118 282 1178 345; x_wconf 78' lang='lat' dir='ltr'>At-</span> 
     </span>
     <span class='ocr_line' id='line_1_4' title="bbox 110 358 1176 454; baseline 0.003 -32"><span class='ocrx_word' id='word_1_19' title='bbox 110 358 169 454; x_wconf 79' lang='lat' dir='ltr'>qui</span> <span class='ocrx_word' id='word_1_20' title='bbox 191 368 353 443; x_wconf 81' lang='lat' dir='ltr'>repugnet</span> <span class='ocrx_word' id='word_1_21' title='bbox 374 358 521 424; x_wconf 83' lang='lat' dir='ltr'>accidens</span> <span class='ocrx_word' id='word_1_22' title='bbox 542 360 681 427; x_wconf 82' lang='lat' dir='ltr'>existere</span> <span class='ocrx_word' id='word_1_23' title='bbox 703 382 826 447; x_wconf 87' lang='lat' dir='ltr'>perse.</span> <span class='ocrx_word' id='word_1_24' title='bbox 849 363 938 447; x_wconf 79' lang='lat' dir='ltr'>Ergo</span> <span class='ocrx_word' id='word_1_25' title='bbox 965 360 1113 427; x_wconf 86' lang='lat' dir='ltr'>accidens</span> <span class='ocrx_word' id='word_1_26' title='bbox 1133 383 1176 425; x_wconf 90' lang='lat' dir='ltr'>ne</span> 
     </span>
    </p>
   </div>
   <div class='ocr_carea' id='block_1_3' title="bbox 109 440 1176 607">
    <p class='ocr_par' dir='ltr' id='par_1_3' title="bbox 109 440 1176 607">
     <span class='ocr_line' id='line_1_5' title="bbox 114 440 1176 587; baseline 0.005 -84"><span class='ocrx_word' id='word_1_27' title='bbox 114 448 235 587; x_wconf 60' lang='lat' dir='ltr'>llllule</span> <span class='ocrx_word' id='word_1_28' title='bbox 267 440 401 526; x_wconf 89' lang='lat' dir='ltr'>quidem</span> <span class='ocrx_word' id='word_1_29' title='bbox 433 440 552 509; x_wconf 78' lang='lat' dir='ltr'>Divina</span> <span class='ocrx_word' id='word_1_30' title='bbox 583 446 766 510; x_wconf 85' lang='lat' dir='ltr'>seiunctum</span> <span class='ocrx_word' id='word_1_31' title='bbox 798 465 817 509; x_wconf 91' lang='lat' dir='ltr'>a</span> <span class='ocrx_word' id='word_1_32' title='bbox 849 444 996 510; x_wconf 85' lang='lat' dir='ltr'>subiecto</span> <span class='ocrx_word' id='word_1_33' title='bbox 1032 446 1176 509; x_wconf 83' lang='lat' dir='ltr'>existere</span> 
     </span>
     <span class='ocr_line' id='line_1_6' title="bbox 109 540 226 607; baseline -0.017 -20"><span class='ocrx_word' id='word_1_34' title='bbox 109 540 152 607; x_wconf 87' lang='lat' dir='ltr'>po</span> <span class='ocrx_word' id='word_1_35' title='bbox 168 542 226 586; x_wconf 88' lang='lat' dir='ltr'>es.</span> 
     </span>
    </p>
   </div>
   <div class='ocr_carea' id='block_1_4' title="bbox 110 603 1180 1595">
    <p class='ocr_par' dir='ltr' id='par_1_4' title="bbox 110 603 1180 1595">
     <span class='ocr_line' id='line_1_7' title="bbox 154 603 1178 703; baseline 0.003 -35"><span class='ocrx_word' id='word_1_36' title='bbox 154 603 226 699; x_wconf 70' lang='lat'><strong>1531.</strong></span> <span class='ocrx_word' id='word_1_37' title='bbox 250 603 376 691; x_wconf 84' lang='lat' dir='ltr'>llesp.,</span> <span class='ocrx_word' id='word_1_38' title='bbox 399 605 478 703; x_wconf 70' lang='lat' dir='ltr'>Neq.</span> <span class='ocrx_word' id='word_1_39' title='bbox 501 606 598 685; x_wconf 68' lang='lat' dir='ltr'>mci,</span> <span class='ocrx_word' id='word_1_40' title='bbox 621 627 705 672; x_wconf 85' lang='lat' dir='ltr'>conc.</span> <span class='ocrx_word' id='word_1_41' title='bbox 728 607 807 671; x_wconf 81' lang='lat' dir='ltr'>mio.</span> <span class='ocrx_word' id='word_1_42' title='bbox 828 608 909 691; x_wconf 64' lang='lat' dir='ltr'>Neo.</span> <span class='ocrx_word' id='word_1_43' title='bbox 932 628 1015 672; x_wconf 74' lang='lat' dir='ltr'>eoos.</span> <span class='ocrx_word' id='word_1_44' title='bbox 1037 608 1080 672; x_wconf 86' lang='lat' dir='ltr'>Et</span> <span class='ocrx_word' id='word_1_45' title='bbox 1100 627 1178 671; x_wconf 88' lang='lat' dir='ltr'>sane</span> 
     </span>
     <span class='ocr_line' id='line_1_8' title="bbox 110 685 1177 772; baseline 0.006 -23"><span class='ocrx_word' id='word_1_46' title='bbox 110 685 305 762; x_wconf 83' lang='lat' dir='ltr'>accidentia,</span> <span class='ocrx_word' id='word_1_47' title='bbox 326 687 483 772; x_wconf 84' lang='lat' dir='ltr'>quamdiu</span> <span class='ocrx_word' id='word_1_48' title='bbox 505 689 649 755; x_wconf 85' lang='lat' dir='ltr'>seiuncta</span> <span class='ocrx_word' id='word_1_49' title='bbox 670 710 690 754; x_wconf 83' lang='lat' dir='ltr'>a</span> <span class='ocrx_word' id='word_1_50' title='bbox 711 688 858 755; x_wconf 88' lang='lat' dir='ltr'>subiecto</span> <span class='ocrx_word' id='word_1_51' title='bbox 877 692 1040 767; x_wconf 87' lang='lat' dir='ltr'>existunt,</span> <span class='ocrx_word' id='word_1_52' title='bbox 1061 700 1177 754; x_wconf 67' lang='lat' dir='ltr'>susten</span> 
     </span>
     <span class='ocr_line' id='line_1_9' title="bbox 110 768 1179 857; baseline 0.003 -26"><span class='ocrx_word' id='word_1_53' title='bbox 110 778 221 833; x_wconf 78' lang='lat' dir='ltr'>tactor</span> <span class='ocrx_word' id='word_1_54' title='bbox 242 789 261 833; x_wconf 84' lang='lat' dir='ltr'>a</span> <span class='ocrx_word' id='word_1_55' title='bbox 281 768 363 847; x_wconf 90' lang='lat' dir='ltr'>Deo,</span> <span class='ocrx_word' id='word_1_56' title='bbox 388 771 432 838; x_wconf 85' lang='lat' dir='ltr'>ita</span> <span class='ocrx_word' id='word_1_57' title='bbox 455 780 573 848; x_wconf 87' lang='lat' dir='ltr'>tamen,</span> <span class='ocrx_word' id='word_1_58' title='bbox 594 781 633 837; x_wconf 88' lang='lat' dir='ltr'>nt</span> <span class='ocrx_word' id='word_1_59' title='bbox 653 793 706 849; x_wconf 89' lang='lat' dir='ltr'>eo,</span> <span class='ocrx_word' id='word_1_60' title='bbox 727 793 793 857; x_wconf 89' lang='lat' dir='ltr'>qno</span> <span class='ocrx_word' id='word_1_61' title='bbox 812 772 984 850; x_wconf 86' lang='lat' dir='ltr'>diximus,</span> <span class='ocrx_word' id='word_1_62' title='bbox 1008 771 1105 835; x_wconf 90' lang='lat' dir='ltr'>modo</span> <span class='ocrx_word' id='word_1_63' title='bbox 1124 792 1179 835; x_wconf 90' lang='lat' dir='ltr'>or-</span> 
     </span>
     <span class='ocr_line' id='line_1_10' title="bbox 111 848 1177 931; baseline 0.003 -17"><span class='ocrx_word' id='word_1_64' title='bbox 111 848 222 915; x_wconf 87' lang='lat' dir='ltr'>dinem</span> <span class='ocrx_word' id='word_1_65' title='bbox 236 861 365 918; x_wconf 85' lang='lat' dir='ltr'>serrent</span> <span class='ocrx_word' id='word_1_66' title='bbox 378 852 418 918; x_wconf 89' lang='lat' dir='ltr'>ad</span> <span class='ocrx_word' id='word_1_67' title='bbox 433 853 656 920; x_wconf 80' lang='lat' dir='ltr'>substantiam.</span> <span class='ocrx_word' id='word_1_68' title='bbox 671 854 845 931; x_wconf 87' lang='lat' dir='ltr'>Quocirca,</span> <span class='ocrx_word' id='word_1_69' title='bbox 860 876 935 919; x_wconf 88' lang='lat' dir='ltr'>oum</span> <span class='ocrx_word' id='word_1_70' title='bbox 956 862 1177 919; x_wconf 87' lang='lat' dir='ltr'>sustententur</span> 
     </span>
     <span class='ocr_line' id='line_1_11' title="bbox 111 932 1178 1023; baseline 0.003 -27"><span class='ocrx_word' id='word_1_71' title='bbox 111 952 130 996; x_wconf 91' lang='lat' dir='ltr'>a</span> <span class='ocrx_word' id='word_1_72' title='bbox 154 932 249 1010; x_wconf 87' lang='lat' dir='ltr'>Deo,</span> <span class='ocrx_word' id='word_1_73' title='bbox 273 953 337 998; x_wconf 93' lang='lat' dir='ltr'>non</span> <span class='ocrx_word' id='word_1_74' title='bbox 358 935 538 1003; x_wconf 86' lang='lat' dir='ltr'>subsistunt</span> <span class='ocrx_word' id='word_1_75' title='bbox 560 956 698 1021; x_wconf 85' lang='lat' dir='ltr'>perse,</span> <span class='ocrx_word' id='word_1_76' title='bbox 720 936 807 1021; x_wconf 88' lang='lat' dir='ltr'>quod</span> <span class='ocrx_word' id='word_1_77' title='bbox 828 949 879 1002; x_wconf 86' lang='lat' dir='ltr'>est</span> <span class='ocrx_word' id='word_1_78' title='bbox 903 936 1073 1023; x_wconf 84' lang='lat' dir='ltr'>proprium</span> <span class='ocrx_word' id='word_1_79' title='bbox 1102 934 1178 999; x_wconf 88' lang='lat' dir='ltr'>sub-</span> 
     </span>
     <span class='ocr_line' id='line_1_12' title="bbox 113 1015 1176 1094; baseline 0.004 -17"><span class='ocrx_word' id='word_1_80' title='bbox 113 1015 263 1092; x_wconf 84' lang='lat' dir='ltr'>stantiae,</span> <span class='ocrx_word' id='word_1_81' title='bbox 285 1026 317 1081; x_wconf 89' lang='lat' dir='ltr'>et</span> <span class='ocrx_word' id='word_1_82' title='bbox 339 1037 413 1082; x_wconf 90' lang='lat' dir='ltr'>eum</span> <span class='ocrx_word' id='word_1_83' title='bbox 435 1017 582 1083; x_wconf 85' lang='lat' dir='ltr'>ordinem</span> <span class='ocrx_word' id='word_1_84' title='bbox 604 1029 733 1085; x_wconf 84' lang='lat' dir='ltr'>servent</span> <span class='ocrx_word' id='word_1_85' title='bbox 754 1017 794 1083; x_wconf 85' lang='lat' dir='ltr'>nd</span> <span class='ocrx_word' id='word_1_86' title='bbox 816 1019 1014 1094; x_wconf 85' lang='lat' dir='ltr'>subiectum,</span> <span class='ocrx_word' id='word_1_87' title='bbox 1027 1027 1176 1083; x_wconf 82' lang='lat' dir='ltr'>naturam</span> 
     </span>
     <span class='ocr_line' id='line_1_13' title="bbox 111 1096 1178 1184; baseline 0.002 -24"><span class='ocrx_word' id='word_1_88' title='bbox 111 1096 330 1162; x_wconf 87' lang='lat' dir='ltr'>accidentium</span> <span class='ocrx_word' id='word_1_89' title='bbox 353 1120 417 1165; x_wconf 93' lang='lat' dir='ltr'>non</span> <span class='ocrx_word' id='word_1_90' title='bbox 438 1100 592 1175; x_wconf 90' lang='lat' dir='ltr'>amittunt</span> <span class='ocrx_word' id='word_1_91' title='bbox 610 1100 633 1163; x_wconf 85' lang='lat'>¹.</span> <span class='ocrx_word' id='word_1_92' title='bbox 656 1100 744 1177; x_wconf 82' lang='lat' dir='ltr'>Quin</span> <span class='ocrx_word' id='word_1_93' title='bbox 768 1112 876 1166; x_wconf 87' lang='lat' dir='ltr'>autem</span> <span class='ocrx_word' id='word_1_94' title='bbox 899 1100 1078 1167; x_wconf 83' lang='lat' dir='ltr'>accidentia</span> <span class='ocrx_word' id='word_1_95' title='bbox 1105 1120 1178 1184; x_wconf 88' lang='lat' dir='ltr'>pos-</span> 
     </span>
     <span class='ocr_line' id='line_1_14' title="bbox 111 1178 1180 1265; baseline 0.002 -22"><span class='ocrx_word' id='word_1_96' title='bbox 111 1178 175 1244; x_wconf 87' lang='lat' dir='ltr'>sint</span> <span class='ocrx_word' id='word_1_97' title='bbox 196 1200 214 1243; x_wconf 89' lang='lat' dir='ltr'>a</span> <span class='ocrx_word' id='word_1_98' title='bbox 234 1178 305 1246; x_wconf 87' lang='lat' dir='ltr'>Deo</span> <span class='ocrx_word' id='word_1_99' title='bbox 325 1182 510 1261; x_wconf 87' lang='lat' dir='ltr'>sustentari,</span> <span class='ocrx_word' id='word_1_100' title='bbox 526 1178 742 1249; x_wconf 87' lang='lat' dir='ltr'>dubitandum</span> <span class='ocrx_word' id='word_1_101' title='bbox 764 1204 828 1248; x_wconf 89' lang='lat' dir='ltr'>non</span> <span class='ocrx_word' id='word_1_102' title='bbox 847 1194 906 1261; x_wconf 81' lang='lat' dir='ltr'>est3</span> <span class='ocrx_word' id='word_1_103' title='bbox 926 1204 1013 1260; x_wconf 88' lang='lat' dir='ltr'>nam,</span> <span class='ocrx_word' id='word_1_104' title='bbox 1036 1192 1072 1248; x_wconf 90' lang='lat' dir='ltr'>nt</span> <span class='ocrx_word' id='word_1_105' title='bbox 1090 1183 1180 1265; x_wconf 83' lang='lat' dir='ltr'>opti-</span> 
     </span>
     <span class='ocr_line' id='line_1_15' title="bbox 111 1261 1180 1351; baseline 0.003 -27"><span class='ocrx_word' id='word_1_106' title='bbox 111 1281 163 1326; x_wconf 90' lang='lat' dir='ltr'>me</span> <span class='ocrx_word' id='word_1_107' title='bbox 185 1282 211 1327; x_wconf 90' lang='lat' dir='ltr'>s.</span> <span class='ocrx_word' id='word_1_108' title='bbox 233 1261 371 1327; x_wconf 80' lang='lat' dir='ltr'>Thomas</span> <span class='ocrx_word' id='word_1_109' title='bbox 392 1262 563 1342; x_wconf 78' lang='lat' dir='ltr'>observet,</span> <span class='ocrx_word' id='word_1_110' title='bbox 578 1265 663 1330; x_wconf 88' lang='lat' dir='ltr'>sicut</span> <span class='ocrx_word' id='word_1_111' title='bbox 681 1265 769 1329; x_wconf 87' lang='lat' dir='ltr'>Dens</span> <span class='ocrx_word' id='word_1_112' title='bbox 789 1276 893 1351; x_wconf 90' lang='lat' dir='ltr'>potest</span> <span class='ocrx_word' id='word_1_113' title='bbox 913 1265 1046 1332; x_wconf 79' lang='lat' dir='ltr'>effectus</span> <span class='ocrx_word' id='word_1_114' title='bbox 1067 1284 1180 1329; x_wconf 83' lang='lat' dir='ltr'>cansa·</span> 
     </span>
     <span class='ocr_line' id='line_1_16' title="bbox 112 1344 1179 1434; baseline 0.001 -27"><span class='ocrx_word' id='word_1_115' title='bbox 112 1364 187 1409; x_wconf 89' lang='lat' dir='ltr'>rum</span> <span class='ocrx_word' id='word_1_116' title='bbox 209 1344 407 1411; x_wconf 85' lang='lat' dir='ltr'>naturalium</span> <span class='ocrx_word' id='word_1_117' title='bbox 436 1345 615 1434; x_wconf 83' lang='lat' dir='ltr'>producere</span> <span class='ocrx_word' id='word_1_118' title='bbox 647 1347 716 1412; x_wconf 90' lang='lat' dir='ltr'>sine</span> <span class='ocrx_word' id='word_1_119' title='bbox 743 1345 948 1413; x_wconf 86' lang='lat' dir='ltr'>naturalibus</span> <span class='ocrx_word' id='word_1_120' title='bbox 974 1347 1106 1424; x_wconf 84' lang='lat' dir='ltr'>causis,</span> <span class='ocrx_word' id='word_1_121' title='bbox 1130 1347 1179 1409; x_wconf 90' lang='lat' dir='ltr'>sie</span> 
     </span>
     <span class='ocr_line' id='line_1_17' title="bbox 112 1427 1180 1513; baseline 0.001 -22"><span class='ocrx_word' id='word_1_122' title='bbox 112 1435 217 1512; x_wconf 86' lang='lat' dir='ltr'>potest</span> <span class='ocrx_word' id='word_1_123' title='bbox 238 1434 335 1492; x_wconf 75' lang='lat' dir='ltr'>tencre</span> <span class='ocrx_word' id='word_1_124' title='bbox 360 1427 394 1491; x_wconf 93' lang='lat' dir='ltr'>in</span> <span class='ocrx_word' id='word_1_125' title='bbox 415 1450 475 1495; x_wconf 84' lang='lat' dir='ltr'>esse</span> <span class='ocrx_word' id='word_1_126' title='bbox 495 1427 701 1505; x_wconf 81' lang='lat' dir='ltr'>accidentia,</span> <span class='ocrx_word' id='word_1_127' title='bbox 728 1430 885 1495; x_wconf 80' lang='lat' dir='ltr'>subtracto</span> <span class='ocrx_word' id='word_1_128' title='bbox 905 1429 1101 1507; x_wconf 76' lang='lat' dir='ltr'>substantio,</span> <span class='ocrx_word' id='word_1_129' title='bbox 1119 1447 1180 1513; x_wconf 78' lang='lat' dir='ltr'>per</span> 
     </span>
     <span class='ocr_line' id='line_1_18' title="bbox 111 1508 661 1595; baseline 0.002 -21"><span class='ocrx_word' id='word_1_130' title='bbox 111 1529 203 1595; x_wconf 78' lang='lat' dir='ltr'>quom</span> <span class='ocrx_word' id='word_1_131' title='bbox 225 1508 483 1576; x_wconf 77' lang='lat' dir='ltr'>conservabuntur</span> <span class='ocrx_word' id='word_1_132' title='bbox 503 1512 539 1576; x_wconf 82' lang='lat' dir='ltr'>io</span> <span class='ocrx_word' id='word_1_133' title='bbox 559 1532 623 1575; x_wconf 84' lang='lat' dir='ltr'>esse</span> <span class='ocrx_word' id='word_1_134' title='bbox 635 1512 661 1575; x_wconf 82' lang='lat'>².</span> 
     </span>
    </p>
   </div>
   <div class='ocr_carea' id='block_1_5' title="bbox 112 1978 1183 3643">
    <p class='ocr_par' dir='ltr' id='par_1_5' title="bbox 112 1978 1181 2265">
     <span class='ocr_line' id='line_1_19' title="bbox 112 1978 1180 2050; baseline 0 -13"><span class='ocrx_word' id='word_1_135' title='bbox 112 1986 183 2037; x_wconf 86' lang='lat' dir='ltr'>hand</span> <span class='ocrx_word' id='word_1_136' title='bbox 203 1986 306 2049; x_wconf 79' lang='lat' dir='ltr'>concipi</span> <span class='ocrx_word' id='word_1_137' title='bbox 325 1978 450 2049; x_wconf 73' lang='lat' dir='ltr'>possum,</span> <span class='ocrx_word' id='word_1_138' title='bbox 470 1985 548 2036; x_wconf 86' lang='lat' dir='ltr'>huius</span> <span class='ocrx_word' id='word_1_139' title='bbox 566 1986 635 2036; x_wconf 85' lang='lat' dir='ltr'>ratio</span> <span class='ocrx_word' id='word_1_140' title='bbox 654 1997 706 2035; x_wconf 92' lang='lat' dir='ltr'>non</span> <span class='ocrx_word' id='word_1_141' title='bbox 723 1999 755 2037; x_wconf 85' lang='lat' dir='ltr'>ex</span> <span class='ocrx_word' id='word_1_142' title='bbox 774 1998 824 2045; x_wconf 78' lang='lat' dir='ltr'>eo,</span> <span class='ocrx_word' id='word_1_143' title='bbox 849 1986 919 2050; x_wconf 82' lang='lat' dir='ltr'>quod</span> <span class='ocrx_word' id='word_1_144' title='bbox 938 1991 1000 2037; x_wconf 88' lang='lat' dir='ltr'>sunt</span> <span class='ocrx_word' id='word_1_145' title='bbox 1018 1987 1180 2044; x_wconf 86' lang='lat' dir='ltr'>accidentia,</span> 
     </span>
     <span class='ocr_line' id='line_1_20' title="bbox 112 2055 1181 2123; baseline -0.002 -13"><span class='ocrx_word' id='word_1_146' title='bbox 112 2059 157 2111; x_wconf 86' lang='lat' dir='ltr'>sed</span> <span class='ocrx_word' id='word_1_147' title='bbox 176 2071 278 2117; x_wconf 87' lang='lat' dir='ltr'>exeo,</span> <span class='ocrx_word' id='word_1_148' title='bbox 298 2057 369 2122; x_wconf 85' lang='lat' dir='ltr'>qnod</span> <span class='ocrx_word' id='word_1_149' title='bbox 388 2057 450 2108; x_wconf 83' lang='lat' dir='ltr'>talia</span> <span class='ocrx_word' id='word_1_150' title='bbox 476 2058 622 2109; x_wconf 81' lang='lat' dir='ltr'>accidentia</span> <span class='ocrx_word' id='word_1_151' title='bbox 641 2064 722 2116; x_wconf 85' lang='lat' dir='ltr'>sunt,</span> <span class='ocrx_word' id='word_1_152' title='bbox 741 2058 900 2111; x_wconf 83' lang='lat' dir='ltr'>desumenda</span> <span class='ocrx_word' id='word_1_153' title='bbox 919 2063 970 2108; x_wconf 88' lang='lat' dir='ltr'>est.</span> <span class='ocrx_word' id='word_1_154' title='bbox 990 2055 1024 2111; x_wconf 88' lang='lat' dir='ltr'>E.</span> <span class='ocrx_word' id='word_1_155' title='bbox 1043 2073 1084 2123; x_wconf 68' lang='lat'>3..</span> <span class='ocrx_word' id='word_1_156' title='bbox 1103 2060 1181 2109; x_wconf 87' lang='lat' dir='ltr'>intei-</span> 
     </span>
     <span class='ocr_line' id='line_1_21' title="bbox 113 2130 1180 2195; baseline 0.001 -14"><span class='ocrx_word' id='word_1_157' title='bbox 113 2133 193 2183; x_wconf 90' lang='lat' dir='ltr'>tectio</span> <span class='ocrx_word' id='word_1_158' title='bbox 212 2130 328 2181; x_wconf 83' lang='lat' dir='ltr'>humana</span> <span class='ocrx_word' id='word_1_159' title='bbox 347 2142 399 2180; x_wconf 90' lang='lat' dir='ltr'>non</span> <span class='ocrx_word' id='word_1_160' title='bbox 419 2132 468 2181; x_wconf 85' lang='lat' dir='ltr'>nisi</span> <span class='ocrx_word' id='word_1_161' title='bbox 488 2132 515 2181; x_wconf 90' lang='lat' dir='ltr'>in</span> <span class='ocrx_word' id='word_1_162' title='bbox 533 2131 672 2181; x_wconf 86' lang='lat' dir='ltr'>intellectu</span> <span class='ocrx_word' id='word_1_163' title='bbox 691 2130 808 2181; x_wconf 81' lang='lat' dir='ltr'>hnmano</span> <span class='ocrx_word' id='word_1_164' title='bbox 826 2144 884 2181; x_wconf 84' lang='lat' dir='ltr'>esee</span> <span class='ocrx_word' id='word_1_165' title='bbox 904 2135 1010 2195; x_wconf 78' lang='lat' dir='ltr'>potest,</span> <span class='ocrx_word' id='word_1_166' title='bbox 1031 2145 1083 2182; x_wconf 90' lang='lat' dir='ltr'>non</span> <span class='ocrx_word' id='word_1_167' title='bbox 1102 2136 1180 2195; x_wconf 78' lang='lat' dir='ltr'>prout</span> 
     </span>
     <span class='ocr_line' id='line_1_22' title="bbox 113 2203 760 2265; baseline -0.006 -8"><span class='ocrx_word' id='word_1_168' title='bbox 113 2205 235 2257; x_wconf 84' lang='lat' dir='ltr'>accidens</span> <span class='ocrx_word' id='word_1_169' title='bbox 253 2208 304 2262; x_wconf 81' lang='lat' dir='ltr'>est,</span> <span class='ocrx_word' id='word_1_170' title='bbox 324 2203 369 2253; x_wconf 86' lang='lat' dir='ltr'>sed</span> <span class='ocrx_word' id='word_1_171' title='bbox 389 2208 468 2265; x_wconf 78' lang='lat' dir='ltr'>prout</span> <span class='ocrx_word' id='word_1_172' title='bbox 485 2204 555 2254; x_wconf 86' lang='lat' dir='ltr'>actio</span> <span class='ocrx_word' id='word_1_173' title='bbox 575 2203 689 2253; x_wconf 81' lang='lat' dir='ltr'>humane</span> <span class='ocrx_word' id='word_1_174' title='bbox 708 2209 760 2254; x_wconf 81' lang='lat' dir='ltr'>cst.</span> 
     </span>
    </p>

    <p class='ocr_par' dir='ltr' id='par_1_6' title="bbox 113 2270 1182 2485">
     <span class='ocr_line' id='line_1_23' title="bbox 151 2270 1181 2339; baseline 0.004 -17"><span class='ocrx_word' id='word_1_175' title='bbox 151 2280 158 2313; x_wconf 77' lang='grc' dir='ltr'>Ι</span> <span class='ocrx_word' id='word_1_176' title='bbox 181 2296 192 2322; x_wconf 85' lang='grc' dir='ltr'>ι</span> <span class='ocrx_word' id='word_1_177' title='bbox 209 2271 379 2339; x_wconf 76' lang='lat' dir='ltr'>Comparatio</span> <span class='ocrx_word' id='word_1_178' title='bbox 397 2277 482 2339; x_wconf 82' lang='lat' dir='ltr'>inquit</span> <span class='ocrx_word' id='word_1_179' title='bbox 501 2276 570 2325; x_wconf 85' lang='lat' dir='ltr'>idem</span> <span class='ocrx_word' id='word_1_180' title='bbox 590 2270 750 2339; x_wconf 76' lang='lat' dir='ltr'>Seraphicm</span> <span class='ocrx_word' id='word_1_181' title='bbox 768 2272 876 2335; x_wconf 78' lang='lat' dir='ltr'>Ductor,</span> <span class='ocrx_word' id='word_1_182' title='bbox 897 2276 1052 2332; x_wconf 87' lang='lat' dir='ltr'>accidentis,</span> <span class='ocrx_word' id='word_1_183' title='bbox 1066 2276 1101 2325; x_wconf 91' lang='lat' dir='ltr'>ad</span> <span class='ocrx_word' id='word_1_184' title='bbox 1119 2275 1181 2326; x_wconf 81' lang='lat' dir='ltr'>snb-</span> 
     </span>
     <span class='ocr_line' id='line_1_24' title="bbox 114 2346 1182 2413; baseline 0 -14"><span class='ocrx_word' id='word_1_185' title='bbox 114 2350 212 2400; x_wconf 84' lang='lat' dir='ltr'>iectntn</span> <span class='ocrx_word' id='word_1_186' title='bbox 232 2348 379 2401; x_wconf 88' lang='lat' dir='ltr'>secundnm</span> <span class='ocrx_word' id='word_1_187' title='bbox 397 2348 573 2411; x_wconf 80' lang='lat' dir='ltr'>aptitudinem</span> <span class='ocrx_word' id='word_1_188' title='bbox 592 2353 634 2397; x_wconf 86' lang='lat' dir='ltr'>est</span> <span class='ocrx_word' id='word_1_189' title='bbox 650 2346 808 2406; x_wconf 82' lang='lat' dir='ltr'>essentialis,</span> <span class='ocrx_word' id='word_1_190' title='bbox 828 2356 856 2399; x_wconf 83' lang='lat' dir='ltr'>et</span> <span class='ocrx_word' id='word_1_191' title='bbox 875 2349 942 2400; x_wconf 84' lang='lat' dir='ltr'>haec</span> <span class='ocrx_word' id='word_1_192' title='bbox 959 2361 1108 2413; x_wconf 85' lang='lat' dir='ltr'>numquam</span> <span class='ocrx_word' id='word_1_193' title='bbox 1127 2350 1182 2413; x_wconf 79' lang='lat' dir='ltr'>pri-</span> 
     </span>
     <span class='ocr_line' id='line_1_25' title="bbox 113 2420 835 2485; baseline -0.001 -13"><span class='ocrx_word' id='word_1_194' title='bbox 113 2428 192 2473; x_wconf 86' lang='lat' dir='ltr'>retur</span> <span class='ocrx_word' id='word_1_195' title='bbox 210 2422 242 2471; x_wconf 83' lang='lat' dir='ltr'>ab</span> <span class='ocrx_word' id='word_1_196' title='bbox 260 2420 397 2471; x_wconf 86' lang='lat' dir='ltr'>accidente</span> <span class='ocrx_word' id='word_1_197' title='bbox 413 2440 438 2480; x_wconf 72' lang='lat' dir='ltr'>&#39;t</span> <span class='ocrx_word' id='word_1_198' title='bbox 453 2422 502 2485; x_wconf 76' lang='grc' dir='ltr'>ορ.</span> <span class='ocrx_word' id='word_1_199' title='bbox 522 2426 549 2472; x_wconf 88' lang='lat' dir='ltr'>et</span> <span class='ocrx_word' id='word_1_200' title='bbox 568 2420 623 2470; x_wconf 88' lang='lat' dir='ltr'>loc.</span> <span class='ocrx_word' id='word_1_201' title='bbox 642 2422 690 2471; x_wconf 87' lang='lat' dir='ltr'>cit.</span> <span class='ocrx_word' id='word_1_202' title='bbox 710 2422 737 2470; x_wconf 91' lang='lat' dir='ltr'>tn</span> <span class='ocrx_word' id='word_1_203' title='bbox 757 2422 835 2471; x_wconf 73' lang='lat' dir='ltr'>recol.</span> 
     </span>
    </p>

    <p class='ocr_par' dir='ltr' id='par_1_7' title="bbox 113 2488 1183 3643">
     <span class='ocr_line' id='line_1_26' title="bbox 150 2488 1182 2559; baseline -0.001 -15"><span class='ocrx_word' id='word_1_204' title='bbox 150 2493 161 2530; x_wconf 75' lang='lat'><strong>²</strong></span> <span class='ocrx_word' id='word_1_205' title='bbox 181 2492 227 2553; x_wconf 90' lang='grc' dir='ltr'><strong>ΙΙΙ,</strong></span> <span class='ocrx_word' id='word_1_206' title='bbox 248 2506 276 2559; x_wconf 78' lang='lat' dir='ltr'>q.</span> <span class='ocrx_word' id='word_1_207' title='bbox 297 2488 427 2548; x_wconf 77' lang='lat' dir='ltr'>lxxvii.</span> <span class='ocrx_word' id='word_1_208' title='bbox 448 2507 474 2542; x_wconf 84' lang='lat' dir='ltr'>e.</span> <span class='ocrx_word' id='word_1_209' title='bbox 497 2494 506 2543; x_wconf 93' lang='lat' dir='ltr'>l</span> <span class='ocrx_word' id='word_1_210' title='bbox 530 2507 556 2543; x_wconf 92' lang='lat' dir='ltr'>c.</span> <span class='ocrx_word' id='word_1_211' title='bbox 577 2497 603 2543; x_wconf 89' lang='lat' dir='ltr'>et</span> <span class='ocrx_word' id='word_1_212' title='bbox 623 2493 656 2543; x_wconf 86' lang='lat' dir='ltr'>ad</span> <span class='ocrx_word' id='word_1_213' title='bbox 675 2492 703 2542; x_wconf 82' lang='lat'>2.</span> <span class='ocrx_word' id='word_1_214' title='bbox 724 2490 780 2544; x_wconf 87' lang='lat' dir='ltr'>llac</span> <span class='ocrx_word' id='word_1_215' title='bbox 798 2493 831 2543; x_wconf 83' lang='lat' dir='ltr'>de</span> <span class='ocrx_word' id='word_1_216' title='bbox 849 2494 1031 2544; x_wconf 80' lang='lat' dir='ltr'>accidentibus</span> <span class='ocrx_word' id='word_1_217' title='bbox 1048 2493 1182 2543; x_wconf 71' lang='lat' dir='ltr'>absolutis</span> 
     </span>
     <span class='ocr_line' id='line_1_27' title="bbox 113 2562 1180 2629; baseline 0 -14"><span class='ocrx_word' id='word_1_218' title='bbox 113 2566 213 2617; x_wconf 86' lang='lat' dir='ltr'>theoria</span> <span class='ocrx_word' id='word_1_219' title='bbox 234 2562 389 2617; x_wconf 76' lang='lat' dir='ltr'>Scholastici</span> <span class='ocrx_word' id='word_1_220' title='bbox 405 2564 482 2615; x_wconf 82' lang='lat' dir='ltr'>tacite</span> <span class='ocrx_word' id='word_1_221' title='bbox 494 2566 638 2628; x_wconf 83' lang='lat' dir='ltr'>explicent,</span> <span class='ocrx_word' id='word_1_222' title='bbox 652 2566 785 2629; x_wconf 82' lang='lat' dir='ltr'>quomodo</span> <span class='ocrx_word' id='word_1_223' title='bbox 798 2567 825 2616; x_wconf 93' lang='lat' dir='ltr'>ln</span> <span class='ocrx_word' id='word_1_224' title='bbox 837 2566 981 2616; x_wconf 86' lang='lat' dir='ltr'>renerabili</span> <span class='ocrx_word' id='word_1_225' title='bbox 994 2562 1180 2617; x_wconf 69' lang='lat' dir='ltr'>Eucharistiae</span> 
     </span>
     <span class='ocr_line' id='line_1_28' title="bbox 114 2636 1180 2701; baseline 0.001 -13"><span class='ocrx_word' id='word_1_226' title='bbox 114 2636 301 2697; x_wconf 83' lang='lat' dir='ltr'>Sacramento,</span> <span class='ocrx_word' id='word_1_227' title='bbox 322 2642 428 2701; x_wconf 81' lang='lat' dir='ltr'>peracta</span> <span class='ocrx_word' id='word_1_228' title='bbox 448 2638 660 2695; x_wconf 86' lang='lat' dir='ltr'>consecratione,</span> <span class='ocrx_word' id='word_1_229' title='bbox 680 2640 781 2701; x_wconf 82' lang='lat' dir='ltr'>spectes</span> <span class='ocrx_word' id='word_1_230' title='bbox 799 2639 885 2701; x_wconf 82' lang='lat' dir='ltr'>panis,</span> <span class='ocrx_word' id='word_1_231' title='bbox 905 2638 1003 2689; x_wconf 80' lang='lat' dir='ltr'>etvini</span> <span class='ocrx_word' id='word_1_232' title='bbox 1022 2650 1180 2700; x_wconf 78' lang='lat' dir='ltr'>permanere</span> 
     </span>
     <span class='ocr_line' id='line_1_29' title="bbox 115 2704 1181 2778; baseline 0.001 -17"><span class='ocrx_word' id='word_1_233' title='bbox 115 2724 166 2761; x_wconf 92' lang='lat' dir='ltr'>non</span> <span class='ocrx_word' id='word_1_234' title='bbox 185 2714 313 2775; x_wconf 69' lang='lat' dir='ltr'>repugnet</span> <span class='ocrx_word' id='word_1_235' title='bbox 333 2706 379 2778; x_wconf 82' lang='lat' dir='ltr'>(ct</span> <span class='ocrx_word' id='word_1_236' title='bbox 395 2724 418 2762; x_wconf 87' lang='lat' dir='ltr'>s.</span> <span class='ocrx_word' id='word_1_237' title='bbox 438 2704 550 2768; x_wconf 79' lang='lat' dir='ltr'>Thena..</span> <span class='ocrx_word' id='word_1_238' title='bbox 572 2710 692 2773; x_wconf 61' lang='lat' dir='ltr'>Quodut.</span> <span class='ocrx_word' id='word_1_239' title='bbox 714 2708 766 2771; x_wconf 86' lang='lat' dir='ltr'>tii,</span> <span class='ocrx_word' id='word_1_240' title='bbox 785 2723 812 2760; x_wconf 89' lang='lat' dir='ltr'>a.</span> <span class='ocrx_word' id='word_1_241' title='bbox 833 2710 850 2761; x_wconf 75' lang='grc'><strong>5</strong></span> <span class='ocrx_word' id='word_1_242' title='bbox 869 2725 907 2771; x_wconf 87' lang='lat' dir='ltr'>c.,</span> <span class='ocrx_word' id='word_1_243' title='bbox 926 2715 954 2761; x_wconf 82' lang='lat' dir='ltr'>et</span> <span class='ocrx_word' id='word_1_244' title='bbox 972 2724 996 2761; x_wconf 81' lang='lat' dir='ltr'>s.</span> <span class='ocrx_word' id='word_1_245' title='bbox 1015 2706 1129 2769; x_wconf 72' lang='lat' dir='ltr'>Eonar„</span> <span class='ocrx_word' id='word_1_246' title='bbox 1148 2712 1181 2762; x_wconf 73' lang='lat' dir='ltr'>rs</span> 
     </span>
     <span class='ocr_line' id='line_1_30' title="bbox 114 2778 1182 2851; baseline 0 -18"><span class='ocrx_word' id='word_1_247' title='bbox 114 2782 160 2834; x_wconf 79' lang='lat' dir='ltr'>lit.</span> <span class='ocrx_word' id='word_1_248' title='bbox 182 2785 221 2833; x_wconf 77' lang='lat' dir='ltr'>tv</span> <span class='ocrx_word' id='word_1_249' title='bbox 238 2786 321 2841; x_wconf 73' lang='lat' dir='ltr'>Sunt..</span> <span class='ocrx_word' id='word_1_250' title='bbox 341 2786 394 2834; x_wconf 89' lang='lat' dir='ltr'>loc.</span> <span class='ocrx_word' id='word_1_251' title='bbox 414 2779 486 2851; x_wconf 89' lang='lat' dir='ltr'>cit.).</span> <span class='ocrx_word' id='word_1_252' title='bbox 507 2779 631 2833; x_wconf 85' lang='lat' dir='ltr'>Nonnulli</span> <span class='ocrx_word' id='word_1_253' title='bbox 645 2789 764 2833; x_wconf 83' lang='lat' dir='ltr'>recenter</span> <span class='ocrx_word' id='word_1_254' title='bbox 783 2778 918 2848; x_wconf 55' lang='lat' dir='ltr'>inceleri,</span> <span class='ocrx_word' id='word_1_255' title='bbox 938 2796 1001 2834; x_wconf 86' lang='lat' dir='ltr'>cum</span> <span class='ocrx_word' id='word_1_256' title='bbox 1019 2782 1134 2833; x_wconf 87' lang='lat' dir='ltr'>doceant</span> <span class='ocrx_word' id='word_1_257' title='bbox 1150 2796 1182 2833; x_wconf 92' lang='lat' dir='ltr'>o-</span> 
     </span>
     <span class='ocr_line' id='line_1_31' title="bbox 115 2854 1182 2919; baseline -0.002 -13"><span class='ocrx_word' id='word_1_258' title='bbox 115 2857 187 2906; x_wconf 85' lang='lat' dir='ltr'>mnia</span> <span class='ocrx_word' id='word_1_259' title='bbox 207 2855 354 2907; x_wconf 84' lang='lat' dir='ltr'>accidentia</span> <span class='ocrx_word' id='word_1_260' title='bbox 374 2868 431 2905; x_wconf 86' lang='lat' dir='ltr'>esee</span> <span class='ocrx_word' id='word_1_261' title='bbox 452 2856 554 2913; x_wconf 85' lang='lat' dir='ltr'>modos,</span> <span class='ocrx_word' id='word_1_262' title='bbox 574 2868 606 2905; x_wconf 89' lang='lat' dir='ltr'>nc</span> <span class='ocrx_word' id='word_1_263' title='bbox 626 2855 735 2919; x_wconf 78' lang='lat' dir='ltr'>proinde</span> <span class='ocrx_word' id='word_1_264' title='bbox 753 2855 810 2905; x_wconf 86' lang='lat' dir='ltr'>deri</span> <span class='ocrx_word' id='word_1_265' title='bbox 829 2868 882 2906; x_wconf 90' lang='lat' dir='ltr'>non</span> <span class='ocrx_word' id='word_1_266' title='bbox 900 2868 987 2919; x_wconf 76' lang='lat' dir='ltr'>posse,</span> <span class='ocrx_word' id='word_1_267' title='bbox 1007 2860 1038 2905; x_wconf 88' lang='lat' dir='ltr'>nt</span> <span class='ocrx_word' id='word_1_268' title='bbox 1055 2854 1182 2906; x_wconf 86' lang='lat' dir='ltr'>acciden-</span> 
     </span>
     <span class='ocr_line' id='line_1_32' title="bbox 118 2924 1182 2993; baseline 0.003 -17"><span class='ocrx_word' id='word_1_269' title='bbox 118 2930 153 2979; x_wconf 90' lang='lat' dir='ltr'>tia</span> <span class='ocrx_word' id='word_1_270' title='bbox 173 2942 188 2979; x_wconf 90' lang='lat' dir='ltr'>a</span> <span class='ocrx_word' id='word_1_271' title='bbox 207 2927 352 2979; x_wconf 84' lang='lat' dir='ltr'>substantia</span> <span class='ocrx_word' id='word_1_272' title='bbox 371 2942 490 2993; x_wconf 84' lang='lat' dir='ltr'>unquam</span> <span class='ocrx_word' id='word_1_273' title='bbox 508 2933 674 2991; x_wconf 74' lang='lat' dir='ltr'>eepnmntnr.</span> <span class='ocrx_word' id='word_1_274' title='bbox 687 2927 851 2979; x_wconf 86' lang='lat' dir='ltr'>contendunt</span> <span class='ocrx_word' id='word_1_275' title='bbox 869 2928 1016 2979; x_wconf 86' lang='lat' dir='ltr'>accidentia</span> <span class='ocrx_word' id='word_1_276' title='bbox 1030 2928 1057 2977; x_wconf 89' lang='lat' dir='ltr'>in</span> <span class='ocrx_word' id='word_1_277' title='bbox 1070 2927 1118 2978; x_wconf 87' lang='lat' dir='ltr'>ilio</span> <span class='ocrx_word' id='word_1_278' title='bbox 1132 2924 1182 2979; x_wconf 87' lang='lat' dir='ltr'>Sa·</span> 
     </span>
     <span class='ocr_line' id='line_1_33' title="bbox 115 2998 1182 3060; baseline -0.002 -7"><span class='ocrx_word' id='word_1_279' title='bbox 115 3004 253 3053; x_wconf 83' lang='lat' dir='ltr'>cremento</span> <span class='ocrx_word' id='word_1_280' title='bbox 271 3013 323 3050; x_wconf 90' lang='lat' dir='ltr'>non</span> <span class='ocrx_word' id='word_1_281' title='bbox 342 3012 491 3060; x_wconf 85' lang='lat' dir='ltr'>remanere,</span> <span class='ocrx_word' id='word_1_282' title='bbox 510 3000 556 3051; x_wconf 86' lang='lat' dir='ltr'>aed</span> <span class='ocrx_word' id='word_1_283' title='bbox 574 3014 669 3051; x_wconf 84' lang='lat' dir='ltr'>eornm</span> <span class='ocrx_word' id='word_1_284' title='bbox 686 3002 850 3051; x_wconf 84' lang='lat' dir='ltr'>sensattoncs</span> <span class='ocrx_word' id='word_1_285' title='bbox 867 3014 883 3050; x_wconf 92' lang='lat' dir='ltr'>a</span> <span class='ocrx_word' id='word_1_286' title='bbox 902 2998 956 3051; x_wconf 80' lang='lat' dir='ltr'>lieo</span> <span class='ocrx_word' id='word_1_287' title='bbox 974 3001 1002 3050; x_wconf 93' lang='lat' dir='ltr'>in</span> <span class='ocrx_word' id='word_1_288' title='bbox 1020 3000 1096 3051; x_wconf 76' lang='lat' dir='ltr'>nobis</span> <span class='ocrx_word' id='word_1_289' title='bbox 1108 3002 1182 3051; x_wconf 87' lang='lat' dir='ltr'>exci-</span> 
     </span>
     <span class='ocr_line' id='line_1_34' title="bbox 115 3069 1178 3137; baseline -0.001 -13"><span class='ocrx_word' id='word_1_290' title='bbox 115 3074 183 3133; x_wconf 65' lang='lat' dir='ltr'>taris</span> <span class='ocrx_word' id='word_1_291' title='bbox 204 3070 274 3123; x_wconf 82' lang='lat' dir='ltr'>Deus</span> <span class='ocrx_word' id='word_1_292' title='bbox 291 3074 361 3123; x_wconf 84' lang='lat' dir='ltr'>enirn</span> <span class='ocrx_word' id='word_1_293' title='bbox 380 3069 461 3122; x_wconf 81' lang='lat' dir='ltr'>allisit</span> <span class='ocrx_word' id='word_1_294' title='bbox 478 3086 578 3137; x_wconf 70' lang='lat' dir='ltr'>organa</span> <span class='ocrx_word' id='word_1_295' title='bbox 598 3074 713 3124; x_wconf 87' lang='lat' dir='ltr'>sensoria</span> <span class='ocrx_word' id='word_1_296' title='bbox 732 3074 825 3123; x_wconf 87' lang='lat' dir='ltr'>eodem</span> <span class='ocrx_word' id='word_1_297' title='bbox 843 3086 952 3137; x_wconf 81' lang='lat' dir='ltr'>prorsus</span> <span class='ocrx_word' id='word_1_298' title='bbox 970 3072 1068 3130; x_wconf 85' lang='lat' dir='ltr'>modo,</span> <span class='ocrx_word' id='word_1_299' title='bbox 1086 3086 1142 3136; x_wconf 74' lang='lat' dir='ltr'>qno</span> <span class='ocrx_word' id='word_1_300' title='bbox 1161 3085 1178 3123; x_wconf 94' lang='lat' dir='ltr'>a</span> 
     </span>
     <span class='ocr_line' id='line_1_35' title="bbox 116 3141 1178 3210; baseline -0.002 -13"><span class='ocrx_word' id='word_1_301' title='bbox 116 3159 196 3210; x_wconf 79' lang='lat' dir='ltr'>pane,</span> <span class='ocrx_word' id='word_1_302' title='bbox 214 3151 241 3195; x_wconf 85' lang='lat' dir='ltr'>et</span> <span class='ocrx_word' id='word_1_303' title='bbox 260 3146 320 3196; x_wconf 82' lang='lat' dir='ltr'>rino</span> <span class='ocrx_word' id='word_1_304' title='bbox 339 3144 498 3196; x_wconf 79' lang='lat' dir='ltr'>naturaliter</span> <span class='ocrx_word' id='word_1_305' title='bbox 515 3144 583 3196; x_wconf 87' lang='lat' dir='ltr'>allici</span> <span class='ocrx_word' id='word_1_306' title='bbox 602 3147 699 3197; x_wconf 85' lang='lat' dir='ltr'>solent.</span> <span class='ocrx_word' id='word_1_307' title='bbox 713 3141 799 3197; x_wconf 83' lang='lat' dir='ltr'>Litern</span> <span class='ocrx_word' id='word_1_308' title='bbox 817 3146 896 3196; x_wconf 86' lang='lat' dir='ltr'>istnna</span> <span class='ocrx_word' id='word_1_309' title='bbox 915 3145 1038 3197; x_wconf 83' lang='lat' dir='ltr'>dirimere</span> <span class='ocrx_word' id='word_1_310' title='bbox 1057 3150 1178 3195; x_wconf 79' lang='lat' dir='ltr'>nostrum</span> 
     </span>
     <span class='ocr_line' id='line_1_36' title="bbox 115 3215 1181 3280; baseline -0.001 -11"><span class='ocrx_word' id='word_1_311' title='bbox 115 3232 169 3269; x_wconf 92' lang='lat' dir='ltr'>non</span> <span class='ocrx_word' id='word_1_312' title='bbox 186 3221 237 3270; x_wconf 86' lang='lat' dir='ltr'>est.</span> <span class='ocrx_word' id='word_1_313' title='bbox 256 3215 398 3269; x_wconf 84' lang='lat' dir='ltr'>Dumtaxat</span> <span class='ocrx_word' id='word_1_314' title='bbox 414 3216 455 3267; x_wconf 83' lang='lat' dir='ltr'>liis</span> <span class='ocrx_word' id='word_1_315' title='bbox 475 3218 624 3268; x_wconf 82' lang='lat' dir='ltr'>recentibus</span> <span class='ocrx_word' id='word_1_316' title='bbox 643 3220 669 3269; x_wconf 94' lang='lat' dir='ltr'>in</span> <span class='ocrx_word' id='word_1_317' title='bbox 689 3218 844 3269; x_wconf 79' lang='lat' dir='ltr'>meritoriam</span> <span class='ocrx_word' id='word_1_318' title='bbox 869 3231 1026 3269; x_wconf 78' lang='lat' dir='ltr'>revocamus</span> <span class='ocrx_word' id='word_1_319' title='bbox 1044 3223 1181 3280; x_wconf 77' lang='lat' dir='ltr'>receptam</span> 
     </span>
     <span class='ocr_line' id='line_1_37' title="bbox 116 3284 1181 3353; baseline -0.001 -12"><span class='ocrx_word' id='word_1_320' title='bbox 116 3305 132 3341; x_wconf 80' lang='lat' dir='ltr'>a</span> <span class='ocrx_word' id='word_1_321' title='bbox 152 3296 206 3343; x_wconf 85' lang='lat' dir='ltr'>tota</span> <span class='ocrx_word' id='word_1_322' title='bbox 226 3286 345 3342; x_wconf 74' lang='lat' dir='ltr'>Ecclesia</span> <span class='ocrx_word' id='word_1_323' title='bbox 364 3288 511 3342; x_wconf 82' lang='lat' dir='ltr'>doctrinam</span> <span class='ocrx_word' id='word_1_324' title='bbox 530 3284 692 3342; x_wconf 82' lang='lat' dir='ltr'>Cateclrtsnst</span> <span class='ocrx_word' id='word_1_325' title='bbox 710 3286 832 3350; x_wconf 73' lang='lat' dir='ltr'>Romani,</span> <span class='ocrx_word' id='word_1_326' title='bbox 846 3286 1013 3342; x_wconf 74' lang='lat' dir='ltr'>Tridentinae</span> <span class='ocrx_word' id='word_1_327' title='bbox 1032 3287 1128 3353; x_wconf 70' lang='lat' dir='ltr'>synodi</span> <span class='ocrx_word' id='word_1_328' title='bbox 1141 3291 1181 3340; x_wconf 85' lang='lat' dir='ltr'>ln-</span> 
     </span>
     <span class='ocr_line' id='line_1_38' title="bbox 117 3356 1183 3428; baseline -0.001 -14"><span class='ocrx_word' id='word_1_329' title='bbox 117 3365 250 3427; x_wconf 81' lang='lat' dir='ltr'>terpretis,</span> <span class='ocrx_word' id='word_1_330' title='bbox 268 3376 337 3428; x_wconf 88' lang='lat' dir='ltr'>qnae</span> <span class='ocrx_word' id='word_1_331' title='bbox 356 3363 423 3413; x_wconf 82' lang='lat' dir='ltr'>haec</span> <span class='ocrx_word' id='word_1_332' title='bbox 441 3368 493 3414; x_wconf 73' lang='lat' dir='ltr'>ests</span> <span class='ocrx_word' id='word_1_333' title='bbox 507 3382 519 3408; x_wconf 74' lang='grc' dir='ltr'>ι</span> <span class='ocrx_word' id='word_1_334' title='bbox 531 3358 660 3427; x_wconf 76' lang='lat' dir='ltr'>Quoniam</span> <span class='ocrx_word' id='word_1_335' title='bbox 678 3376 709 3414; x_wconf 81' lang='lat' dir='ltr'>ee</span> <span class='ocrx_word' id='word_1_336' title='bbox 729 3362 875 3415; x_wconf 80' lang='lat' dir='ltr'>accidentia</span> <span class='ocrx_word' id='word_1_337' title='bbox 895 3358 992 3415; x_wconf 80' lang='lat' dir='ltr'>Christi</span> <span class='ocrx_word' id='word_1_338' title='bbox 1011 3356 1134 3425; x_wconf 77' lang='lat' dir='ltr'>Corpori,</span> <span class='ocrx_word' id='word_1_339' title='bbox 1152 3366 1183 3413; x_wconf 84' lang='lat' dir='ltr'>et</span> 
     </span>
     <span class='ocr_line' id='line_1_39' title="bbox 118 3432 1182 3499; baseline 0 -14"><span class='ocrx_word' id='word_1_340' title='bbox 118 3432 243 3499; x_wconf 61' lang='lat' dir='ltr'>Sanguinl</span> <span class='ocrx_word' id='word_1_341' title='bbox 265 3435 403 3486; x_wconf 84' lang='lat' dir='ltr'>inhaerere</span> <span class='ocrx_word' id='word_1_342' title='bbox 421 3448 475 3486; x_wconf 86' lang='lat' dir='ltr'>non</span> <span class='ocrx_word' id='word_1_343' title='bbox 493 3438 613 3497; x_wconf 76' lang='lat' dir='ltr'>possunt,</span> <span class='ocrx_word' id='word_1_344' title='bbox 634 3436 793 3499; x_wconf 80' lang='lat' dir='ltr'>relinquitur</span> <span class='ocrx_word' id='word_1_345' title='bbox 811 3441 841 3487; x_wconf 90' lang='lat' dir='ltr'>nt</span> <span class='ocrx_word' id='word_1_346' title='bbox 859 3448 936 3498; x_wconf 70' lang='lat' dir='ltr'>supra</span> <span class='ocrx_word' id='word_1_347' title='bbox 949 3446 1056 3485; x_wconf 75' lang='lat' dir='ltr'>omnim</span> <span class='ocrx_word' id='word_1_348' title='bbox 1069 3440 1182 3485; x_wconf 82' lang='lat' dir='ltr'>naturae</span> 
     </span>
     <span class='ocr_line' id='line_1_40' title="bbox 118 3505 1181 3571; baseline 0.002 -16"><span class='ocrx_word' id='word_1_349' title='bbox 118 3506 238 3557; x_wconf 85' lang='lat' dir='ltr'>ordinem</span> <span class='ocrx_word' id='word_1_350' title='bbox 255 3507 312 3570; x_wconf 81' lang='lat' dir='ltr'>toea</span> <span class='ocrx_word' id='word_1_351' title='bbox 330 3520 378 3566; x_wconf 83' lang='lat' dir='ltr'>se.</span> <span class='ocrx_word' id='word_1_352' title='bbox 399 3507 471 3557; x_wconf 84' lang='lat' dir='ltr'>nnita</span> <span class='ocrx_word' id='word_1_353' title='bbox 491 3507 543 3556; x_wconf 90' lang='lat' dir='ltr'>alia</span> <span class='ocrx_word' id='word_1_354' title='bbox 567 3520 595 3558; x_wconf 88' lang='lat' dir='ltr'>re</span> <span class='ocrx_word' id='word_1_355' title='bbox 615 3509 692 3565; x_wconf 80' lang='lat' dir='ltr'>nisa,</span> <span class='ocrx_word' id='word_1_356' title='bbox 717 3514 874 3559; x_wconf 84' lang='lat' dir='ltr'>sustentent.</span> <span class='ocrx_word' id='word_1_357' title='bbox 896 3505 966 3557; x_wconf 86' lang='lat' dir='ltr'>llaec</span> <span class='ocrx_word' id='word_1_358' title='bbox 985 3513 1114 3571; x_wconf 75' lang='lat' dir='ltr'>perpetua</span> <span class='ocrx_word' id='word_1_359' title='bbox 1125 3543 1135 3570; x_wconf 88' lang='grc'><strong>,</strong></span> <span class='ocrx_word' id='word_1_360' title='bbox 1154 3511 1181 3562; x_wconf 85' lang='lat' dir='ltr'>et</span> 
     </span>
     <span class='ocr_line' id='line_1_41' title="bbox 118 3575 984 3643; baseline 0.001 -13"><span class='ocrx_word' id='word_1_361' title='bbox 118 3580 243 3630; x_wconf 75' lang='lat' dir='ltr'>consuas</span> <span class='ocrx_word' id='word_1_362' title='bbox 261 3578 310 3631; x_wconf 86' lang='lat' dir='ltr'>init</span> <span class='ocrx_word' id='word_1_363' title='bbox 328 3575 466 3633; x_wconf 77' lang='lat' dir='ltr'>Ecclesiae</span> <span class='ocrx_word' id='word_1_364' title='bbox 484 3576 603 3632; x_wconf 87' lang='lat' dir='ltr'>doctrina</span> <span class='ocrx_word' id='word_1_365' title='bbox 620 3597 645 3643; x_wconf 75' lang='lat' dir='ltr'>&#39;t</span> <span class='ocrx_word' id='word_1_366' title='bbox 659 3576 722 3632; x_wconf 80' lang='lat' dir='ltr'>Pars</span> <span class='ocrx_word' id='word_1_367' title='bbox 741 3578 776 3643; x_wconf 88' lang='lat' dir='ltr'>li,</span> <span class='ocrx_word' id='word_1_368' title='bbox 795 3594 822 3635; x_wconf 92' lang='lat' dir='ltr'>c.</span> <span class='ocrx_word' id='word_1_369' title='bbox 842 3581 871 3642; x_wconf 82' lang='lat' dir='ltr'>t,</span> <span class='ocrx_word' id='word_1_370' title='bbox 891 3594 919 3631; x_wconf 91' lang='lat' dir='ltr'>n.</span> <span class='ocrx_word' id='word_1_371' title='bbox 939 3579 984 3634; x_wconf 81' lang='lat' dir='ltr'>ll.</span> 
     </span>
    </p>
   </div>
   <div class='ocr_carea' id='block_1_6' title="bbox 0 0 1251 3909">
    <p class='ocr_par' dir='ltr' id='par_1_8' title="bbox 0 0 1251 3909">
     <span class='ocr_line' id='line_1_42' title="bbox 0 0 1251 3909; baseline 0 0"><span class='ocrx_word' id='word_1_372' title='bbox 0 0 1251 3909; x_wconf 95' lang='lat' dir='ltr'> </span> 
     </span>
    </p>
   </div>
  </div>
 </body>
</html>
