2475 3909
464 174 736 223 amunoroiouis
1020 154 1082 220 253

61 258 234 324 crescentis
261 258 387 323 animae
410 271 640 343 argumentum
654 270 713 333 est,
730 258 814 321 vires
830 256 862 319 in
878 256 996 321 maiori
1018 266 1121 322 aetate

55 341 195 406 maiores
217 342 227 379 ¹
247 363 275 404 n.
301 339 426 405 Exinde
448 343 546 406 etiam
569 362 643 427 pers
669 342 777 415 icitur,
800 337 963 422 quomodo
986 360 1024 403 or
1047 360 1125 403 ano·

54 442 129 486 rum
151 420 353 507 perturbatio
368 423 562 490 exercitium
586 362 768 488 intellectus
790 418 969 505 perturbet:
992 446 1010 485 u
1026 359 1124 487 behi-

55 504 172 569 litatur
202 504 385 569 intellectus
405 526 448 569 ex
469 505 610 571 laesione
639 504 778 570 alicuius
806 502 919 585 organi
946 502 1124 589 corporalis

55 586 216 661 indirecte,
231 585 263 649 in
302 594 436 650 uantum
458 585 497 650 ad
520 588 593 652 eius
607 587 831 671 operationem
847 584 1027 668 requiritur
1048 606 1125 672 ope-

55 669 139 733 ratio
161 688 273 733 seusus
316 666 442 732 aberitis
462 689 621 755 organum
636 671 682 731 ²».
699 665 749 733 Ob
761 664 909 731 eamdem
929 668 1124 732 rationema

55 751 274 834 causis,quae
297 752 330 812 in
351 769 408 813 cor
432 771 469 814 us
491 760 604 835 agunt,
626 748 859 833 intelligentiae
885 747 1027 813 evolutio
1050 770 1126 833 pen·

55 831 134 895 dere
156 830 292 896 dicenda
314 841 374 895 est.
427 852 483 895 aec
504 834 610 896 omnia
635 833 679 897 ita
701 853 727 895 s.
747 830 884 895 Thomas
908 832 1018 914 paucis
1040 852 1126 895 com·

55 914 219 999 plectitur:
233 936 250 974 ι(
266 913 348 978 Cum
363 914 472 977 anima
493 912 534 977 sit
555 914 661 977 forma
677 913 834 997 corporis,
847 932 1044 997 consequens
1065 923 1125 989 est,

56 994 145 1081 cpuod
167 1016 270 1059 unum
291 996 335 1061 sit
355 1016 423 1059 esse
445 996 583 1070 animae,
599 1005 632 1060 et
646 996 806 1080 corporis;
823 1003 855 1059 et
877 992 963 1071 ideo,
987 1014 1125 1080 corporo

58 1075 250 1163 perturbato
265 1097 324 1162 per
339 1075 481 1161 aliquam
502 1097 693 1161 corpoream
715 1078 909 1163 passionem,
923 1096 1053 1142 necesse
1078 1085 1127 1142 est

57 1158 146 1243 quod
161 1159 269 1224 anima
286 1178 345 1241 per
366 1159 505 1223 occidens
526 1157 748 1244 perturbetur,
769 1157 894 1224 scilicet
914 1170 1072 1244 quantum
1086 1156 1127 1223 ad

57 1262 140 1318 esse,
165 1238 252 1325 quod
274 1239 369 1305 habet
391 1241 424 1304 in
446 1260 583 1326 corpore
599 1242 610 1277 ⁸
628 1264 656 1306 n.

206 1376 274 1427 Aur.
296 1376 330 1429 V.
344 1406 378 1416 -
392 1374 482 1429 lactu
503 1393 578 1429 error
596 1394 630 1429 ex
649 1380 705 1428 lam¹
722 1377 834 1427 ostensis
852 1375 984 1425 refellitur

102 1484 173 1550 150.
190 1483 330 1549 Locliius
343 1485 404 1551 etsi
425 1486 565 1550 animam
587 1484 772 1571 simplicem
793 1504 862 1548 esse
885 1482 989 1547 lassus
1011 1483 1065 1560 sit,
1083 1493 1128 1548 ta·

58 1588 136 1632 rnen
157 1587 196 1629 ea
219 1577 385 1651 permotus
406 1569 545 1643 ratione,
560 1566 646 1651 quod
670 1587 732 1631 non
756 1585 869 1629 omnes
885 1564 1038 1628 materiae
1054 1584 1128 1650 pro-

59 1649 215 1734 prietates
231 1659 414 1734 perspeetas
429 1647 597 1724 babemus,
611 1649 644 1713 in
660 1648 798 1713 dubium
815 1648 991 1722 revocavit,
1004 1656 1127 1724 utrum,

60 1750 162 1795 necue
183 1729 348 1813 cogitandi
373 1733 421 1795 vis
442 1731 528 1795 inter
549 1730 763 1817 proprietatos
785 1729 953 1803 materiae,
976 1748 1059 1811 quae
1076 1750 1130 1793 no-

59 1812 113 1877 his
133 1824 318 1895 compertae
341 1834 404 1877 noo
426 1823 522 1887 sunt,
545 1833 656 1877 revera
679 1814 733 1886 sit,
756 1820 812 1875 aut
834 1809 947 1875 saltem
970 1809 1127 1877 divinitus

59 1914 133 1959 esse
145 1894 246 1978 possit
261 1896 285 1969 ⁶,
299 1893 414 1958 Loclrii
432 1893 593 1959 dubitatio
608 1914 627 1957 a
642 1892 817 1959 Woltairio
829 1894 854 1971 ⁵,
870 1890 1009 1975 aliisque
1030 1894 1132 1957 maxi·

61 1996 118 2039 mo
142 1975 256 2058 plausu
278 1988 412 2063 excepta
436 1974 511 2040 fuit.

107 2057 176 2121 151.
200 2056 298 2143 Prop.
324 2058 485 2122 Dubitotio
506 2054 616 2122 Locln'r'
637 2056 741 2136 [utilis
761 2066 816 2120 eet.

107 2137 275 2203 Probatur.
300 2138 340 2205 Ut
360 2151 448 2204 certo
470 2158 613 2203 asserere
647 2140 807 2223 possimus
835 2135 968 2221 aliquod
995 2135 1132 2203 attribu·

62 2231 136 2285 tum
157 2220 355 2287 substantiae
377 2222 522 2306 cuipiam
544 2239 738 2304 repugnare,
759 2240 824 2284 non
846 2219 1027 2303 requiritur
1048 2228 1084 2284 ut
1099 2238 1133 2282 o·

62 2301 157 2366 mnia
178 2302 275 2367 buius
295 2301 451 2370 attributa
473 2311 638 2387 perspecta
662 2301 756 2365 uobis
779 2303 853 2376 sint,
876 2299 930 2364 sed
954 2301 1081 2377 sufficit,
1096 2310 1134 2367 ut

62 2381 197 2467 aliquod
219 2406 321 2449 unum
346 2387 378 2450 in
400 2406 438 2447 ea
461 2398 549 2449 certo
575 2382 826 2468 dignoscamus,
850 2382 937 2468 quod
960 2402 1034 2446 cum
1057 2382 1131 2446 dato

64 2463 227 2531 attributo
248 2464 418 2532 euidenter
432 2477 566 2551 pugnat;
583 2486 656 2529 nam
672 2486 749 2542 una,
764 2463 940 2549 eademque
955 2465 1134 2529 substantia

63 2557 217 2611 constare
240 2551 355 2632 nequit
375 2570 417 2613 ex
438 2547 628 2621 attributis,
651 2568 733 2632 quac
756 2568 789 2610 se
812 2555 927 2610 mutuo
948 2545 1130 2612 destruunt.

63 2628 129 2703 lta,
153 2631 211 2695 etsi
229 2640 412 2713 geometrae
429 2629 570 2693 noudum
585 2648 694 2692 «omnes
708 2628 824 2693 circuli
841 2630 1056 2713 proprietates
1071 2629 1135 2693 cal·

63 2712 168 2785 leant,
182 2723 288 2775 tamen
312 2732 370 2796 pro
394 2733 428 2775 re
451 2723 538 2775 certa
564 2709 734 2795 explorata
756 2708 885 2784 babent,
901 2708 1134 2807 quadraturam

65 2794 157 2857 inter
177 2793 249 2857 eius
271 2794 486 2878 proprietates
502 2791 644 2857 nondum
667 2794 814 2877 cognitas
835 2792 971 2857 minime
992 2794 1135 2859 contine—

64 2874 113 2949 ri,
136 2876 259 2958 quippe
282 2874 337 2939 illa
352 2874 559 2940 rotunditatis
574 2874 764 2959 proprietati
783 2874 816 2937 in
833 2871 956 2939 circulo
972 2876 1037 2940 iam
1061 2896 1135 2960 per-

66 2966 199 3039 spectae
214 2955 381 3021 evidenter
393 2956 582 3043 opponitur.
592 2956 692 3039 Atqui
707 2955 861 3040 cogitatio
876 2976 948 3021 cum
966 2958 1050 3024 notis
1064 2976 1136 3040 pro-

67 3036 266 3123 prietatibus
288 3040 455 3114 materiae,
478 3059 592 3123 nempe
613 3040 814 3115 extensione,
830 3035 1069 3116 divisibilitate,
1086 3058 1137 3103 so-

69 3273 174 3334 fecttor,
189 3270 330 3333 repetenda
350 3278 401 3328 est,
421 3279 552 3335 quatenus
571 3286 667 3335 nempe
679 3271 706 3321 bi
722 3290 733 3319 r
750 3286 811 3323 cum
832 3274 947 3325 babeant
965 3289 1062 3339 corpus
1082 3292 1137 3328 me-

69 3346 125 3395 lius
142 3342 310 3429 dispositum,
325 3348 471 3394 sortiuntur
491 3347 608 3395 animatu
628 3347 735 3395 maioris
755 3346 859 3395 virtutis
879 3351 905 3396 io
926 3348 1094 3411 intelligendo
1111 3370 1136 3411 '3

70 3418 124 3522 ms
142 3422 192 3550 gip,
214 3487 270 3543 eit,
290 3499 317 3535 c.
337 3485 451 3535 22.-²
470 3490 500 3537 tn
519 3489 566 3537 ut.
588 3488 616 3538 tt
635 3490 672 3540 lte
691 3491 792 3549 Antra„
813 3490 877 3541 lect.
898 3486 957 3541 Vll.

110 3556 122 3593 ³
142 3556 187 3614 ΙΙΙ,
206 3571 234 3620 q.
254 3552 313 3617 XV,
333 3572 361 3609 a.
380 3559 397 3609 i
416 3556 510 3611 c.-·⁴
530 3560 580 3625 op.
600 3562 658 3619 cit,
678 3560 724 3611 lib.
746 3559 792 3621 tv,
813 3576 838 3612 c.
860 3562 888 3622 3,
909 3569 924 3622 s
945 3563 972 3613 6.

109 3619 221 3682 ³ltte'rn.
241 3632 271 3680 de
290 3629 317 3683 ln
334 3632 400 3695 pbit.
420 3635 452 3683 de
471 3633 587 3692 Newton,
608 3638 678 3697 part.
701 3632 722 3694 l,
745 3649 771 3685 c.
792 3636 820 3686 a.
