2475 3909
481 142 662 192 euronooia
1023 115 1063 181 37

83 227 153 294 105.
177 226 243 291 lam
268 227 417 312 pulcrum
439 227 584 295 naturale
608 227 641 292 in
663 242 867 309 corporeum,
889 230 922 286 et
977 216 1105 283 irituole

41 305 212 373 dividitur.
236 309 365 375 Etenim
388 330 444 373 nos
466 322 497 377 et
519 331 593 375 cum
614 312 647 376 in
670 329 705 371 re
725 324 881 388 corporea
894 324 947 366 mu
963 313 1009 366 tas
1031 319 1104 385 par-

39 400 87 454 tes
110 389 233 455 ailabre
267 390 494 469 concinnatas,
517 402 548 457 et
574 412 648 456 cum
676 392 708 453 in
736 384 912 454 substantia
939 380 1101 468 spirituali

39 470 135 556 plura
160 472 344 558 principia,
367 490 449 617 {puae
471 473 584 538 ordine
608 475 692 539 inter
717 493 749 536 se
773 468 1005 541 continentur,
1028 482 1104 558 con-

39 553 249 640 templamur,
271 574 368 639 quam
393 575 445 619 am
467 558 543 621 volu
568 567 665 621 tatem
685 548 954 639 persentiscimus.
979 544 1104 611 Pulcrr·

39 634 122 701 tudo
142 656 298 720 corporea
320 642 453 702 voc'atur
474 576 636 711 tenelius,
651 637 728 722 quia
742 633 781 699 ad
797 654 851 698 res
872 640 1006 726 spectat,
1021 646 1104 723 quae

39 736 106 812 ope.
125 738 276 781 sensuum
299 730 550 801 cognoscuntur:
575 717 752 806 spiritualis
773 736 851 781 vero
871 712 993 777 dicitur
1014 708 1103 774 autel·

37 796 199 945 {lapildssiss
222 799 302 917 qpia
324 820 434 865 rerum
455 803 588 889 propria
609 810 674 877 est,
695 820 779 885 quae
800 796 965 865 intellectu
988 812 1104 878 appre-

61 900 103 943 eu
129 901 172 944 uu
188 900 228 943 ur
259 927 266 942 .

80 961 151 1027 106.
175 958 264 1025 Deus
286 971 417 1041 autem,
441 986 569 1053 aquo,
591 973 628 1030 ut
652 985 678 1028 s.
701 967 752 1028 Au
798 962 902 1029 stinus
928 958 995 1033 ait,
1017 974 1104 1052 amnt

31 1042 184 1127 pulcrum
207 1054 251 1105 est
265 1046 292 1123 ²,
316 1049 436 1131 etqui,
457 1058 494 1114 ut
515 1068 540 1112 s.
563 1047 700 1113 Thomas
721 1066 758 1110 su
805 1044 843 1123 it,
865 1066 883 1105 a
906 1052 953 1107 est
974 1057 1104 1103 unirer-

37 1146 151 1189 sorum
173 1128 401 1194 consonantiae
422 1141 455 1197 et
476 1129 631 1195 claritatis
657 1130 780 1193 causa⁸
802 1150 843 1204 u,
866 1119 1103 1210 pulcherrimus

35 1206 171 1271 dicitur.
194 1208 308 1294 Neque
330 1216 499 1296 negotium
527 1212 628 1277 alicui
650 1208 798 1288 lacessat,
819 1206 907 1293 quod
929 1201 1103 1270 multitudo

37 1288 80 1386 acl
103 1290 262 1385 capitatam
283 1289 425 1372 redacta,
447 1314 531 1382 quae
552 1305 601 1360 est
623 1291 801 1358 essentialis
820 1300 895 1357 nota
910 1282 1103 1375 pulcritudi-

40 1391 106 1447 nrs,
130 1392 165 1435 rn
186 1370 279 1451 Deo,
301 1374 357 1460 qui
386 1375 645 1462 simplicissimus
672 1388 742 1452 est,
765 1396 784 1438 a
805 1372 899 1438 nohis
928 1369 1100 1454 cogitetur.

36 1453 137 1529 Nam,
160 1474 235 1518 cum
255 1456 351 1522 nobis
371 1471 495 1526 certum
510 1458 553 1523 sit
567 1456 689 1522 nullam
703 1455 969 1542 compositionem
985 1450 1019 1514 in
1034 1447 1103 1511 Deo

37 1554 119 1613 esse,
142 1535 246 1601 intelli
272 1538 355 1603 imus
376 1538 522 1607 infinitas
566 1537 773 1614 erfectiones,
797 1558 880 1625 quae
895 1536 929 1600 in
944 1534 992 1597 Eo
1014 1538 1101 1605 sunt,

35 1636 107 1683 esse
121 1619 228 1715 ipsum
242 1557 319 1684 lise
333 1621 403 1697 Dei,
417 1632 512 1707 atque
528 1561 708 1687 alsolutam
723 1623 878 1688 unitatem
890 1617 972 1683 Eius
983 1611 1103 1679 consti·

36 1710 142 1765 tuere.
167 1700 252 1765 Hinc
275 1724 333 1767 nos
355 1702 460 1768 Deum
482 1705 583 1771 veluti
606 1702 859 1788 pulcherrimum
875 1698 1100 1783 intelligimus,

36 1782 187 1879 Eumque
209 1783 465 1868 pulcherrimum
488 1788 711 1859 nominamus,
733 1786 812 1870 quia
831 1781 991 1847 inlinitum
1018 1774 1102 1841 mul·

36 1862 210 1931 titudinem
233 1865 465 1938 attributorum
488 1890 562 1934 cum
583 1866 731 1933 absoluta
751 1868 876 1933 unitate
895 1864 1101 1929 coniunctam

35 1946 72 2010 iu
93 1947 142 2011 Eo
164 1946 374 2035 intelligimus
389 1952 414 2015 ⁸.

436 2094 615 2162 CAPVT
645 2095 702 2160 vi.

219 2230 264 2297 tie
287 2228 466 2313 catenariis
486 2230 522 2295 in
542 2231 735 2297 uuiversum
754 2226 918 2313 spectatis

74 2376 147 2444 107.
171 2374 333 2440 Hactenus
354 2370 394 2438 de
416 2372 471 2449 iis,
494 2393 578 2459 quae
593 2371 634 2437 ad
648 2392 705 2437 ens
721 2370 898 2457 generatim
913 2370 1095 2436 considera-

30 2472 101 2525 tum
125 2456 297 2542 pertinent,
319 2453 541 2521 disseruimus.
566 2460 748 2539 Antequam
769 2451 808 2517 de
823 2453 960 2538 singulis
982 2451 1094 2519 decem

29 2540 205 2626 categoriis
226 2558 405 2603 sermonem
433 2537 686 2623 aggrediamur,
708 2538 786 2601 haec
811 2534 876 2601 duo
897 2538 985 2601 circa
1008 2539 1094 2621 ipsas

31 2625 66 2689 in
87 2623 275 2689 universum
291 2620 483 2705 investigare
499 2630 637 2707 oportet:
654 2618 687 2687 1⁰
702 2616 864 2705 quomodo
877 2638 933 2683 ens
948 2619 989 2684 sit
1006 2621 1096 2704 prin-

35 2884 246 2952 pulcritudinem
265 2882 409 2934 conciliare
428 2888 544 2946 postem,
558 2888 638 2948 atque
652 2889 741 2948 turpes
753 2898 810 2937 esse
822 2887 939 2938 actiones
956 2887 1097 2947 humanat,

35 2974 106 3025 quae
127 2971 141 3005 a
163 2956 337 3019 pronuntiatis
356 2956 466 3006 rationis
485 2958 617 3014 practicae
636 2957 784 3008 discedunt.

68 3034 77 3065 ⁴
113 3027 182 3080 llinc
201 3028 342 3079 reiicieuda
360 3028 468 3079 omuino
492 3036 532 3079 est
550 3030 640 3091 opinio
663 3030 787 3089 illorum.
815 3032 930 3095 quinon
949 3033 1021 3083 aliud
1042 3036 1101 3097 pul-

32 3117 126 3163 crum,
145 3102 194 3152 uisi
214 3101 284 3165 quod
304 3102 331 3149 in
350 3113 443 3150 senum
461 3101 583 3161 incurrit,
604 3108 759 3165 agnoscunt.
779 3102 847 3154 lluic
863 3106 997 3167 opinioni,
1018 3119 1098 3169 quae,

34 3179 144 3240 praeter
162 3171 303 3231 Semiatas,
324 3185 375 3227 noa
395 3186 494 3235 paucos
505 3171 597 3227 worn
616 3175 770 3237 discipulos,
783 3178 902 3239 aliosque
916 3180 969 3227 iam
983 3178 1100 3231 lautores

33 3248 141 3305 habuit,
163 3246 249 3296 litavit
269 3242 412 3309 lleglreliue
430 3238 593 3311 (mittatque,
613 3246 681 3297 trad.
701 3261 750 3310 par
768 3244 894 3305 Bernartl,
914 3247 985 3299 Parit
1007 3248 1099 3310 tacet,

32 3336 47 3371 a
70 3320 148 3370 cuius
166 3318 288 3367 doctriua
308 3330 361 3367 uon
380 3318 454 3369 ratde
473 3317 570 3369 ablusit
589 3314 748 3380 (liebertim,
762 3322 855 3384 θαρρῶ
873 3322 914 3371 ml
932 3321 1016 3379 Bello,
1030 3335 1056 3372 c.
1073 3325 1098 3383 l,

29 3409 57 3457 p.
78 3390 114 3444 30
134 3404 193 3454 0111»
214 3386 310 3451 Nepoti
332 3388 411 3440 tots.
513 3383 514 3389 '

64 3464 77 3503 ²
97 3462 214 3524 conlate.
235 3462 287 3517 tta.
305 3458 350 3517 tv.
371 3475 397 3511 c.
419 3460 463 3521 itt,
483 3476 511 3513 n.
535 3463 577 3523 te,
597 3467 625 3513 et
644 3465 693 3528 ορ.
712 3464 856 3522 mxlii,
876 3478 904 3529 q.
924 3463 970 3515 11.

64 3534 127 3585 ¹2²
146 3533 197 3591 2²².
218 3549 248 3598 q.
270 3528 372 3593 CXLV,
392 3547 419 3583 a.
439 3532 455 3583 1
475 3546 501 3584 c.

63 3602 132 3662 ‘Cf
148 3605 169 3670 l,
192 3621 220 3672 q.
241 3602 316 3669 lllll,
335 3620 362 3660 ι.
382 3606 400 3659 l
420 3604 451 3655 ad
472 3606 499 3670 ³,
519 3608 547 3657 et
566 3606 655 3659 Coun.
677 3608 763 3670 Geni„
783 3607 830 3660 lib.
850 3605 872 3671 l,
892 3623 918 3661 c.
938 3609 988 3664 tt.
