2475 3909
178 179 240 246 Μ
545 200 798 253 cnrrnmoaoam

139 292 216 361 tem,
239 293 295 349 ant
318 284 352 349 in
372 282 509 351 dubium
530 298 694 365 revocant,
709 300 766 355 aut
785 285 984 365 inficiantur;
1006 287 1091 355 unde
1112 288 1154 357 alr
1175 292 1202 357 p

137 376 261 430 storum
276 364 461 432 dissidentia
476 368 556 433 nihil
571 381 681 435 contra
694 372 866 437 veritatem
885 370 993 436 alierri
1009 370 1116 439 debet.
1139 374 1203 440 De-

138 447 237 532 nique
259 458 401 533 praestat
420 450 473 515 hic
493 452 589 517 etiam
618 451 795 527 adnotare,
818 456 983 538 oppositas
1008 454 1095 519 circa
1116 476 1202 521 eam-

138 525 210 593 dem
233 549 300 593 rern
322 530 585 617 philosophorum
607 536 779 621 opiniones
800 534 994 611 rationibus,
1016 556 1101 620 quae
1121 537 1201 623 legi-

137 608 250 685 timae,
271 621 305 676 et
325 613 421 677 simul
444 616 624 682 contrariae
645 618 721 693 sint,
745 638 809 683 non
831 636 922 701 posse
945 614 1074 694 sulcir13
1098 620 1200 704 siqui·

137 690 211 756 dem
225 694 377 761 veritates
390 696 563 763 rationales
577 710 651 763 sunt
665 697 822 763 identicae
836 700 860 775 ¹,
872 718 909 763 ae
923 699 1070 785 proinde,
1084 702 1112 765 si
1126 722 1201 767 con-

136 774 280 851 trariae,
302 787 334 842 et
356 798 450 864 pares
464 780 700 845 rationescirca
718 780 860 865 aliquam
882 780 1012 845 illarum
1037 792 1198 860 extarent,

135 854 215 919 haec
236 856 332 921 simul
355 870 448 934 essct,
469 870 501 925 et
523 882 587 927 non
608 871 703 927 essct.

178 936 246 1001 115.
270 938 376 1004 Obiic.
400 938 435 1004 2⁰
456 940 606 1027 Cognitio
628 943 775 1009 veritatis
796 942 937 1010 refertor
950 942 989 1008 ad
1004 942 1197 1022 subiectum,

135 1016 221 1102 quod
244 1039 314 1084 eam
336 1024 511 1107 cognoscit.
535 1026 622 1111 Ergo
652 1027 792 1097 veritas,
814 1036 912 1109 prout
937 1024 1082 1093 absolute
1110 1030 1145 1093 in
1166 1049 1199 1093 se

136 1109 196 1175 cst,
219 1121 236 1164 a
259 1100 353 1168 nobis
376 1125 413 1169 co
437 1108 524 1171 nosci
547 1130 608 1173 non
633 1117 747 1194 potest.

177 1182 245 1247 116.
269 1184 390 1273 Resp,
416 1124 496 1253 lutat.
519 1202 606 1266 ont„
630 1193 656 1256 si
679 1196 863 1274 spectetur,
885 1198 982 1275 prout
1000 1198 1049 1254 est
1070 1188 1198 1255 auectto

136 1261 272 1331 subiecti
294 1271 527 1354 cognoscentis,
541 1294 624 1337 conc.
639 1283 719 1350 ona,
731 1272 758 1336 si
777 1282 872 1355 prout
886 1282 1033 1336 versatur
1044 1270 1133 1335 circa
1146 1293 1199 1337 ve·

134 1345 263 1413 ritatem
287 1349 401 1434 ipsam,
422 1374 505 1439 quae
527 1356 746 1440 cognoscitur,
770 1372 838 1436 neq.
860 1365 924 1417 ont.
947 1354 1026 1436 Nep.
1049 1372 1133 1417 coar.
1156 1356 1199 1419 E·

135 1426 284 1495 nimvero
299 1434 404 1498 omnis
419 1437 559 1521 cognitio
582 1438 795 1502 necessariam
814 1433 1003 1500 relationem
1023 1432 1119 1500 lrabct
1133 1456 1196 1500 non

135 1510 239 1575 solum
255 1512 294 1576 ad
309 1516 589 1602 subiectum,quod
601 1521 778 1604 cognoscit,
790 1515 954 1581 sedetiam
965 1514 1005 1580 ad
1017 1514 1196 1593 obiectum,

134 1592 220 1676 quod
243 1600 458 1681 cognoscitur.
485 1599 553 1663 lam
568 1602 652 1685 ipsa,
667 1612 764 1686 prout
783 1597 823 1663 ad
837 1596 1020 1663 subiectum
1042 1596 1195 1674 refertur,

133 1674 232 1741 huius
254 1688 401 1744 naturam
423 1679 549 1759 induit,
566 1692 661 1768 atque
682 1680 756 1747 ideo
777 1677 965 1757 mutabilis,
986 1699 1090 1764 aeque
1110 1702 1150 1745 ac
1171 1682 1197 1744 i·

135 1756 221 1835 llud,
245 1771 304 1836 est;
328 1760 381 1827 sed
407 1774 502 1848 prout
524 1763 667 1829 refertur
693 1762 733 1828 ad
760 1760 948 1839 obiectum,
972 1762 1007 1825 in
1028 1780 1068 1825 co
1089 1764 1195 1848 posita

133 1851 194 1919 est,
215 1842 302 1926 qnod
325 1842 407 1911 illud
429 1843 571 1921 exhibet,
593 1846 689 1933 quale
712 1847 745 1909 in
765 1844 816 1909 sui
830 1850 944 1909 natura
966 1840 1113 1909 absoluta
1133 1856 1193 1921 cst,

133 1923 180 1988 ita
201 1937 238 1990 nt
259 1946 322 1990 non
344 1924 384 1991 ab
405 1927 627 1993 aestimatione
647 1927 828 1993 intellectus
849 1921 1000 2012 pendeat,
1020 1923 1076 1989 sed
1091 1924 1133 1990 ab
1147 1926 1196 2012 ip·

133 2007 179 2070 sis
201 2007 372 2092 principiis
393 2011 443 2074 rei
464 2011 626 2075 oriatur².
648 2006 866 2087 Quamobrem
887 2028 929 2071 cx
952 2027 1013 2082 eo,
1035 2006 1122 2091 qnod
1144 2028 1196 2073 co·

135 2087 239 2172 gnitio
262 2089 405 2155 veritatis
425 2091 614 2157 relationem
636 2091 676 2155 ad
698 2089 880 2155 subiectum
898 2087 1006 2165 habet,
1021 2088 1195 2154 humanam

133 2179 273 2265 mentem
300 2170 421 2236 nullius
447 2183 553 2240 certae
581 2174 778 2261 cognitionis
804 2190 956 2256 capacem
983 2190 1054 2235 essa
1079 2170 1195 2235 confici

134 2263 374 2399 nedlltobiic.
398 2332 432 2402 3⁰
454 2335 543 2401 Nihil
558 2334 761 2413 cateridens,
781 2342 952 2401 etcertum
973 2333 1043 2431 sine
1064 2333 1194 2431 demon·

132 2418 298 2483 stratione.
321 2418 421 2514 Atqui
442 2416 672 2486 demonstratio
692 2437 756 2483 non
778 2423 883 2505 potest
908 2415 1022 2481 confici
1047 2434 1115 2481 stne
1138 2415 1195 2481 alr·

132 2516 195 2581 qua
217 2501 463 2577 enunciatione,
486 2512 638 2583 quaeest
664 2522 705 2565 ex
727 2520 760 2565 se
780 2495 924 2575 evidens,
945 2508 978 2564 et
997 2496 1195 2564 demonstra-

131 2581 230 2645 tionis
252 2602 313 2646 non
334 2593 418 2667 eget.
441 2584 528 2667 Ergo
550 2582 629 2649 nihil
650 2583 729 2648 certi
751 2581 900 2668 cognosci
919 2599 939 2643 a
959 2579 1055 2644 nobis
1076 2592 1191 2666 potest.

173 2664 242 2731 118.
267 2662 377 2751 Resp,
400 2665 479 2749 Nep.
501 2664 590 2743 mai,
612 2684 696 2730 omre.
718 2666 795 2729 min.
823 2664 903 2745 Ncq.
926 2682 1007 2727 oona.
1029 2662 1133 2740 Sunt,
1157 2674 1193 2729 ut

132 2742 272 2808 vidimus
286 2746 310 2824 ⁸,
324 2745 483 2832 quaedam
497 2746 661 2823 veritates,
673 2766 756 2844 quae
770 2767 809 2813 ea
823 2743 895 2809 lucc
909 2746 1009 2810 menti
1024 2742 1191 2831 effulgent,

132 2836 170 2891 nt
190 2825 469 2896 demonstrationis
497 2849 599 2914 neque
622 2828 798 2914 indigeant,
825 2846 929 2911 neque
954 2846 1088 2912 capaces
1114 2829 1189 2894 sint.

132 2932 149 2969 a
173 2910 232 2985 Ea,
255 2908 294 2973 ad
316 2932 385 2975 rem
408 2912 514 2997 inquit
536 2930 561 2975 s.
584 2912 731 2988 Thomas,
753 2930 835 2996 quae
857 2908 1050 2975 naturaliter
1069 2911 1190 2975 rationi

131 3001 205 3055 sunt
227 2992 333 3067 insita,
356 2994 528 3063 verissima¹
549 3014 617 3059 esse
639 3003 773 3069 constat,
794 2994 967 3058 intantum
981 3003 1018 3057 ut
1032 3012 1089 3056 nec
1111 2990 1193 3057 falsa

132 3094 200 3139 esse
222 3075 264 3141 sit
286 3073 438 3159 possibile
460 3074 604 3159 cogitare
619 3076 633 3113 ⁴
648 3098 678 3138 n.
702 3076 744 3140 Et
761 3095 837 3140 sane
851 3074 925 3159 quis
938 3094 1095 3159 umquam
1116 3096 1193 3140 con-

131 3157 239 3244 cipere
266 3156 350 3223 valet
377 3168 478 3225 totum
507 3156 607 3225 alicui
635 3178 711 3223 snae
762 3160 824 3223 arti
844 3157 1001 3242 aequale,
1028 3158 1193 3222 circulum

131 3238 347 3324 quadratum,
372 3239 502 3325 aliaque
525 3239 558 3303 id
580 3241 707 3327 genus‘l
729 3178 865 3306 dossum
885 3240 976 3317 haec,
991 3250 1029 3306 ut
1049 3242 1098 3307 ait
1118 3238 1194 3305 Ari-

132 3322 258 3387 stoteles
273 3326 304 3401 ⁸,
326 3342 382 3387 ore
403 3320 568 3408 proferri,
592 3320 649 3391 sed
670 3322 760 3389 nullo
781 3331 874 3408 pacto
895 3334 1003 3392 mente
1029 3324 1191 3410 reputari.
1236 3343 1237 3372 t

1235 3431 1236 3474 t

168 3523 179 3562 ¹
199 3522 234 3579 Cl
249 3527 418 3594 ldeolnp.,'c.
439 3527 460 3584 l,
480 3542 506 3579 a.
526 3528 554 3588 l,
574 3542 601 3592 p.
622 3526 686 3582 10¹.
706 3533 762 3579 not.
784 3528 809 3579 l.
1233 3525 1235 3592 l

166 3593 232 3649 ²Gl
248 3614 275 3661 p.
295 3601 421 3652 ssed-³
442 3600 469 3651 Ρ.
490 3598 616 3653 flii-⁴
636 3604 723 3652 contr.
744 3602 832 3663 Gaul„
851 3600 898 3652 lib.
919 3598 941 3662 l,
960 3616 987 3652 e.
1009 3600 1035 3661 7,
1055 3612 1085 3648 n.
1109 3602 1134 3651 l.

167 3670 272 3731 tuter..
293 3672 338 3721 nn
360 3674 378 3733 t,
399 3686 424 3723 ο.
447 3672 490 3721 to.

2 3796 158 3864 A
