2475 3909
404 142 590 190 ranoxoora
616 142 804 191 narrantis
1033 122 1093 191 319

66 221 175 289 rantia
196 242 381 289 caussarum
404 223 614 300 naturalium,
638 224 689 288 vel
711 245 753 287 ex
775 221 989 301 sacerdotum,
1012 233 1068 289 aut
1084 224 1133 289 le-

67 306 261 389 gislatomm
283 304 409 381 fraude,
424 306 475 370 vel
490 328 532 371 ex
554 318 654 383 metu,
672 306 721 370 vel
744 328 786 370 ex
830 304 1040 372 raeiudieatis
1061 308 1132 388 opi-

65 387 234 533 ¹¹l⁰¹¹lb¹¹⁸p
251 388 337 473 Ergo
352 401 578 473 argumentum
601 388 721 453 morale
736 408 794 473 pro
808 328 870 452 laet
885 387 1056 453 existentia
1071 390 1132 452 mi·

68 488 160 532 name
184 492 222 534 va
236 482 279 536 ct.

110 550 164 615 55.
187 552 299 637 Resp,
322 570 388 633 nep.
411 564 474 616 ont.
498 553 539 618 Et
561 572 637 617 sane
664 550 695 615 1⁰
719 563 842 616 tantum
866 548 981 629 abest,
1005 560 1040 616 ut
1061 570 1134 636 per-

66 632 181 697 suasio
202 632 242 700 de
267 633 327 698 Dei
360 633 531 700 existentia
564 637 607 700 sit
638 645 853 700 commentum
880 654 921 697 ex
948 633 1133 717 ignorantia

63 734 255 782 caussarum
277 716 474 781 naturalium
495 725 618 791 natum,
643 726 678 779 nt
699 737 716 779 e
739 716 902 782 contrario
923 734 1034 778 rerum
1057 712 1134 801 pap

68 797 214 863 sicarum
235 799 424 884 peritissimi
448 799 594 863 eamdem
616 798 722 862 aerius
745 808 895 863 tueantur
909 799 932 860 ¹.
949 796 1020 873 Qua
1042 798 1075 859 in
1097 816 1133 860 re

65 879 273 943 verissimum
294 891 341 945 est
362 879 443 946 illud
458 881 638 945 Verulamii
662 879 816 944 allatum:
839 904 857 941 ‹<
880 877 1010 945 Philoso
1033 876 1086 941 bia
1099 896 1134 941 o·

64 960 155 1025 biter
167 961 266 1026 libata
282 983 301 1026 a
315 964 384 1027 Deo
405 962 554 1039 abducit3
570 964 700 1048 penitus
713 961 827 1026 bansta
849 959 975 1027 reducit
989 898 1031 1025 ad
1045 979 1134 1023 eum·

65 1041 143 1105 dem
166 1066 195 1106 n.
210 1043 246 1105 2⁰
261 1044 457 1121 Sacerdotes,
479 1058 512 1112 et
534 1046 643 1131 legum
665 1043 782 1110 latores
803 1043 877 1109 buie
899 1043 1048 1139 opinioni
1069 1040 1135 1106 ori·

66 1128 179 1209 ginem
200 1125 276 1191 dare
299 1148 362 1192 non
386 1138 571 1212 potuerunt.
595 1128 677 1193 Nam
700 1126 904 1191 sacerdotum
926 1124 1086 1191 institutio
1100 1144 1135 1189 0-

71 1207 240 1291 pinionem
262 1208 450 1275 Divinitatis
470 1208 623 1274 colendae
651 1207 815 1273 subaudit.
838 1208 1054 1293 Legislatores
1075 1226 1132 1271 au·

65 1303 135 1357 tem
157 1290 184 1353 si
206 1290 289 1356 banc
311 1289 454 1356 fabulam
469 1291 708 1367 confinxissent,
724 1290 781 1375 qul
797 1289 918 1355 iactum
941 1299 1000 1365 est,
1016 1298 1053 1355 ut
1067 1308 1136 1351 om-

65 1370 168 1436 nibus
181 1372 215 1436 in
229 1384 297 1438 toto
318 1374 397 1438 orbe
419 1372 602 1459 aequaliter
625 1373 660 1436 in
683 1384 822 1437 mentem
845 1372 983 1449 veniret3
1006 1381 1134 1437 etcum

65 1475 107 1517 ae
132 1454 198 1518 nali
220 1454 341 1540 ubique
363 1476 511 1521 successu
532 1454 798 1540 propagaretur?
818 1456 899 1521 Sane
922 1454 1041 1539 religio
1056 1472 1073 1515 a
1089 1451 1135 1515 le-

66 1474 279 1621 gidatoribus
309 1537 445 1603 conficta
477 1536 704 1623 gravissimum
732 1556 813 1600 onus
840 1532 925 1600 foret
946 1531 1134 1613 bominibus

65 1620 281 1701 impositum:
305 1631 457 1704 putamus
483 1640 523 1683 nc
546 1629 612 1682 tam
640 1617 773 1685 molesto
799 1616 908 1682 medio
935 1616 1071 1703 populos
1094 1616 1134 1681 ad

65 1697 305 1768 subiectionem
335 1700 486 1787 compelli
520 1700 644 1785 posse?
667 1701 693 1765 E
716 1700 903 1776 contrario,
923 1701 973 1766 uti
1000 1698 1135 1764 historia

66 1802 129 1847 nos
148 1781 259 1861 docet,
281 1782 498 1869 legislatores,
521 1802 596 1846 eum
618 1781 768 1847 viderent
790 1779 916 1868 plebem
939 1781 980 1848 ad
1001 1780 1136 1865 religio-

68 1886 145 1930 nem
168 1867 463 1951 propensissimam,
486 1862 646 1939 Deorum,
693 1885 750 1928 uos
772 1866 842 1950 ipsa
864 1874 935 1929 ante
959 1864 1137 1930 veneraba-

67 1961 137 2022 tur,
159 1948 351 2014 auctoritate
371 1947 460 2033 leges
481 1966 555 2011 suas
575 1955 685 2028 consta
711 1944 782 2011 ilire
804 1944 1046 2014 adlaborarunt.
1070 1944 1137 2011 lle·

67 2030 170 2113 nique
191 2051 250 2095 our
275 2030 354 2094 baec
385 2029 619 2115 imperantium
651 2026 740 2093 lraus
762 2048 781 2092 a
802 2030 995 2115 sapientiori
1024 2030 1135 2113 aliquo

66 2111 194 2177 detecta
215 2131 391 2197 numquam
412 2109 506 2176 fuit?
524 2108 560 2177 3⁰
581 2110 769 2195 Numquam
790 2110 888 2176 timor
910 2112 943 2177 in
966 2112 1135 2177 bominum
1190 2172 1193 2177 .

69 2192 235 2259 mentibus
261 2193 369 2259 ideam
390 2192 450 2259 Dei
473 2193 663 2278 ingenerare
692 2190 870 2277 potuisset,
894 2193 958 2259 nisi
981 2196 1046 2259 iam
1068 2195 1135 2280 ipsi

67 2272 191 2342 imbuti
212 2285 317 2343 essent
337 2272 525 2341 notionibus
547 2275 636 2349 insti,
659 2286 692 2340 et
714 2273 840 2353 iniusti,
863 2298 900 2341 ac
922 2276 1058 2362 proinde
1079 2296 1135 2341 uo·

67 2358 159 2423 tione
174 2380 211 2425 su
237 2358 319 2423 remi
340 2357 561 2443 Legislatoris,
577 2358 636 2443 qui
651 2358 787 2422 iniustas
808 2358 952 2424 actiones
974 2357 1135 2445 probibet,

69 2449 170 2526 atque
191 2381 235 2509 ad
254 2440 327 2506 illas
371 2439 553 2505 atrantibus
584 2459 704 2525 poenas
730 2441 859 2525 repetit.
884 2440 967 2505 Hinc
989 2450 1077 2537 patet
1097 2440 1137 2507 ti·

70 2542 195 2588 morem
217 2545 286 2590 esse
307 2459 477 2609 religionis
498 2521 664 2598 effectum,
680 2542 743 2587 non
765 2541 921 2587 caussam.
944 2521 1135 2600 Quinimmo

69 2602 173 2669 timor
191 2608 385 2673 atbeismum
405 2603 573 2669 induxisse
595 2604 704 2688 potius
725 2602 880 2670 dicendus
900 2615 965 2682 est;
981 2625 1054 2670 nam
1069 2626 1135 2670 sce·

74 2682 145 2751 lesti
160 2686 317 2764 homines,
338 2696 387 2765 ut,
409 2707 545 2753 excusso
567 2686 697 2763 timore,
714 2684 849 2753 liberius
873 2698 1052 2775 peccarent,
1071 2686 1137 2754 sibi

115 2769 277 2848 rsnadere
290 2779 447 2835 conantur
471 2768 598 2833 nullum
624 2788 692 2834 esse
718 2767 825 2835 Deum
846 2767 1046 2855 flagitiorum
1067 2770 1137 2836 vin-

96 2851 188 2915 icem.
204 2852 241 2918 4⁰
254 2850 372 2918 Nullus
392 2870 524 2936 prorsus
542 2849 742 2998 praeiudicii
765 2852 928 2918 character
949 2852 983 2917 in
1005 2872 1138 2939 persua-

72 2931 162 2997 sione
183 2931 223 3001 de
245 2934 307 2999 Dei
327 2934 500 3002 existentia
522 2956 541 2998 a
564 2943 631 3010 est;
654 2930 710 2997 sed
732 2934 894 3003 contraria
915 2955 1048 3020 prorsus
1070 2955 1138 2999 om·

72 3014 129 3080 nia
149 3014 308 3085 obtinent.
324 3016 531 3082 Praeiudieia
551 3015 640 3081 enim
662 3016 696 3080 in
718 3016 914 3101 quibusdam
935 3015 1135 3097 nationibus,

72 3118 254 3185 numquam
271 3102 305 3164 in
319 3109 387 3167 toto
410 3120 528 3185 genere
542 3098 682 3163 humane
703 3098 814 3165 eadem
828 3100 1049 3176 inveniuntur3
1065 3098 1137 3163 diu·

71 3182 230 3250 turnitate
264 3181 440 3269 temporis,
469 3193 502 3248 et
528 3180 727 3247 scientiarun
753 3183 879 3250 cultura
906 3184 1011 3247 mains
1038 3180 1138 3247 robur

71 3284 139 3329 non
162 3267 337 3350 accipiunt,
360 3286 380 3331 a
401 3261 656 3351 sapientioribus
678 3284 832 3354 persaepe
853 3279 1084 3352 agnoscuntur,
1106 3274 1139 3331 et

71 3347 207 3432 cognita
230 3349 315 3413 cerri
361 3357 448 3415 ntur.
465 3348 682 3423 Eeontrario,
698 3350 810 3435 opinio
830 3348 868 3413 de
890 3347 1062 3415 existentia
1076 3346 1138 3412 Dei

71 3449 136 3515 per
159 3441 263 3499 tetum
290 3452 329 3495 or
351 3454 403 3499 em
428 3430 567 3508 diliusa,
594 3430 797 3501 saeculorum
823 3451 995 3519 progressu
1021 3430 1136 3519 magis,

428 3562 754 3579 Q

113 3627 121 3662 ¹
142 3622 205 3677 Vid.
225 3643 252 3693 p.
273 3628 336 3693 312,
358 3634 413 3682 not.
436 3628 461 3689 l,
481 3631 508 3677 ct
526 3625 554 3676 2.
