2475 3909
396 167 582 215 xneeuoem
603 168 792 216 narvnnurs
1029 148 1091 216 3d5

68 251 121 314 nis
143 249 333 314 Damasceui
358 249 453 315 rerba
476 249 677 313 adhibemus.
702 249 961 314 «incircumscri
988 258 1051 324 tus,
1076 249 1130 313 ille

66 334 187 416 inquit,
203 331 262 396 Dei
287 331 430 416 Spiritus
450 335 561 395 omnia
585 333 667 396 intra
690 333 895 416 semetipsum
919 267 1030 405 baden
1046 351 1130 416 quae
1198 387 1200 397 .

67 426 175 480 tamen
197 428 230 480 et
252 413 416 498 implendo
437 413 628 490 circumdat,
645 425 677 478 et
699 411 930 478 circumdando
952 412 1081 495 implet:
1099 425 1132 478 et

66 495 257 562 sustinendo
281 495 488 572 transcendit,
511 493 819 561 et'trauscendende
842 497 1004 561 sustiuet¹
1023 517 1050 556 n.
1067 497 1131 562 lste

67 589 177 644 autem
201 591 291 643 vocat
313 577 527 644 Divinitatem
550 602 567 639 e
582 581 693 643 emnia
717 576 920 660 implentem,
943 577 1130 643 anullare

67 660 345 743 comprehensam,
362 660 427 724 imo
450 682 527 725 rere
551 661 655 744 ipsam
677 662 828 726 universa
851 659 1129 744 complectentem,

66 755 100 808 ct
122 742 349 816 coutinentem,
373 763 409 806 ae
431 739 694 828 praehabentem,
710 741 906 808 substantias
928 761 1038 805 omnes
1060 743 1130 807 sine

69 823 249 911 pollutione
264 834 498 909 penetrantem,
512 823 596 889 ultra
619 845 670 888 res
691 844 814 897 omnes,
827 835 860 890 et
872 825 1024 888 essentias
1039 824 1132 911 lenge

66 906 305 993 provectiorem
319 907 331 941 ²
348 928 376 968 n.

109 989 144 1056 3⁰
158 989 314 1064 Quamvis
335 989 487 1053 universa
508 999 689 1055 creatarum
713 1008 821 1050 rerum
843 1005 913 1050 com
940 1007 1015 1072 ages
1035 987 1131 1053 certis

66 1069 263 1155 quibusdam
284 1068 404 1135 duilius
425 1071 669 1154 circumscripta
694 1071 746 1145 sit,
763 1068 899 1154 ideoque
916 1006 1001 1134 Bous
1023 1070 1130 1136 linitae

67 1154 174 1219 solum
203 1173 311 1215 rerum
340 1154 488 1237 compagi
517 1162 591 1216 ecto
619 1173 769 1237 praeseus
796 1152 855 1227 sit;
878 1150 993 1216 Divina
1025 1165 1133 1218 tamen

70 1233 283 1310 immensitas,
297 1233 570 1319 quemadmodum
594 1233 690 1319 paule
707 1243 779 1299 aute
794 1234 974 1309 innuimus,
991 1233 1131 1300 aliorum

66 1315 308 1382 Attribnternm
322 1318 435 1391 instar,
454 1315 577 1384 infinita
592 1328 657 1389 est;
675 1337 747 1380 nam
770 1315 920 1380 omnibus
943 1314 1039 1381 rebus
1082 1337 1132 1380 es-

70 1396 201 1463 sibilius
223 1398 438 1484 praesentiam
452 1418 545 1463 suam
560 1396 734 1463 exhibendi
757 1400 910 1462 virtutem
926 1395 1050 1462 habaet.
1096 1421 1132 1464 x-

68 1478 146 1544 inde
168 1499 298 1566 queque
321 1480 517 1565 intelligitur
531 1480 636 1546 Deum
658 1479 699 1544 ab
721 1491 851 1545 aeterne
875 1478 1069 1545 immensum
1083 1501 1133 1546 es·

69 1583 123 1636 se,
145 1564 295 1647 quamvis
317 1561 467 1628 effectum
489 1561 614 1629 nullum
635 1572 729 1628 extra
750 1583 784 1626 se
807 1558 1037 1645 produxisset,
1061 1561 1132 1628 nul-

70 1643 160 1729 lique
205 1644 320 1710 roinde
342 1645 391 1710 rei
414 1645 615 1710 extrinsecae
639 1664 791 1732 praesens
811 1654 911 1719 esset3
936 1644 1013 1729 quia
1035 1645 1131 1709 nimi-

70 1747 146 1791 rum
168 1666 209 1793 ai
230 1737 362 1793 aeterno
387 1748 439 1792 res
484 1728 663 1804 reducere,
686 1725 830 1812 ipsisque
852 1723 963 1790 adesse
994 1735 1129 1812 peterat.

66 1809 184 1892 Neque
204 1832 244 1875 ex
266 1832 331 1885 ee,
353 1809 440 1894 qued
460 1746 550 1874 ileus
570 1811 708 1894 incipit,
732 1809 777 1872 ael
797 1807 907 1871 decinit
930 1829 990 1872 esec
1019 1809 1053 1872 in
1072 1829 1129 1882 re,

68 1891 216 1975 aliquam
240 1893 450 1959 mutationem
466 1892 535 1956 Dee
550 1893 704 1958 advenire
720 1892 814 1976 argui
833 1901 953 1974 potest3
971 1911 1043 1954 nam
1059 1890 1130 1965 hec,

68 1974 177 2039 aiente
200 1975 380 2060 Seraphyee
395 1973 545 2050 Deciore,
561 1999 577 2036 e
595 1975 699 2038 solum
721 1986 770 2038 est
791 1971 967 2037 secundum
990 1975 1037 2037 rei
1062 1991 1133 2036 mu-

70 2057 251 2134 tationem,
277 2079 339 2120 non
361 2053 537 2120 seeundum
562 2058 773 2121 mutationem
797 2055 902 2130 Eius,
925 2065 1059 2139 utputa
1082 2057 1130 2129 si,

68 2158 146 2201 aere
169 2138 363 2213 illuminate,
388 2139 591 2224 intelligatur
611 2139 714 2203 creari
739 2135 929 2224 crystallnS,
951 2136 1064 2202 radius
1087 2137 1133 2200 in·

68 2221 153 2304 cipit
172 2241 240 2286 esse
264 2221 295 2284 in
318 2240 383 2298 ee,
404 2231 448 2296 et,
470 2220 618 2307 crystallo
641 2230 774 2294 emoto,
797 2217 916 2285 desiuit
937 2239 1021 2294 esse,
1044 2216 1139 2283 nulla.

71 2301 155 2366 lacta
178 2303 354 2368 mutatione
378 2304 409 2366 in
432 2302 550 2368 radie‘
567 2326 596 2363 n.

111 2381 146 2448 i⁰
162 2381 249 2450 Deus
269 2396 360 2450 extra
383 2384 540 2449 mundum
562 2382 676 2448 eedem
699 2381 793 2448 erede
816 2395 875 2457 est,
890 2403 956 2468 que
979 2381 1060 2458 luit,
1077 2401 1132 2445 an-

107 2645 116 2680 t
138 2643 246 2699 noret,
267 2640 314 2690 lib.
333 2635 404 2695 ivi,
424 2652 450 2688 e.
470 2638 498 2688 5.
511 2635 567 2671 -2
587 2639 836 2697 venturorum..
856 2638 904 2687 lib.
925 2635 946 2695 l,
967 2651 992 2688 e.
1013 2639 1040 2688 Β.

108 2709 119 2750 ⁸
141 2735 152 2759 ι
175 2713 261 2772 iliud,
282 2716 369 2762 menet
390 2724 412 2761 s.
432 2707 636 2765 Beneventum,
657 2710 825 2772 cogitandum
843 2715 903 2767 esi,
923 2711 992 2774 qnod
1012 2707 1133 2760 Divinum

69 2789 138 2842 iisse
156 2789 224 2836 aierit
244 2799 296 2835 nou
315 2789 400 2847 potest
419 2782 528 2847 eogitari
549 2782 645 2832 habere
660 2785 803 2832 terminum
822 2784 848 2832 in
866 2782 1016 2839 durationem
1030 2785 1068 2834 sic
1082 2797 1133 2832 nen

68 2866 157 2928 potent
176 2859 297 2922 eogitari,
317 2869 366 2906 nee
385 2856 461 2905 debet
481 2853 577 2906 habere
596 2855 739 2905 terminum
761 2856 786 2904 ln
805 2856 952 2912 existentia,
967 2860 993 2904 et
1010 2869 1133 2917 praesen·

67 2935 193 2986 tialitate.
215 2927 249 2982 lit
268 2932 337 2981 sicet
354 2941 405 2978 nen
427 2934 511 2991 potest
536 2926 645 2990 eogitari
671 2927 768 2978 habere
794 2928 990 2977 intercisionem
1011 2928 1036 2976 in
1055 2929 1134 2978 dura·

65 3010 152 3062 tiene,
173 3005 210 3054 sie
229 3017 278 3054 nee
296 3004 323 3052 in
343 3000 563 3064 praesentialitate
586 3019 610 3059 ις
632 3001 710 3057 idid..
730 3013 757 3049 a.
779 3000 804 3058 i,
824 3015 851 3062 q.
872 2999 888 3050 3
907 3003 941 3050 od
960 3014 1017 3064 erp.

107 3077 118 3114 ⁴
138 3079 217 3135 idid..
236 3089 263 3125 a.
287 3077 312 3127 i.
332 3089 360 3136 q.
379 3073 395 3122 9.
416 3075 493 3124 reret.
515 3073 591 3129 item,
604 3072 826 3136 quemadmodum
844 3071 931 3122 subdit
950 3074 1005 3134 ipse
1025 3076 1132 3123 saueius

68 3149 185 3208 emtor,
208 3168 219 3195 ι
240 3163 303 3197 enm
324 3161 365 3197 res
384 3151 524 3204 meretur,
545 3144 628 3195 neem
648 3157 700 3194 nen
720 3144 844 3200 dimittit,
865 3159 913 3194 nee
933 3145 965 3193 ad
985 3141 1069 3194 Deum
1088 3158 1133 3194 ac·

67 3223 160 3280 cedit,
180 3235 230 3272 nee
248 3219 318 3272 Deus
336 3233 399 3269 enm
416 3232 445 3268 re
464 3223 555 3276 renit;
576 3221 638 3282 qnia
659 3218 696 3267 sie
715 3223 756 3266 ert
774 3217 800 3264 iu
822 3229 860 3271 re,
881 3221 909 3266 ut
929 3219 962 3266 sit
980 3223 1055 3268 extra
1075 3231 1131 3266 rem

67 3297 152 3353 idem3
174 3296 231 3345 ideo
249 3307 298 3344 nee
318 3287 446 3341 realium
465 3292 585 3347 dimittit,
605 3304 654 3340 nee
672 3303 769 3340 nerum
783 3288 891 3338 invenit.
912 3286 946 3339 lit
965 3289 1015 3340 lieo
1034 3295 1075 3340 eat
1093 3291 1134 3340 iu·

70 3368 218 3431 teiiigiiiie,
237 3369 259 3416 ai
277 3359 337 3428 qula
356 3369 441 3426 petent
454 3365 612 3428 intelligere,
626 3362 696 3426 quod
709 3359 779 3411 ilem
792 3363 825 3410 alt
839 3362 993 3420 immensus,
1008 3363 1130 3424 simplex,

68 3447 97 3491 et
117 3440 242 3490 inlinitus.
262 3437 327 3502 Quia
347 3437 418 3486 enim
436 3441 476 3486 est
496 3437 650 3492 immensus,
671 3435 705 3484 ita
725 3439 765 3483 eet
784 3434 863 3489 intra,
883 3434 951 3497 qued
970 3439 1056 3491 extra;
1069 3435 1131 3498 quia

69 3514 194 3574 aimpiex,
214 3511 360 3561 seeundum
379 3521 473 3566 uuum,
494 3514 521 3558 ct
540 3511 609 3559 idem
628 3513 667 3557 est
688 3509 764 3564 intra.
784 3511 811 3554 et
830 3511 914 3562 extra:
929 3507 991 3568 qnia
1005 3505 1131 3563 infinitus,

70 3587 131 3634 ideo
149 3599 199 3635 nee
217 3584 368 3639 dimittitur,
389 3595 438 3632 nce
459 3584 607 3644 aequiritur
626 3579 697 3630 alliud
717 3578 742 3628 in
762 3592 809 3634 re,
831 3591 879 3630 nee
898 3578 931 3628 ab
952 3577 1008 3638 lpse
1027 3581 1081 3630 itur
1099 3581 1132 3629 ai

70 3655 161 3724 ipsum
180 3670 242 3709 eum
261 3657 422 3716 dimittitur,
442 3659 472 3706 et
489 3654 569 3716 aiiii,
590 3658 618 3708 et
636 3653 698 3706 aiiii
718 3651 866 3706 inveniatur
888 3669 913 3714 η
934 3653 1000 3705 itte.
1020 3655 1055 3704 ad
1072 3665 1130 3719 erp.
