2475 3909
166 142 228 210 dil
406 166 411 172 ·
464 159 650 208 ruminum
676 160 863 208 uurvnacrs

169 247 239 312 155.
265 243 416 308 Diximus
438 244 479 306 od
499 265 545 320 eo,
568 266 644 329 quur
666 257 737 308 suut
759 245 893 310 obsolute
911 243 1104 326 possidiiin3
1130 261 1200 303 nam

125 349 178 404 ea,
193 348 278 411 quae
299 334 375 390 suut
396 324 544 401 obsolute,
558 327 621 390 aiae
644 327 832 391 intrinsecus
855 323 1075 409 impossibilia,
1092 321 1134 386 ad
1151 321 1201 384 lii-

125 411 221 474 vinae
234 408 500 491 Omnipoteutiae
516 407 681 472 obiectum
691 430 764 472 non
782 409 952 493 pertinent.
970 407 1020 471 En
1033 401 1200 490 quomodo

125 489 167 556 ad
189 490 271 554 hanc
292 510 361 554 rem
382 510 409 552 s.
432 488 571 553 Thomas
592 500 864 574 argumentatur:
886 513 904 550 u
921 490 1017 562 Hoc,
1040 485 1130 571 quod
1156 495 1202 579 epi

126 572 396 647 affirmationem,
419 580 452 635 et
473 573 678 654 negationem
700 593 768 636 esse
790 570 910 648 simul,
934 573 1096 635 rationem
1119 578 1200 632 enus

124 653 243 718 habere
266 673 329 716 nou
353 662 479 738 potest,
503 674 562 716 nec
582 655 681 719 etiam
704 675 767 718 non
789 655 873 718 eutis
886 673 895 729 ;
918 653 995 736 quia
1023 671 1096 714 esse
1120 648 1202 716 tollit

124 756 190 799 uon
212 745 341 811 esse,et
361 754 425 798 non
447 754 516 797 esse
537 734 623 800 tollit
643 755 727 798 esso:
755 735 841 800 unde
869 756 925 798 nec
949 731 1200 820 principaliter.

125 837 185 880 nec
206 839 248 881 ex
269 837 364 880 conse
389 816 477 879 uenti
502 825 603 900 potest
625 837 693 880 esse
709 819 866 882 terminus
882 815 1021 880 alicuius
1036 813 1201 898 potentiae

124 900 325 964 activae...
345 837 451 964 lum
473 895 561 962 Deus
588 900 631 962 sit
657 910 747 964 actus
775 900 937 974 maxime,
960 907 992 962 et
1019 895 1201 982 principale

125 1128 258 1177 versatum
278 1123 348 1172 sicut
366 1120 502 1183 perlectus
522 1121 617 1171 artifex
637 1135 667 1170 ea
688 1122 777 1170 omnia
798 1124 883 1184 potest
902 1119 1024 1180 allicere,
1045 1135 1120 1186 quae
1140 1136 1200 1174 suae

124 1197 189 1243 artis
207 1194 314 1257 propria
334 1201 405 1243 suut.
428 1190 474 1243 list
493 1198 583 1242 autem
605 1193 694 1244 Virtus
715 1191 805 1242 liiriua
834 1195 933 1244 intiniie
953 1195 1096 1258 perlecta,
1123 1201 1200 1259 atque

124 1268 247 1328 proprius
267 1262 332 1315 Eius
350 1265 460 1315 ellectus
479 1273 519 1315 est
545 1267 673 1329 quidquid
699 1267 779 1315 munet
804 1267 934 1317 rationem
958 1269 1037 1316 entis.
1063 1265 1150 1330 igitur
1171 1281 1200 1318 ea

124 1339 214 1387 omnia
235 1336 304 1388 Dens
324 1343 411 1400 polest
428 1337 555 1396 edicere,
580 1339 677 1401 quibus
703 1341 769 1388 ratio
792 1338 860 1387 eutis
885 1353 936 1387 non
961 1343 1105 1401 repugnat.
1128 1336 1199 1392 narn

123 1416 215 1461 autam
241 1411 310 1460 eutis
329 1411 361 1460 lis
379 1416 485 1461 tanturn
511 1417 662 1473 repugnat,
687 1423 756 1474 quae
781 1409 1016 1461 contradictionem
1049 1413 1198 1463 involvunt.

122 1479 254 1547 Quidquid
273 1495 338 1544 erqo
356 1482 593 1532 contradictionem
613 1495 667 1532 non
687 1483 818 1545 implicat,
837 1487 922 1544 potest
941 1498 957 1532 a
977 1481 1031 1532 [iao
1051 1483 1127 1534 fleri.
1149 1483 1198 1534 lan

122 1568 186 1606 raro
205 1557 288 1605 muita
306 1545 369 1604 sunt
387 1555 414 1603 in
434 1555 512 1605 rebus
530 1556 638 1614 creatis,
652 1567 732 1618 quas,
746 1557 768 1603 si
781 1560 881 1618 essent,
901 1557 1003 1606 nuliam
1017 1561 1197 1620 conceptuum

123 1640 240 1690 pugnarn
260 1626 439 1683 iurolrerent.
460 1628 531 1676 sicut
549 1631 622 1690 patet
641 1629 797 1691 praesertim
817 1627 888 1677 eirca
910 1641 1075 1686 numerum,
1096 1631 1199 1694 quanti·

121 1703 225 1756 tatem,
245 1705 274 1748 ει
292 1699 430 1748 distantias
449 1700 603 1758 stellarum,
625 1701 794 1761 aliorumque
813 1711 974 1763 corporum,
996 1701 1022 1749 in
1042 1702 1160 1762 quibus,
1179 1705 1196 1750 si

122 1773 204 1822 aliter
220 1785 248 1821 so
269 1771 379 1821 haberet
401 1770 466 1819 ordo
491 1784 600 1831 rerum,
627 1773 699 1821 nulla
724 1776 793 1820 esset
819 1771 1004 1822 contradictio.
1026 1768 1103 1824 llaec
1123 1773 1198 1837 igitur

122 1849 234 1906 possunt
253 1857 268 1894 a
288 1840 343 1893 lieo
361 1843 418 1892 lieri
436 1838 479 1910 (ci
493 1845 582 1893 contr.
608 1844 700 1901 Gaui..
722 1843 767 1892 tib.
791 1839 824 1899 tt.
844 1858 870 1895 o.
891 1843 949 1910 ιι).
971 1842 1009 1895 dd
1030 1843 1101 1895 haec
1117 1863 1130 1891 a
1147 1851 1196 1895 tou
1233 1899 1234 1905 χ

121 1918 191 1966 ratio
210 1915 320 1974 ordinis,
334 1928 416 1978 quarn
433 1916 538 1977 sapiens
557 1916 662 1965 rebnsa
682 1927 710 1966 se
730 1915 806 1965 lactis
827 1916 947 1979 imponit,
963 1930 977 1966 a
997 1916 1050 1965 line
1071 1919 1196 1967 aunitnr.

121 1984 232 2051 Quando
251 1989 330 2050 igitur
349 1983 408 2036 fluis
426 1992 467 2036 εει
487 1989 700 2049 proportionatae
720 1987 796 2036 rebus
816 1993 923 2050 propter
940 1988 1019 2038 linem
1040 1988 1140 2048 lactis,
1160 2003 1197 2038 sa-

123 2062 220 2122 pientia
241 2060 363 2110 facientis
378 2060 509 2107 limitatur
527 2060 559 2109 ad
579 2061 696 2123 aliquam
716 2059 922 2110 determinatum
942 2061 1077 2111 ordinem.
1092 2058 1144 2111 Sed
1157 2059 1196 2110 lti-

121 2134 183 2182 rina
202 2129 309 2182 Bonitas
327 2137 368 2182 est
387 2132 447 2182 linis
468 2133 765 2193 improportionabiliter
783 2133 914 2182 excedens
933 2146 974 2181 res
993 2137 1113 2183 creatas.
1128 2132 1196 2186 llods

121 2201 215 2254 Iiirtna
236 2202 371 2266 Sapientia
390 2217 442 2253 nou
461 2204 654 2253 determinatur
666 2205 698 2253 nd
711 2204 829 2266 aliquem
848 2205 967 2255 ordinem
981 2218 1086 2262 rerum,
1103 2211 1134 2254 ut
1148 2219 1195 2255 nos

122 2279 206 2338 possit
219 2277 287 2326 alius
299 2288 395 2326 cursus
408 2289 498 2325 rerum
511 2275 630 2326 eilluere.
646 2274 719 2328 Unde
732 2275 872 2326 dicendum
891 2283 932 2327 est
944 2277 1114 2340 simpliciter,
1129 2277 1194 2340 qnod

121 2345 193 2400 usus
211 2353 297 2411 potest
316 2350 367 2397 alia
389 2347 488 2407 lacere,
508 2361 588 2412 quarn
607 2361 677 2411 quae
696 2348 761 2397 iecit
777 2367 787 2391 ι
805 2345 838 2414 (l,
852 2362 879 2411 q.
894 2349 959 2406 cit.,
974 2363 1001 2398 a.
1016 2345 1087 2416 Sc).
1108 2345 1194 2399 Scien-

121 2420 185 2470 durn
205 2425 296 2469 antem
315 2425 355 2470 est
374 2418 552 2470 abaelardum
572 2420 597 2469 iu
617 2421 689 2469 lrunn
708 2432 826 2470 errorem
852 2421 987 2470 devenisse
1011 2433 1044 2469 ex
1065 2423 1193 2470 renuntia

121 2489 228 2543 liiodori
249 2488 329 2544 Croni
349 2490 399 2557 (ει
415 2487 485 2549 Cic..
507 2495 544 2542 dia
564 2493 637 2550 Fato,
658 2507 684 2542 c.
707 2489 750 2558 i).
771 2493 887 2554 quaein
906 2494 1006 2542 recenti
1027 2493 1192 2556 philosophia

121 2561 294 2624 llobbesium,
305 2562 455 2627 Spinosam,
469 2569 496 2613 et
508 2559 667 2614 llobinetum
681 2565 839 2627 praecipuos
853 2564 970 2614 ianitores
983 2564 1089 2622 habuit.
1102 2579 1192 2628 nempe

121 2649 175 2688 nou
194 2638 266 2687 alind
286 2638 408 2701 possibile
428 2650 504 2694 esse,
531 2649 612 2699 quam
631 2637 701 2699 quod
721 2642 767 2686 aut
786 2641 849 2694 εει,
870 2643 918 2686 aut
937 2637 1059 2686 loturum
1080 2639 1144 2688 crit.
1162 2637 1192 2688 Αι

121 2721 186 2760 rero
204 2708 272 2759 haec
290 2711 431 2767 sententia,
446 2714 632 2771 praeterquam
653 2710 722 2772 quod
742 2709 768 2758 in
788 2723 816 2758 ss
835 2709 947 2759 absurda
968 2714 1019 2762 εει.
1035 2709 1107 2758 ιοιιιι
1125 2711 1191 2760 enin
1232 2694 1233 2719 ¹

122 2794 203 2832 omne
220 2782 364 2832 discrimen
384 2784 453 2831 inter
472 2780 616 2843 possibile.
637 2787 664 2830 et
683 2783 808 2838 actuata,
828 2783 862 2832 ad
881 2780 994 2832 absurda
1010 2818 1016 2836 .
1037 2787 1123 2845 atqua
1142 2783 1193 2831 asi-

121 2855 207 2905 tiaiia‘
226 2855 391 2904 consectaria
420 2855 512 2912 ducit;
538 2866 602 2901 uam
629 2866 734 2902 omnam
756 2853 902 2904 libertatem
922 2859 949 2904 ει
969 2853 994 2901 in
1018 2853 1149 2909 homine,
1167 2857 1191 2902 ει

121 2927 150 2975 in
170 2924 223 2976 lieo
241 2925 375 2983 destruit.
395 2929 458 2989 quia
478 2928 523 2985 id,
542 2926 613 2988 quod
633 2930 674 2973 ost
694 2926 816 2986 possibile
834 2961 842 2983 .
869 2925 1018 2975 necessario
1041 2924 1191 2974 hninmodi

121 3004 173 3054 esta
189 2999 314 3062 possibile
332 3001 403 3047 enim
423 3003 450 3046 ει
469 2997 632 3060 impossibiie
651 2996 776 3046 dicuntur
795 2998 940 3047 secundum
966 2999 1189 3052 courenisntiaru.

122 3073 166 3122 rei
183 3071 385 3134 repugnantiam
398 3071 585 3128 terminorum
599 3074 627 3118 et
640 3070 698 3118 ideo
711 3070 732 3116 si
760 3081 810 3118 non
824 3069 894 3119 aliud
908 3075 948 3119 est
961 3069 1099 3131 possibile.
1112 3083 1189 3133 quarn

121 3144 193 3207 quod
212 3149 263 3200 est,
283 3147 330 3192 aut
349 3143 471 3192 futurum
484 3143 545 3198 erit.
560 3145 693 3203 sequitur,
708 3141 834 3204 quidquid
854 3147 905 3195 esi.
926 3146 972 3190 aut
992 3140 1114 3190 futurum
1133 3143 1188 3196 erit,

120 3229 180 3266 ease
198 3217 391 3265 necessarium.
410 3211 501 3277 Neque
522 3214 546 3262 id
565 3212 710 3261 diffitentur
730 3209 850 3274 Spinosa,
864 3208 1017 3269 llobinetus‚
1033 3214 1134 3278 aliique
1153 3226 1190 3262 rs·

121 3292 224 3345 centes,
237 3289 336 3349 quippe
354 3287 400 3348 qui
420 3286 471 3334 isac
490 3285 592 3334 theoria
606 3285 639 3333 ad
653 3286 836 3334 necessitatem
850 3285 992 3333 creationis
1006 3285 1188 3335 insinuandam

119 3362 245 3406 utuntur.
264 3354 363 3418 atqua,
385 3357 418 3406 da
435 3357 580 3412 veteribus,
599 3358 646 3418 qui
672 3357 830 3406 senteuiiaru
849 3356 921 3405 ittam
939 3361 1136 3416 asseruerunt,
1156 3358 1187 3406 tu
1231 3401 1232 3416 ,

121 3429 241 3487 loquitur
257 3441 281 3476 s.
297 3423 423 3477 Thomasz
441 3448 451 3472 ι
468 3424 544 3477 liatio
563 3427 642 3476 huius
662 3427 797 3489 positionis
810 3441 868 3477 ease
882 3429 996 3482 ridetur,
1011 3429 1083 3490 qnod
1101 3430 1186 3478 omnia

121 3509 155 3545 ex
175 3499 335 3546 necessitate
354 3500 539 3561 contingerent
557 3499 704 3546 secundum
724 3500 842 3562 aliquam
861 3501 1076 3549 commixtionem
1100 3513 1188 3550 unn-

124 3576 206 3613 ruma
223 3571 250 3615 et
268 3570 326 3624 ain,
347 3569 368 3616 st
388 3574 477 3619 omnia
498 3583 530 3619 ex
550 3571 710 3618 necessitate
729 3573 874 3628 eveniunt,
897 3573 1038 3633 sequitur,
1057 3571 1129 3633 quod
1149 3585 1186 3624 ea.

123 3646 194 3696 quae
213 3649 266 3687 uon
283 3641 421 3698 eveniunt,
435 3654 487 3690 uon
501 3639 625 3704 possibile
644 3647 684 3691 est
702 3653 760 3693 osse
777 3661 802 3703 't
819 3645 848 3694 tu
863 3641 907 3693 lii.
923 3644 962 3694 W
974 3644 1049 3703 diet„
1063 3643 1129 3694 lect.
1146 3640 1185 3694 lll.
