2475 3909
134 146 197 213 220
535 163 711 211 turnunott

86 245 146 315 'mo
167 248 368 335 significatur
382 250 406 314 ¹.
433 248 549 333 Atqui,
578 259 615 314 ut
637 250 764 333 signum
787 246 927 310 naturale
949 244 1012 311 diei
1043 244 1160 333 possit,

95 334 277 417 requiritur
289 330 477 398 huiusmodi
498 330 735 396 convenientia.
753 329 840 416 Ergo
856 330 986 395 nomina
1006 350 1069 394 non
1085 339 1161 393 sunt

95 415 186 501 signa
210 416 380 480 naturalia.

199 552 268 603 Aer.
284 550 328 601 lll.
344 550 480 604 -Utrnm
500 552 580 614 poenit
599 552 656 601 eine
675 564 798 601 sermone
816 552 942 614 cogitatio
962 550 1050 600 evotrt

134 660 186 724 76.
209 660 329 725 Omnes
353 662 385 723 in
406 680 446 724 eo
467 661 686 737 consentiunt,
709 656 795 755 quod
824 679 930 723 sermo
952 660 1094 727 maximo
1118 662 1161 724 sit

95 739 242 806 subsidio
266 742 366 806 menti
388 741 557 817 humanae,
572 754 609 808 ut
631 743 846 829 cognitionem
869 760 979 805 rerum
1002 740 1157 827 perficiat:

93 834 296 919 quapropter
310 825 528 889 controversia
543 829 629 889 circa
645 825 878 888 connexionem
896 820 1069 887 verborum
1084 844 1159 887 cnm

93 906 289 990 cognatione
312 906 346 969 in
368 927 407 971 eo
429 906 597 972 dumtaxat
618 907 776 981 consistit,
799 914 908 969 utrum
923 924 1031 981 necne,
1055 926 1160 971 sermo

93 990 137 1053 sit
158 986 361 1051 necessarius
381 988 421 1052 ad
444 990 661 1074 cognitionem
686 1008 795 1052 rernm
818 984 1064 1072 adquirendam.

133 1069 231 1155 Prop.
257 1068 302 1131 1⁸.
325 1071 435 1136 Sermo
461 1092 521 1134 nort
541 1082 583 1134 est
603 1069 793 1135 incensarios
821 1070 860 1133 ad
881 1070 1086 1156 adquirendos
1105 1092 1161 1134 no-

94 1153 192 1215 tiones
213 1150 395 1228 abstractae,
418 1164 446 1217 et
466 1156 618 1237 generales
639 1174 757 1217 reram.
801 1196 805 1205 ·

138 1233 297 1298 Probatur
329 1236 504 1320 praecipue
531 1248 642 1301 eontra
672 1236 718 1299 De
746 1233 866 1302 Bonald
882 1237 912 1311 ²,
936 1245 968 1301 et
989 1232 1159 1299 nonnullos

92 1315 177 1379 alins
198 1314 373 1399 rigidiores
403 1318 692 1383 Traditionnlistas.
718 1313 751 1382 1⁰
771 1316 861 1392 Nos,
889 1314 1159 1403 quemadmodum

92 1419 135 1461 ex
157 1397 251 1464 dictis
274 1407 373 1482 patet,
397 1400 602 1485 adquirimus
626 1401 774 1465 notiones
795 1397 986 1475 abstractas,
1009 1406 1041 1462 et
1063 1419 1161 1485 gene—

92 1481 188 1556 rales,
203 1492 361 1564 quatenus
382 1484 554 1548 essentiam
577 1483 718 1548 alicuius
737 1480 817 1545 reia
833 1481 1076 1547 conditionibus
1092 1503 1160 1547 ma-

93 1560 262 1629 terialibus
282 1561 478 1629 denudatam
499 1565 746 1647 cognoscimus;
770 1572 865 1647 atque
888 1562 928 1627 ad
949 1564 1008 1629 hoa
1030 1562 1159 1630 duobus

90 1643 286 1729 indigemus,
302 1646 435 1724 scilieet,
459 1657 495 1711 ut
515 1646 679 1715 obiectum
700 1665 733 1708 se
757 1644 848 1711 sistat
870 1646 962 1711 nolris
983 1666 1044 1743 par
1058 1648 1159 1731 phan-

89 1737 202 1799 tasma,
217 1736 249 1791 ct
270 1728 394 1793 lumine
417 1727 643 1805 intellectuali,
659 1744 724 1811 quo
746 1730 916 1793 essentiam
938 1726 1057 1793 obtecti
1079 1749 1160 1793 con-

88 1806 269 1876 ditionibus
296 1812 448 1876 materiae
481 1811 694 1896 expoliamus
725 1809 823 1952 Atqui
852 1811 1039 1895 phantasma
1061 1810 1159 1875 conli-

91 1893 179 1957 er‘tur
200 1910 259 1975 per
283 1894 572 1979 imaginationem,
595 1912 679 1977 qnae
701 1901 749 1955 est
781 1893 907 1957 acuitas
929 1894 1067 1957 sentiens
1089 1894 1158 1957 ani-

90 1996 180 2050 mae,
208 1984 240 2038 et
266 1974 375 2039 lumen
404 1975 619 2040 intellectuale
648 1984 696 2039 est
725 1970 905 2039 intellectus
933 1994 1030 2059 agens
1055 1976 1158 2059 ipsius

90 2057 230 2121 animae.
246 2059 333 2141 Ergo
348 2058 454 2121 anima
474 2060 612 2121 hnmana
635 2054 780 2139 adquirit
801 2059 947 2122 notiones
969 2053 1154 2133 abstractas,

88 2150 121 2203 et
143 2140 307 2223 generales
329 2160 439 2203 rerum
460 2160 524 2203 non
547 2159 608 2225 ope
632 2139 812 2215 sermonis,
836 2138 891 2203 sed
916 2136 1042 2206 uiribus
1065 2150 1157 2206 natu-

90 2220 204 2284 raliter
226 2220 287 2284 sibi
311 2222 427 2286 insitis.

129 2304 179 2365 rt.
203 2300 334 2367 Exinde
356 2313 444 2388 patet
465 2322 667 2379 sermonem,
690 2321 764 2376 seu,
787 2313 825 2366 nt
845 2303 957 2380 aiunt,
983 2304 1157 2371 institutio-

90 2404 163 2448 nem
178 2383 344 2461 socialem,
361 2406 423 2449 non
446 2383 542 2447 modo
564 2406 626 2449 non
650 2404 717 2447 esse
737 2405 866 2449 causam
890 2385 1084 2456 effectricem
1100 2408 1158 2452 no-

90 2477 175 2532 strae
197 2468 416 2552 cognitionis,
438 2466 492 2529 sed
516 2489 555 2531 ne
577 2464 795 2533 conditionem
817 2466 974 2552 quidem,
996 2470 1065 2533 sine
1112 2490 1155 2535 ua

90 2548 146 2613 illa
167 2552 305 2623 existere
329 2571 391 2614 nnn
415 2560 530 2633 potest.
555 2550 637 2614 Nam
656 2549 795 2612 conditio
822 2551 886 2614 siae
909 2570 969 2636 qtae
990 2570 1051 2615 aaa
1073 2490 1158 2617 illud

89 2628 222 2711 dicitur,
236 2632 337 2719 quod,
353 2634 413 2697 etsi
437 2631 476 2697 ad
497 2632 649 2696 ellectum
670 2630 915 2729 producendum
938 2654 1000 2698 non
1022 2654 1157 2700 concur-

89 2725 289 2790 rat,-tamen
314 2714 476 2786 eiusmodi
500 2727 569 2791 est,
593 2723 629 2778 at
651 2734 721 2778 Stur.
748 2734 785 2777 ea
805 2714 939 2781 allectus
968 2715 1079 2780 haberi
1101 2740 1156 2783 ne-

86 2807 195 2879 queat.
219 2799 318 2879 Atqui
339 2798 447 2873 homo,
469 2797 517 2861 nti
532 2807 694 2861 ostensam
715 2807 775 2871 est,
799 2798 947 2862 notiones
967 2818 1078 2864 rerum
1099 2802 1157 2865 ad-

87 2878 218 3025 quirere
240 2890 355 2965 potest,
368 2878 498 2943 etiamsi
521 2880 647 2963 ignoret
668 2898 776 2955 voces,
799 2880 920 2976 quibus
942 2882 1031 2967 ipsae
1050 2882 1155 2967 signi-

111 2971 236 3027 cantur.
264 2963 376 3027 Sermo
398 2962 502 3046 igitur
534 2981 597 3024 non
625 2971 672 3026 est
697 2961 853 3035 conditio,
883 2966 952 3028 sine
975 2984 1040 3049 qua
1063 2985 1155 3031 mens

86 3045 306 3143 cognitionem
328 3064 438 3107 rernm
460 3043 633 3127 adquirere
656 3046 779 3130 nequit.
796 3044 989 3121 Quinimmo
1012 3045 1082 3131 ipsa
1101 3067 1158 3113 eo-

89 3128 192 3211 gnrtio
213 3128 261 3194 rei
284 3136 333 3192 est
353 3123 509 3203 conditio,
532 3126 601 3191 sine
623 3147 687 3212 qua
708 3147 814 3191 sermo
835 3129 975 3193 existere
997 3148 1061 3193 nnn
1083 3142 1156 3215 pot-

89 3222 162 3288 est;
184 3232 258 3276 nam
281 3207 417 3275 verbum
445 3209 612 3287 exterius,
637 3218 784 3275 monente
806 3230 832 3273 e.
857 3212 1065 3297 Augustino,
1089 3234 1157 3279 non

128 3421 138 3458 ¹
158 3418 192 3474 Cl
209 3424 321 3486 Arnon„
340 3427 471 3478 Ade'ereua
490 3428 599 3484 Gentes,
622 3428 667 3477 tib.
690 3427 719 3487 l,
740 3443 768 3493 p.
788 3429 833 3488 36,
854 3426 937 3495 Lugd.
957 3428 1049 3483 Beier.
1072 3435 1154 3495 1651,

89 3501 118 3546 et
137 3508 160 3547 r.
181 3494 262 3560 Aug„
283 3501 324 3550 De
343 3501 434 3550 Daetr·
456 3502 561 3560 Clre'm,
581 3500 629 3551 lib.
652 3498 685 3561 ll,
705 3515 731 3552 o.
751 3502 778 3561 2,
799 3517 826 3553 n.
845 3502 873 3553 3.

123 3565 136 3603 ²
153 3569 306 3622 ueterano
313 3572 411 3636 pitter.
430 3586 477 3624 aar
495 3573 532 3623 ter
547 3578 676 3639 premiere
688 3574 767 3641 adiere
777 3578 822 3629 tter
833 3578 1014 3632 sonantesque.
1028 3580 1155 3643 moratae,

85 3652 115 3694 e,
138 3638 166 3701 2.
