2475 3909
156 191 214 258 tto
521 209 751 260 naunuuocrn

112 295 266 360 scientiae
289 294 438 370 actualis,
459 311 493 358 so
515 315 577 360 non
600 299 633 362 in
657 295 721 360 alia
746 318 793 373 re,
816 319 899 394 quae
915 300 1001 364 inter
1016 300 1130 386 ipsam,
1146 311 1181 367 et

111 377 283 474 essentiam
305 396 396 440 suam
418 373 607 473 mediaest,
629 379 686 444 sed
713 381 745 443 in
770 401 803 443 se
826 401 895 465 apsa
919 402 977 465 pec
996 383 1179 468 simplicem

112 478 355 524 conversionem
378 478 476 541 supra
498 479 638 544 seipsam
659 461 800 546 inspicit.
877 481 885 523 t

153 541 211 604 llis
234 539 456 624 praestitutis,
480 539 513 603 in
537 544 654 626 primis
679 541 899 607 deliniendum
927 543 1020 608 nobis
1048 557 1119 621 est,
1143 567 1181 609 u-

112 633 197 766 pum
224 621 421 686 conscientia
448 623 489 686 sit
515 625 666 708 specialis
687 624 824 689 facultas
851 624 1003 690 distincta
1024 624 1066 688 ab
1087 628 1181 691 intel-

123 714 209 769 ectu.

154 786 221 852 137.
245 785 308 849 Pro
336 833 343 846 .
368 783 562 849 Conscientia
593 807 654 854 uon
685 799 728 852 est
750 787 890 872 specialis
911 786 1044 869 [ocultus
1066 787 1182 853 distin-

112 877 161 928 cta
182 868 219 930 ab
242 805 396 932 intellectu
412 868 434 928 ¹.

157 949 312 1014 Probatur
333 960 443 1013 contra
467 947 621 1016 Reidiam
636 955 671 1027 ¹,
696 952 842 1035 aliosque
871 960 1014 1014 recentes
1040 951 1182 1035 philoso-

113 1033 202 1119 phos.
226 1030 276 1094 Ad
299 1027 523 1116 explicandam
547 1035 764 1117 cognitionem
786 1031 926 1096 alicuius
941 1031 1059 1098 obiecti
1078 1033 1181 1097 lacul-

113 1127 159 1179 tas
181 1113 332 1198 specialis
355 1111 517 1176 inanima
540 1111 738 1178 admittenda
762 1135 824 1177 non
847 1120 906 1190 est,
929 1115 955 1176 si
979 1114 1049 1198 ipsa
1070 1112 1109 1177 ad
1133 1115 1182 1180 la-

113 1196 265 1260 cultatem
287 1195 352 1257 iam
368 1193 530 1277 cognitam
546 1195 658 1260 reduci
675 1208 778 1282 potest
790 1196 811 1258 ⁸.
836 1194 935 1280 Atqui
951 1195 1096 1277 cognitio
1111 1207 1180 1261 tum

112 1277 301 1352 habitualis,
323 1288 392 1342 tum
415 1274 561 1351 actualis,
577 1298 661 1361 quae
677 1299 735 1362 per
750 1278 978 1341 conscientiam
1001 1275 1180 1354 obtinetur,

112 1358 151 1423 ad
176 1357 374 1423 intellectum
398 1355 573 1420 reducitur.
602 1361 688 1442 Ergo
711 1358 909 1423 conscicntia
931 1367 1095 1441 tamquam
1109 1379 1183 1444 spe-

112 1441 205 1505 cialis
226 1438 363 1504 facultas
385 1437 425 1501 ab
447 1437 611 1504 intellectu
636 1441 785 1507 distincta
807 1439 933 1502 admitti
958 1441 1082 1523 nequit.

154 1523 223 1588 138.
248 1522 360 1586 Minor
381 1523 427 1584 ita
449 1519 699 1588 demonstratur:
718 1523 750 1585 1⁰
765 1521 948 1586 llabitualis
970 1521 1180 1594 conscientia,

112 1625 169 1669 sen
191 1602 376 1688 dispositio,
399 1621 463 1686 qua
486 1603 594 1665 anima
611 1603 649 1668 ad
666 1607 729 1681 sui,
753 1622 950 1686 suorumque
972 1612 1105 1666 actuum
1127 1622 1182 1667 co·

113 1686 293 1770 gnitionem
316 1682 496 1748 habendam
517 1683 641 1778 pollet,
665 1707 706 1750 ex
727 1705 766 1748 eo
787 1684 1014 1759 constituitur,
1038 1681 1124 1768 quod
1147 1705 1182 1747 a·

113 1768 199 1830 nima
221 1775 269 1831 est
291 1785 441 1849 praesens
462 1763 524 1828 sibr
549 1765 557 1829 i
584 1767 625 1842 si,
647 1779 746 1852 prout
767 1775 815 1830 est
837 1765 1002 1830 intellectu
1017 1762 1178 1850 praedita,

112 1845 288 1932 siquidem,
311 1868 387 1911 cum
408 1785 596 1910 huiusmobi
620 1848 673 1925 sit,
690 1859 737 1912 cst
754 1847 988 1922 immaterialis,
1012 1865 1049 1909 ac
1071 1848 1182 1930 proin-

112 1929 151 1993 de
174 1927 300 2015 aliquid
334 1926 553 2013 intelligibile.
576 1929 738 2005 Quocirca
766 1927 964 2003 habitualis,
985 1947 1050 2012 qua
1071 1929 1181 1991 anima

112 2011 221 2096 pollet,
245 2010 294 2074 sui
319 2011 421 2094 ipsius
442 2010 640 2077 conscientia
661 2033 703 2075 ex
725 2013 796 2096 ipso
819 2008 984 2074 intellectu
1004 2008 1181 2095 repetenda

111 2103 169 2157 cst.
194 2117 212 2155 u
235 2093 286 2156 Ex
307 2090 366 2155 hoc
389 2094 473 2176 ipso,
498 2093 606 2176 inquit
628 2114 653 2157 s.
678 2093 826 2168 Thomas,
848 2090 935 2175 quod
960 2092 1100 2155 essentia
1122 2111 1181 2154 saa

110 2184 159 2239 est
181 2172 244 2237 sibi
270 2190 442 2254 praesens,
466 2184 514 2238 est
536 2183 648 2268 potens
680 2174 771 2238 exire
795 2175 828 2237 in
851 2183 959 2238 actum
981 2173 1181 2257 cognitionis

112 2257 162 2320 sui
187 2253 197 2320 i
224 2253 316 2318 sius*
340 2277 368 2316 a.
391 2252 426 2316 2⁰,
448 2253 622 2338 Cognatio,
645 2276 709 2342 qua
731 2254 840 2318 anima
867 2273 927 2338 per
948 2253 1181 2318 conscientiam

111 2275 269 2404 actualem
292 2334 424 2418 gaudet,
448 2355 551 2399 exeo
574 2339 692 2414 oritur,
713 2334 801 2422 quod
825 2337 895 2421 ipsa
920 2355 1016 2421 supra
1038 2335 1180 2420 seipsam

110 2417 320 2484 convertitur.
348 2417 447 2502 Atqui
475 2419 582 2481 anima
609 2419 675 2484 vim
701 2438 800 2503 supra
824 2417 965 2502 seipsam
994 2413 1182 2481 rellecteudi

111 2499 206 2566 habet
228 2519 270 2565 cx
291 2517 343 2573 eo,
366 2496 453 2582 quod
475 2497 640 2566 intellectu
665 2498 774 2585 pollet,
798 2500 867 2564 sive
889 2521 931 2565 ex
949 2520 1001 2574 co,
1023 2497 1110 2582 quod
1130 2507 1182 2562 est

113 2578 362 2656 immaterialis;
386 2601 460 2644 narn
489 2578 664 2647 substantia
695 2581 896 2658 materialis,
919 2582 965 2648 uti
990 2591 1099 2664 postea
1126 2578 1181 2643 de·

113 2659 386 2739 monstrabimus,
409 2674 543 2728 nonest
564 2683 666 2748 capax
696 2663 881 2730 reflectendi
905 2683 1002 2748 supra
1024 2663 1178 2747 seipsam.

102 2745 199 2828 'Ergo
222 2746 277 2811 illa
299 2744 444 2827 cognitio
466 2740 505 2805 ad
530 2744 637 2828 ipsum
661 2745 859 2811 intellectum
880 2744 1061 2812 reducitur.

153 2827 220 2892 139.
245 2823 340 2902 Quod
373 2835 482 2889 autem
515 2837 638 2908 spectat
670 2826 710 2891 ad
743 2827 909 2892 obiectum
941 2827 1180 2896 conscientiae,

112 2907 190 2974 haec
212 2903 437 2992 investiganda
453 2904 545 2970 nobis
559 2920 647 2974 sunt:
665 2906 698 2972 1⁰
713 2917 822 2974 utrum
836 2909 1001 2976 obiectum
1015 2910 1182 2972 conscien-

112 2990 177 3056 tiae
199 2992 264 3054 sint
286 2986 456 3052 dumtaxat
482 2995 573 3052 actus
594 2990 747 3067 animae,
772 3013 811 3055 an
833 2995 930 3059 etiam
955 2993 1024 3076 ipsa
1046 2990 1179 3065 anima,

111 3091 194 3156 quae
217 3071 349 3136 illorum
376 3066 558 3133 subiectum
581 3081 652 3147 est;
674 3070 710 3134 2⁰
732 3083 843 3138 utrum
869 3076 934 3140 sint
959 3073 1002 3138 ali
1027 3093 1087 3137 uae
1108 3093 1183 3158 pcn-

112 3157 292 3240 ceptiones,
315 3169 398 3237 quae
421 3147 463 3213 ab
485 3153 592 3214 anima
607 3172 671 3216 non
687 3157 969 3242 appercipiuntur,
990 3093 1085 3231 ibeo,
1100 3176 1184 3239 qua-

148 3383 155 3417 t
180 3402 190 3425 ι
214 3380 388 3438 intellectus,
410 3379 448 3430 ait
467 3393 489 3430 e.
511 3373 646 3440 Thomas,
666 3393 718 3432 non
738 3385 825 3433 solnm
845 3386 966 3450 intelligit
992 3387 1181 3449 intelligibile,

110 3452 255 3504 sedetiam
276 3453 445 3516 intelligitus
466 3453 613 3514 intelligere
639 3455 693 3504 tale
718 3456 884 3520 intelligibile
905 3476 930 3518 ‘s
952 3461 1000 3523 Qu.
1020 3461 1119 3523 dirpp„
1142 3464 1183 3512 De

117 3521 492 3658 yepbtrbbtbbuartbicshcutt.
512 3597 645 3654 intelleot..
666 3595 726 3652 lise.
748 3598 769 3660 l,
791 3615 816 3652 c.
842 3602 865 3652 l.
882 3603 940 3639 —t
959 3597 995 3654 Gt
1010 3617 1037 3666 p.
1062 3601 1123 3654 tos.

147 3667 159 3708 ⁵
179 3671 226 3734 Ως.
247 3673 346 3735 dispp.,
367 3669 430 3719 ibid.
451 3683 477 3717 c.
