2475 3909
138 157 198 223 110
547 173 753 222 cosuosoura

99 268 222 325 maest
245 267 367 324 tantum
391 260 423 322 iu
449 261 610 344 potentia,
634 261 846 345 inquantum
869 257 1076 338 huiusmodi}
1098 279 1161 323 non

98 338 261 416 ostendit,
283 339 370 424 quod
393 340 529 407 materia
550 360 613 404 non
635 341 677 406 sit
699 351 829 416 creata,
851 339 904 405 sed
929 338 1016 425 quod
1039 342 1166 406 nonsit

98 436 206 489 ereata
228 423 296 486 sine
320 419 543 487 immoliret
564 423 653 486 enim
675 442 770 487 omne
792 433 937 487 creatum
958 423 1001 486 sit
1022 421 1056 485 in
1078 434 1164 498 actu,

100 527 163 570 nou
185 515 292 572 museo
314 513 361 567 est
376 515 465 568 actus
488 525 600 588 purus.
624 501 715 567 Unde
736 515 877 589 oportet,
900 504 988 588 quod
1010 505 1108 567 etiam
1128 506 1166 569 il-

100 585 168 662 lud,
181 583 267 672 quod
291 583 442 651 sehabet
463 607 504 650 ex
528 597 617 662 parte
641 587 817 669 potentiae,
835 587 876 650 sit
890 596 1047 659 creatum,
1070 586 1098 649 si
1120 597 1167 651 to-

101 681 193 742 turn,
217 664 303 774 quod
327 666 367 730 ad
388 687 457 731 esse
481 669 584 752 ipsius
608 667 760 750 pertinet,
782 677 928 732 creatum
950 667 1023 733 est¹
1041 691 1070 729 n.

138 751 190 814 dl.
213 750 326 832 lneque
349 760 508 835 repugnat
530 749 679 813 alterum.
703 750 856 825 Etenim,
879 750 940 814 etsi
967 749 1102 813 materia
1122 751 1168 814 sit

101 831 312 917 inpotentia,
335 840 439 895 tamen
463 830 503 894 ad
527 839 628 895 toturn
651 828 860 896 substantiale
882 851 1075 896 concurrere
1100 842 1167 914 pot-

99 927 148 982 est
170 917 294 980 ratione
318 911 510 996 aptitudinis
533 910 572 976 ud
597 911 736 976 lormam
751 912 987 995 recipiendam.
1004 911 1165 978 litantem

100 1017 198 1061 causa
214 994 392 1060 materialis
411 993 450 1056 ad
471 1005 573 1059 totum
588 993 800 1059 substantiale
814 994 1075 1061 constituendum
1092 1015 1168 1058 cou-

100 1089 232 1154 currat,
257 1097 318 1141 non
340 1076 547 1161 requiritur,
577 1085 612 1140 ut
635 1087 708 1141 actu
730 1088 804 1141 ante
827 1078 935 1160 ipsum
958 1079 1088 1152 existat,
1111 1075 1168 1141 sed

101 1161 178 1226 satis
200 1171 261 1236 est,
284 1171 320 1224 ut
342 1157 605 1233 concomitanter,
629 1168 726 1242 atque
748 1159 781 1222 in
803 1157 916 1223 eodem
940 1159 1070 1224 instanti
1093 1179 1166 1222 curn

98 1242 207 1322 fornia
232 1239 435 1306 substantiali
457 1240 619 1312 existat²3
642 1238 805 1325 siquidem
838 1242 975 1306 materia
1007 1259 1082 1305 cum
1104 1261 1168 1304 non

102 1325 158 1391 det
179 1345 239 1389 esse
262 1323 397 1399 formae,
420 1319 477 1386 sed
498 1321 639 1405 recipiat
659 1341 719 1384 eree
740 1343 758 1385 a
780 1320 910 1396 forma,
933 1342 997 1386 nou
1019 1333 1169 1404 expostu-

102 1408 148 1474 lat
169 1427 227 1471 eese
251 1408 284 1470 in
307 1425 353 1480 se,
378 1402 433 1468 sed
456 1403 559 1468 solum
582 1403 796 1487 capacitatem
817 1402 858 1467 ad
882 1404 978 1481 ium,
999 1402 1087 1489 quod
1109 1423 1168 1487 per

103 1490 240 1555 formum
262 1487 381 1572 recipit
396 1486 418 1548 ³.

143 1573 195 1637 ta.
218 1567 326 1637 Obiic.
340 1566 375 1631 2⁰
389 1567 562 1651 Repugnat
585 1567 618 1630 in
642 1567 791 1643 materia,
814 1586 897 1652 quae
918 1565 1040 1630 nullam
1062 1587 1170 1631 esseu-

102 1653 181 1718 tiam
202 1650 311 1727 habet‚
327 1649 449 1714 formas
472 1648 645 1712 contineri.
662 1648 760 1733 Atqui
783 1650 810 1713 si
834 1647 957 1713 formae
979 1651 1013 1712 in
1033 1649 1170 1712 materia

103 1755 166 1800 non
189 1734 408 1807 eontinentur,
431 1729 577 1815 prolecto
599 1727 640 1792 ab
662 1751 700 1793 ea
722 1729 810 1793 educi
830 1751 895 1795 non
918 1741 1063 1816 possunt.
1080 1731 1166 1814 Ergo

101 1817 232 1883 eductio
255 1813 377 1879 lornrae
401 1834 418 1877 a
441 1813 589 1888 materia,
604 1831 687 1895 quae
711 1813 743 1876 in
764 1823 935 1897 systemate
957 1812 1170 1878 Scholastica-

102 1921 176 1965 rum
198 1896 392 1970 admittitur,
417 1892 555 1958 absurda
577 1902 636 1958 est.

143 1980 195 2046 43.
220 1978 331 2065 llesp.‚
349 1977 524 2070 Dietacoi„
541 1974 871 2122 repugnatcontineri
885 1974 1066 2053 octaceoc.
1079 1974 1170 2051 mai,

102 2066 137 2128 in
155 2061 305 2147 potentio,
321 2062 400 2143 Nep.
425 2079 500 2121 mor.
525 2059 604 2124 ltem
645 2067 695 2120 ret.
721 2077 812 2135 meu,
835 2060 861 2122 si
884 2079 947 2121 non
962 2059 1172 2122 continentur

104 2167 207 2230 neque
230 2145 263 2206 in
287 2153 372 2217 ortu,
395 2161 498 2224 neque
522 2141 725 2224 inpotentia,
746 2160 829 2204 conc.
853 2141 945 2214 min,
960 2144 987 2203 si
1003 2142 1172 2206 continen-

104 2239 157 2292 tur
178 2229 213 2290 in
228 2224 379 2310 potentio,
402 2243 468 2306 nep.
492 2225 571 2287 min.
595 2223 674 2306 Nep.
697 2241 778 2286 cons.
802 2225 844 2288 Et
864 2242 954 2298 sane,
972 2220 1066 2297 illud,
1083 2219 1172 2307 quod

103 2307 268 2385 educitur,
291 2304 388 2373 debet
408 2325 475 2372 esse
498 2306 533 2370 in
555 2325 641 2383 eo,a
662 2325 728 2390 quo
749 2304 912 2381 educitur,
937 2325 1000 2369 nou
1014 2316 1101 2382 octo,
1116 2302 1172 2367 sed

143 2496 148 2527 ¹
171 2488 192 2550 l,
206 2503 233 2554 q.
248 2483 341 2544 llLlll,
361 2499 388 2535 a.
409 2483 424 2533 ἓ
445 2480 476 2530 ad
498 2479 524 2530 3.
547 2477 573 2528 ld
594 2481 647 2528 iam
668 2493 689 2528 s.
705 2475 866 2543 Augustinus
885 2485 999 2542 monuit,
1020 2483 1095 2532 siens
1115 2498 1172 2532 m.

103 2570 198 2616 terium
216 2574 273 2613 esse
291 2574 307 2611 a
328 2557 382 2608 lloo
400 2560 579 2611 concreatum
601 2549 728 2612 catrices„
749 2552 795 2602 tit.
817 2550 887 2612 lllll,
907 2571 933 2606 a.
954 2555 1001 2615 33,
1021 2569 1049 2605 n.
1069 2556 1117 2605 48,
1138 2552 1175 2607 Ει

103 2639 179 2696 isid„
199 2649 225 2686 c.
246 2633 301 2690 29,
321 2633 398 2681 docet
418 2627 558 2677 materiem
582 2624 743 2687 praecedere
769 2624 881 2677 iormam
900 2641 953 2678 uon
972 2635 1107 2691 ternpore,
1125 2628 1175 2678 sed

103 2711 215 2772 origine,
235 2719 268 2757 eo
287 2705 376 2761 modo,
396 2713 449 2764 quo
468 2709 549 2748 sonus
567 2701 688 2746 cantum:
705 2691 799 2748 «Cum
816 2701 888 2750 euim
907 2706 1042 2759 uantur,
1062 2701 1175 2751 auditur

105 2794 185 2834 suune
196 2781 264 2829 eius.
275 2772 332 2827 Non
347 2775 419 2839 prius
432 2769 580 2822 informiter
592 2774 679 2827 sonat,
693 2775 721 2818 ct
733 2769 826 2820 deinde
839 2771 972 2823 formatur
984 2774 1011 2822 iu
1023 2780 1136 2824 cantum
1146 2793 1172 2823 ι.

105 2851 140 2907 Cl
177 2889 184 2903 .
206 2850 268 2908 ldl,
287 2854 344 2899 not.
365 2848 393 2898 4.

140 2867 253 2977 ²pSecue
273 2935 314 2972 res
332 2933 360 2970 se
379 2917 459 2968 habet
476 2915 508 2965 de
528 2926 607 2962 rausa
629 2914 771 2971 materiali,
787 2915 813 2965 in
831 2929 895 2980 qus,
916 2923 1053 2980 tamquam
1068 2919 1096 2968 tn
1110 2917 1174 2967 snb.

103 2998 185 3057 iectd,
205 2995 289 3046 lorme
308 2988 481 3043 accidentalis
499 2989 577 3044 inest,
596 2997 623 3035 e.
637 2998 676 3048 p,
697 2985 791 3036 albedo
808 3001 862 3038 uon
880 2995 967 3052 potest
984 2990 1110 3040 sunnin
1122 2989 1175 3039 ιω.

105 3073 182 3130 miui,
203 3068 253 3120 uisi
272 3067 352 3116 homo
373 3063 426 3112 lam
445 3064 507 3110 actu
525 3060 632 3108 existat.

141 3145 153 3182 ³
172 3140 221 3194 llic
239 3141 321 3192 etiam
340 3149 403 3187 cum
422 3129 534 3196 Origene
557 3131 695 3180 advertere
714 3137 834 3193 praestat
858 3135 997 3184 materiam
1017 3135 1044 3184 iu
1062 3147 1177 3198 genan-

105 3219 177 3268 tione
189 3212 310 3277 eorporis
322 3219 468 3270 numquam
482 3207 516 3254 its
531 3206 556 3254 in
572 3205 689 3266 potentie
704 3217 821 3264 manere,
836 3211 866 3257 ut
879 3219 931 3257 uou
941 3209 976 3257 eit
988 3213 1062 3265 actu,
1073 3207 1175 3270 quippe

104 3289 176 3354 quod
196 3300 257 3338 curu
278 3297 329 3334 non
348 3283 382 3333 sit
401 3277 534 3340 corruptio
554 3277 608 3325 siue
628 3280 814 3337 generatione,
835 3281 946 3329 materia
966 3291 1072 3341 semper
1089 3278 1175 3329 alieni

105 3362 207 3412 formae
225 3356 379 3409 subiicistur
398 3355 517 3412 oportun
539 3349 577 3398 ite
595 3349 746 3411 principiis,
768 3348 813 3398 uu.
834 3347 872 3410 ll,
893 3365 919 3403 ο,
939 3351 966 3402 4,
987 3347 1023 3402 Et
1041 3352 1174 3410 ftomam,

106 3445 169 3482 eum
189 3445 240 3481 non
259 3429 293 3479 sit
311 3424 444 3490 generatio
457 3423 513 3471 sino
526 3419 706 3480 corruptione,
728 3423 850 3479 materia,
863 3425 914 3473 etsi
926 3425 960 3474 sd
971 3427 1175 3488 generationem

107 3504 226 3564 corporis
245 3500 398 3553 concurrat,
418 3499 495 3557 prout
515 3497 553 3541 est
573 3490 674 3553 aliquid
693 3495 719 3542 in
739 3497 867 3556 potentis,
881 3509 976 3559 nempe
994 3503 1073 3560 prout
1092 3509 1178 3560 αμ-

107 3574 216 3623 citatem
237 3571 316 3620 habet
334 3569 367 3618 ad
385 3579 481 3616 noram
501 3564 691 3626 formamque
713 3566 842 3627 privatur,
858 3573 947 3619 tamen
964 3575 1006 3620 est
1023 3569 1123 3631 aliquit
1146 3573 1176 3617 sn

108 3651 178 3703 astu,
198 3642 277 3692 habet
296 3641 366 3690 euim
385 3637 499 3688 sormam
518 3637 749 3697 corrumpendam.
