2475 3909
495 165 697 217 cosmopoeia
1028 158 1087 224 ll'l

195 307 263 364 lor.
286 311 304 364 l.
318 340 351 349 -
364 307 460 362 Rerum
482 313 679 362 mundanarum
698 313 835 376 colligatio
855 317 996 378 exponltur

100 420 169 486 122.
195 421 381 489 Scholastici
406 429 478 505 post
499 419 689 485 Nemesium
706 419 740 497 ¹,
763 422 936 486 Auctorem
959 421 1127 486 Librorum

58 503 171 587 Areop.
186 505 212 580 ¹,
228 503 376 589 aliosque
391 505 543 646 antipuos
565 500 747 566 docuerunt
767 502 914 567 diversas
935 514 1065 568 naturas
1080 525 1129 567 re-

57 605 155 662 rum,
178 585 361 670 exquibus
383 605 460 649 mun
487 605 524 648 us
545 582 727 657 conllatur,
751 585 795 649 ita
817 597 1018 669 comparatas
1044 606 1125 661 esse,

58 676 97 730 ut
115 686 227 731 omnes
248 689 357 732 secum
378 686 523 750 congruo
545 664 750 749 naturalique
771 687 856 731 nexu
878 667 1127 810 coniunpanlur,

57 759 93 814 et
115 749 213 814 veluti
237 749 369 813 totidem
393 747 504 812 annuli
528 747 661 811 unicam
687 757 857 825 catenam,
882 759 938 813 aut
958 769 997 814 ve
1014 750 1059 813 uti
1085 761 1131 813 to-

61 830 164 896 tidem
209 829 305 894 radus
328 832 458 894 unicam
480 828 624 894 scalaor'
646 839 852 912 componant.

103 911 174 978 123.
187 851 260 977 lam
274 912 418 996 quinque
435 909 554 996 gradus
568 909 600 973 in
617 909 702 974 scala
722 921 947 976 creaturarum
964 911 1132 976 inveniun-

59 1005 138 1071 tur,
162 1013 244 1077 quos
267 1015 292 1058 s.
317 993 483 1059 Thomas⁴
505 993 656 1078 exposuit
682 991 744 1055 hoc
766 992 885 1058 modo:
915 991 1065 1056 lnllmum
1089 993 1133 1058 lo·

59 1097 137 1140 rum
159 1086 268 1142 tenent
290 1074 474 1149 mineralia,
490 1095 549 1140 seu
572 1093 635 1150 res,
658 1095 742 1159 quae
764 1086 838 1139 sunt
860 1084 1011 1160 expertes
1034 1075 1131 1151 vitae,

60 1157 115 1222 ide
161 1178 203 1223 ue
217 1157 387 1223 dumtaxat
403 1156 499 1222 veluti
522 1154 715 1222 substantiae
736 1166 933 1240 spectantur.
952 1157 1057 1242 Super
1073 1157 1135 1219 rni-

59 1261 141 1305 nera
158 1241 188 1303 ia
209 1237 374 1304 excellunt
389 1239 529 1324 plantae,
544 1257 628 1322 quae
651 1240 751 1304 vitam
774 1238 909 1322 quidem
932 1238 1060 1314 habent,
1078 1237 1133 1301 sed

59 1331 189 1386 tantum
217 1322 443 1403 recalcitrem
466 1330 497 1385 et
518 1320 674 1405 quoniam
700 1319 767 1385 rita
788 1322 971 1406 vegetativa
998 1333 1047 1386 est
1067 1340 1134 1382 om-

59 1405 158 1468 nium
179 1402 301 1479 infima,
327 1401 400 1466 ideo
422 1423 539 1466 nomen
584 1402 751 1465 enericum
773 1413 917 1481 sumunt,
941 1411 974 1467 et
994 1401 1135 1465 substan-

58 1487 126 1549 tiae
148 1485 304 1561 cicentes,
327 1485 377 1548 vol
401 1485 538 1548 virentia
563 1423 730 1549 dicuntur.
754 1486 861 1570 Supra
884 1487 1009 1572 plantas
1029 1503 1136 1546 assur-

57 1577 148 1714 punt
168 1566 297 1643 belluae,
342 1586 403 1630 uae
426 1567 489 1634 vita
513 1565 684 1648 cepstatieo
704 1565 815 1644 simul,
832 1577 864 1631 et
884 1565 1035 1632 sensitiva
1059 1584 1136 1650 gau-

83 1659 153 1725 ent,
169 1658 201 1713 ct
215 1649 300 1712 anim
335 1648 369 1712 ia
393 1655 560 1726 vocantur,
602 1649 658 1712 uia
679 1646 801 1712 animal
825 1669 884 1732 per
904 1669 1035 1714 sensum
1050 1667 1068 1710 a
1083 1668 1135 1710 re-

60 1733 168 1817 liquis
182 1730 281 1795 rebus
296 1729 552 1796 discriminatur.
569 1669 696 1794 llelluis
711 1729 889 1796 succedunt
902 1731 1061 1805 homines,
1076 1731 1136 1813 qui

59 1816 167 1880 vitam
189 1834 252 1877 non
282 1811 379 1875 modo
408 1811 647 1896 vegetativam,
670 1820 703 1876 et
726 1813 935 1888 sensitivam,
959 1811 1015 1876 sed
1038 1812 1138 1875 etiam

59 1894 251 1960 rationalem
271 1891 408 1971 habent,
431 1905 464 1958 et
484 1893 731 1960 substantiarum
752 1894 957 1959 rationalium
985 1914 1063 1960 voce
1085 1890 1139 1955 de-

61 1979 252 2063 signantur,
275 1975 353 2060 quia
375 1976 459 2041 ratio
480 1975 646 2042 hominem
668 1997 686 2039 a
709 1976 828 2041 ceteris
850 1975 948 2042 rebus
970 1974 1136 2039 discernit.

61 2057 289 2133 Hominibus,
312 2059 492 2154 ceterisque
515 2057 678 2124 creaturis
700 2057 819 2140 Angeli
843 2057 939 2144 longe
963 2056 1138 2132 excellunt,

60 2141 127 2226 qui
149 2141 217 2205 vita
239 2137 441 2204 intellectuale
470 2140 611 2225 pollent,
639 2149 672 2204 et
693 2136 894 2207 substantiae
922 2139 1142 2206 intellectuales

61 2231 317 2306 nuncupantur,
338 2222 418 2305 quia
447 2243 498 2286 res
525 2243 589 2286 non
612 2221 887 2300 ratiocinatione,
911 2223 966 2288 sed
989 2244 1049 2308 per
1070 2242 1141 2306 spe-

62 2306 137 2370 cies
158 2301 383 2387 intelligibiles
406 2325 424 2367 a
448 2301 516 2368 Deo
538 2303 664 2370 inlusos
686 2314 894 2387 cognoscunt.

111 2384 182 2449 1221.
206 2383 309 2449 Porro
331 2384 387 2450 has
409 2383 553 2452 diversas
575 2393 707 2451 naturas
729 2406 841 2451 rerum
865 2386 950 2453 inter
971 2403 1039 2452 sese
1062 2405 1140 2468 quo·

62 2466 146 2533 dam
169 2465 265 2529 modo
287 2466 446 2532 contineri
468 2466 668 2534 ostendimus
689 2469 836 2553 sequenti
859 2469 1100 2555 Propositione:

113 2546 283 2630 Collipatio
304 2549 387 2612 iuter
406 2570 456 2611 res
477 2548 648 2614 mandanae
666 2569 773 2633 reapse
795 2551 916 2614 existit.

111 2627 281 2694 Prolatae.
305 2628 460 2695 Diversae
482 2631 607 2716 species
629 2651 763 2707 rerum,
786 2632 845 2698 etsi
869 2631 1144 2697 discriminentur

63 2713 159 2778 inter
172 2731 205 2774 se
221 2731 279 2796 per
294 2711 504 2793 differentias,
522 2733 636 2798 nempe
652 2712 825 2798 qualitates
840 2715 1040 2791 essentiales,
1060 2733 1144 2800 quae

61 2801 147 2859 sunt
167 2793 366 2877 singularum
389 2795 563 2890 propriae,
588 2807 695 2860 tamen
717 2816 826 2861 secum
849 2800 1059 2863 consentiunt
1082 2814 1143 2880 per

61 2895 186 2961 genus,
210 2875 263 2941 cui
284 2874 513 2941 subiicruntur.
532 2877 720 2954 Enimvero,
746 2879 805 2943 etsi
831 2877 1026 2964 vegetabilia
1049 2879 1143 2943 dillo-

62 2964 147 3022 rant
167 2977 185 3021 a
207 2956 442 3036 mineralibus,
469 2961 549 3044 quia
571 2958 627 3025 illa
651 2959 762 3025 vivunt
775 3007 784 3039 ,
807 2959 886 3025 haec
909 2982 986 3026 vero
1009 2961 1075 3028 vita
1089 2981 1144 3025 ca-

433 3125 762 3139 *ma—.—

113 3208 121 3243 1
143 3207 184 3257 De
195 3213 251 3256 nat.
266 3207 348 3266 tom„
362 3219 389 3257 c.
406 3209 431 3257 l.

111 3277 124 3314 ²
143 3279 182 3328 De
194 3281 252 3330 Dte.
267 3281 357 3339 Nom„
372 3293 398 3330 c.
415 3277 447 3339 V,
463 3296 490 3330 n.
506 3279 534 3342 3,
548 3294 573 3330 c.
589 3277 637 3341 Vl,
651 3297 679 3331 n.
695 3280 722 3341 3,
736 3287 764 3332 et
777 3297 803 3333 e.
818 3280 876 3341 vll,
891 3298 919 3333 n.
934 3284 962 3334 3.

113 3349 125 3386 ⁸
142 3347 303 3402 Universltas
314 3365 406 3402 rerum
424 3366 439 3402 a
460 3350 631 3404 Scholasllcts
644 3365 707 3403 oum
719 3356 792 3405 aeota
805 3363 988 3419 comparatur,
1002 3358 1065 3420 quia
1079 3355 1150 3411 Deus

68 3433 126 3488 per
145 3433 186 3471 res
205 3423 238 3472 ab
257 3437 289 3473 eo
304 3429 409 3475 creatas
422 3440 437 3474 a
452 3426 525 3475 nobis
544 3427 723 3488 cognoscitur,
738 3434 765 3477 at
778 3429 838 3477 ideo
853 3427 916 3487 hae,
931 3435 1010 3492 prout
1023 3431 1092 3482 aliae
1104 3433 1151 3483 alil

69 3494 226 3556 excellunt,
239 3497 445 3548 considerandae
459 3504 519 3548 sunt
533 3500 615 3550 ueluti
630 3499 738 3549 totidem
752 3502 859 3564 gradus,
874 3515 923 3564 per
935 3515 1001 3566 quoe
1015 3516 1089 3554 mens
1101 3505 1153 3555 hu-

69 3579 171 3626 mana,
186 3573 319 3632 quantum
337 3573 394 3622 olus
414 3570 583 3621 imbecillitas
598 3573 707 3634 patitur,
722 3572 756 3623 ad
769 3575 947 3640 cognitionem
960 3573 1009 3627 llei
1021 3579 1151 3630 aseendit.

116 3635 127 3674 ⁴
149 3641 246 3694 Gumm.
259 3644 287 3694 tn
300 3657 324 3694 e.
344 3645 409 3701 t'lll
420 3645 460 3700 De
474 3645 532 3698 llic.
547 3646 638 3708 Nom„
652 3645 716 3699 lect.
730 3643 751 3698 l.

942 3716 964 3760 ἡ
