2475 3909
504 222 682 273 suessonis
1021 206 1081 271 207

326 359 454 415 Asnl'll.
464 390 496 399 -
507 360 646 415 Reiutatnr
660 361 853 427 Outologismus

100 465 384 547 Quemadmodum
406 477 498 534 antea
518 469 717 545 monuimus,
741 476 885 532 nostrum
907 474 955 531 est
977 466 1010 529 in
1032 484 1125 550 prae·

57 554 160 619 sentia
181 549 385 635 patefacere,
408 570 507 634 quam
536 550 712 615 absurdum
738 549 780 614 sit
806 546 885 612 illud
907 548 1025 613 Ontolo
1051 548 1123 613 ismi

58 634 319 709 fundamentum,
334 642 475 698 mentem
497 644 639 700 nostram
663 632 853 700 naturaliter
875 629 978 694 Deum
1000 567 1121 694 videre.

96 718 148 782 to.
173 713 271 800 Prop.
295 715 414 781 Nullus
435 714 609 780 intellectus
631 730 765 789 creatus,
789 724 815 778 et
837 712 934 777 multo
956 712 1060 777 miuus
1073 714 1123 775 in-

61 798 196 864 tellectus
218 798 373 861 dumanas
393 796 581 861 naturaliter
603 796 703 861 Deum
725 796 827 861 uidere
843 805 955 879 petest.

97 878 258 946 Probatur
302 880 386 943 rima
408 899 507 965 pars,
530 900 645 965 nempe
674 878 854 965 generatim
884 875 991 963 quoad
1013 897 1127 961 quem·

57 982 197 1047 eumque
214 900 412 1027 iuteiiectum
431 974 590 1027 creatum.
614 962 682 1025 lam
704 959 904 1026 ostendimus
926 956 1063 1023 formam
1079 958 1127 1022 in-

60 1043 126 1111 telli
155 1042 278 1121 ibilem,
300 1065 417 1130 nempe
439 1043 658 1130 principium,
681 1065 722 1108 ex
743 1064 810 1128 qne
833 1042 919 1107 Deus
941 1037 1128 1106 immediate

59 1063 268 1211 intedigitun
284 1146 342 1192 seu
369 1123 509 1200 ridetur,
532 1146 595 1190 non
610 1125 701 1190 aliud
722 1146 789 1191 esse
812 1145 917 1209 pesse,
940 1124 1003 1188 nisi
1024 1123 1127 1270 ipsam

60 1207 215 1272 Divinam
236 1210 431 1293 Essentiam,
459 1228 559 1292 quae,
582 1217 746 1292 tamquam
769 1208 874 1273 terma
896 1205 1035 1290 intelligi
1061 1204 1126 1281 ilis,

59 1311 135 1354 aum
156 1290 321 1357 intellectu
335 1289 456 1355 coniun
479 1301 564 1355 atur.
588 1291 658 1354 Hoc
682 1299 881 1375 praenotato,
903 1310 944 1354 en
959 1308 1130 1374 argumen-

62 1384 154 1437 tum:
178 1368 219 1437 Ut
241 1371 422 1438 intellectus
444 1308 568 1456 aiiquid
595 1372 788 1438 naturaliter
815 1372 997 1457 intelligere
1019 1379 1127 1455 queat,

62 1474 192 1518 necesse
213 1465 261 1520 est
282 1464 318 1521 ut
338 1453 453 1519 habeat
476 1455 656 1519 naturalem
677 1454 924 1540 dispositionem
946 1453 986 1518 ad
1009 1452 1130 1539 prinoi-

63 1537 171 1623 pium,
186 1556 251 1619 quo
276 1536 355 1604 illud
378 1536 479 1601 intelli
507 1538 587 1613 itur,
608 1537 690 1614 sive,
705 1548 742 1604 ut
756 1534 887 1605 Scholae
909 1557 999 1601 more
1021 1535 1131 1619 loqua-

62 1639 165 1714 mur,
185 1616 224 1681 ad
247 1618 387 1684 sormam
414 1557 680 1704 inteiligibilem,
702 1642 742 1684 ex
764 1640 829 1705 qua
857 1620 890 1685 in
913 1629 986 1686 actu
1008 1616 1131 1683 intelle«

63 1704 184 1765 etiours
215 1702 434 1766 constituitur.
457 1702 559 1786 Atqui
587 1700 769 1767 intellectus
794 1710 921 1767 creatus
949 1699 1131 1766 naturalem

63 1781 310 1879 dispositionem
331 1782 448 1848 hahere
470 1805 533 1847 non
583 1793 667 1847 otest
688 1783 725 1847 ad
750 1783 826 1861 hoc,
849 1795 886 1849 ut
907 1782 1053 1849 Essentia
1074 1782 1132 1845 Di-

62 1885 152 1939 rrna,
175 1873 339 1949 tamquam
361 1863 465 1931 lorma
486 1803 717 1949 inteliigibilis,
745 1888 820 1931 cum
841 1886 881 1931 eo
903 1866 1129 1947 coniungatur.

65 1949 155 2033 Ergo
176 1946 248 2011 lieri
270 1968 334 2011 non
357 1959 477 2032 potest,
501 1957 538 2015 ut
558 1946 736 2013 intellectus
758 1957 885 2014 creatus
912 1948 1132 2012 immediatam

65 2028 288 2111 cognitionem
310 2051 367 2095 seu
388 2030 547 2095 visionem
569 2029 630 2093 Dei
653 2032 847 2097 naturaliter
868 2029 983 2095 habeat
998 2032 1022 2093 ¹.

104 2112 158 2176 t1.
183 2111 295 2175 Minor
322 2112 366 2178 ita
394 2110 645 2178 demonstratur:
669 2113 784 2177 Forma
813 2110 1045 2199 intelligibilis,
1069 2132 1134 2197 qua

67 2192 254 2259 intellectus
286 2194 477 2259 naturaliter
505 2194 629 2279 aliquid
656 2194 830 2282 intelligit,
853 2193 950 2261 debet
970 2196 1134 2279 pertinere

67 2274 110 2339 ad
133 2274 222 2340 idem
246 2294 359 2359 genus,
382 2274 422 2341 ad
444 2275 531 2361 quod
554 2275 734 2343 intellectus
757 2277 915 2363 pertinet,
938 2298 975 2341 ao
998 2275 1134 2375 proinde

70 2358 98 2422 si
119 2356 226 2421 forma
255 2356 472 2442 intelligibilis
498 2358 743 2444 supergreditur
769 2380 869 2446 genus
919 2380 1065 2443 roprrum
1087 2358 1136 2422 in-

68 2438 226 2518 tellectus,
250 2440 320 2526 ipse
341 2438 460 2506 habere
481 2460 545 2505 non
567 2452 670 2525 potest
691 2442 870 2507 naturalem
892 2382 1136 2526 dispositionem

68 2520 110 2585 ad
133 2522 224 2587 illam
247 2522 280 2585 iu
304 2543 336 2587 se
351 2520 585 2608 recipiendam.
609 2524 709 2610 Atqui
730 2524 876 2591 Essentia
891 2524 1010 2590 Divina
1024 2544 1138 2610 super-

69 2603 219 2687 graditur
241 2624 351 2688 genus,
372 2605 410 2669 ad
433 2603 521 2689 quod
543 2604 722 2671 intellectus
743 2617 872 2671 creatus
893 2606 1042 2693 pertinet,
1058 2606 1137 2692 quia

68 2697 118 2752 est
137 2685 265 2750 infinite
287 2689 437 2771 superior
463 2688 547 2772 ipso.
571 2688 659 2774 Ergo
683 2686 866 2754 intellectus
891 2696 1018 2753 creatus
1044 2696 1139 2753 natu·

70 2769 175 2832 salem
195 2766 445 2852 dispositionem
465 2768 583 2835 habere
608 2791 673 2835 non
696 2782 801 2857 potest
822 2769 861 2835 ad
884 2770 957 2847 hoc,
979 2771 1065 2857 quod
1080 2772 1139 2836 Es-

70 2850 176 2915 sentia
197 2847 334 2926 Divina,
366 2858 531 2936 tamquam
557 2851 665 2917 forma
685 2852 924 2941 intelligibilis,
957 2872 1032 2918 cum
1066 2855 1138 2940 ipso

70 2933 291 3015 coniungatur
304 2932 328 2996 ².

110 3013 166 3078 Ω.
179 3013 260 3080 Sane
272 3012 331 3079 hoc
342 3026 570 3099 argumentum
584 3016 618 3081 vi
633 3036 690 3082 sua
702 3016 789 3083 haud
804 3017 1138 3095 destituitur,etiamsi

109 3262 122 3303 ¹
140 3259 298 3316 Adnotanda
317 3272 358 3317 est
377 3266 424 3317 ills
444 3280 493 3317 ros
517 3268 687 3327 naturaiiter,
708 3282 770 3318 nam
790 3269 855 3319 risio
875 3267 921 3319 liei
940 3274 1026 3331 potest
1045 3286 1141 3325 conre-

72 3342 131 3389 nire
150 3342 291 3387 creaturae
310 3351 342 3388 ex
360 3340 556 3401 supernaturali
575 3340 681 3391 actione
694 3338 740 3391 liei
760 3342 844 3404 ipsam
858 3342 891 3391 ad
905 3342 1045 3393 sublimem
1066 3346 1141 3397 illam

73 3413 205 3462 visionem
225 3412 364 3462 elevantis.
380 3410 451 3461 ilaec
469 3412 584 3462 elevatio
602 3412 633 3463 ur
652 3426 685 3463 ex
703 3427 745 3473 eo,
759 3413 829 3476 quod
849 3415 934 3477 aitqua
952 3416 1085 3478 dispositio
1099 3433 1143 3469 su-

73 3483 254 3549 pernaturalis
270 3486 295 3533 si
313 3487 494 3548 superadditur
513 3480 555 3553 (ci
571 3483 597 3541 Ι,
617 3498 645 3548 q.
667 3482 725 3544 llll,
746 3499 773 3536 a.
793 3486 838 3550 5i³
858 3490 885 3535 et
904 3486 971 3535 haee
991 3487 1140 3551 dispositio,

74 3570 128 3621 qna
148 3556 304 3605 intellectus
323 3563 430 3607 creatus
449 3558 482 3607 ad
501 3557 710 3609 intellectualem
729 3555 776 3607 liei
797 3559 923 3608 visionem
942 3562 1089 3621 extollitur,
1104 3568 1145 3613 tn-

75 3644 135 3686 sua
152 3630 253 3693 alariae
271 3635 450 3693 nuncupator.

111 3695 175 3753 ²c1
189 3714 214 3754 s.
234 3696 342 3764 duom,
363 3704 395 3755 lo
413 3703 459 3755 lid.
482 3704 521 3757 Ν
538 3705 621 3765 Seru,
643 3700 708 3757 otu.
729 3697 823 3765 xllx,
845 3718 872 3768 q.
894 3700 927 3764 ll,
948 3718 975 3755 a.
996 3706 1012 3756 e
1031 3721 1056 3757 o.
