2475 3909
116 101 177 169 302
421 118 610 165 rnroeoora
633 118 821 167 nnrvntnts

74 203 115 265 da
138 203 190 267 sit.
214 201 343 267 Etenim
364 199 528 266 Cartesius
549 200 628 265 haec
650 200 765 267 docet:
790 204 826 267 ln
850 200 978 267 infinito
996 204 1063 268 dno
1078 224 1156 291 spe·
1232 262 1233 273 2

75 282 189 348 etanda
212 304 294 357 esse,
317 304 386 347 rem
411 286 419 347 i
446 304 525 359 sam,
548 303 631 367 quae
656 283 782 349 inlicita
804 295 863 357 est,
880 293 912 348 et
926 284 1157 368 infinitionern,
1232 282 1233 289 '

78 386 161 450 quae
184 366 215 430 in
238 386 273 429 re
297 365 353 429 illa
374 367 408 428 in
434 367 501 430 nita
523 377 582 430 est:
607 386 674 429 rem
700 365 859 433 infinitam
881 386 939 429 uos
961 384 1054 463 posse
1077 388 1156 451 per·

78 449 186 532 cipere
203 447 338 531 positive
359 447 503 529 quidem,
526 447 581 510 sed
605 466 670 510 non
692 446 1052 533 udaequutc3siqurden1
1077 468 1158 511 cum

78 528 161 596 finiti
185 533 299 604 simus,
321 528 484 595 inlinitum
505 528 782 614 comprehendere
806 548 870 593 non
898 548 1080 613 possumus:
1107 532 1158 593 in-

78 612 251 695 finitionem
274 632 351 676 vero
374 633 393 675 a
417 610 512 675 nobis
532 614 683 695 cognosci
704 613 855 694 nepetino,
872 621 1033 695 quatenns
1049 610 1091 675 ab
1109 612 1158 673 in·
1232 634 1233 637 ¹

78 693 172 759 finito
192 714 302 757 ornnes
326 694 447 757 limites
475 714 534 777 per
560 695 678 759 mentis
710 695 872 760 actionem
906 704 1116 757 removemus
1132 694 1155 753 ¹.

80 778 131 839 Ex
153 775 274 873 quibus
296 777 399 861 ipsius
420 775 557 841 Cartesii
585 776 756 861 principiis
784 773 950 858 colligitur
974 774 1082 838 ideam
1107 774 1157 838 rei
1232 788 1233 811 ³

78 856 225 923 infinitae
247 856 371 924 finitam
395 878 464 922 esse
486 868 520 922 et
563 856 647 922 uoad
671 859 774 942 ipsam
796 880 864 923 rem
881 854 1053 929 infinitam,
1076 856 1158 940 quia

80 960 152 1004 eam
174 937 319 1024 perfecte
340 958 403 1001 non
424 959 554 1023 compre
578 937 741 1015 eudimus,
756 951 789 1004 et
807 934 913 1025 quoad
933 937 1158 1020 infinitiooem,
1232 1012 1233 1023 ἶ

80 1023 160 1106 qnia
181 1020 268 1106 quod
300 1022 449 1105 negative
481 1023 713 1105 cognoscitur,
747 1040 823 1085 sane
855 1039 919 1083 non
946 1021 1160 1104 cognoscitur
1232 1024 1233 1027 ’

81 1103 216 1168 infinite.
240 1102 335 1179 Quod
358 1103 384 1166 si
410 1101 479 1167 idea
502 1104 549 1166 rei
575 1102 731 1178 infinitae,
753 1123 851 1187 quani
873 1102 907 1164 iu
930 1111 1036 1165 mente
1060 1100 1159 1166 habe—

82 1206 168 1259 mus,
191 1206 254 1249 non
275 1194 324 1249 est
346 1183 483 1259 infinita,
505 1194 593 1271 patet
614 1204 686 1249 eam
709 1184 841 1249 aliunde
886 1180 1026 1247 rolicisci
1048 1204 1156 1280 posse,
1232 1244 1233 1247 ,

81 1287 180 1351 quam
202 1288 219 1330 a
243 1288 278 1331 re
302 1265 414 1331 itidem
438 1266 575 1343 inlinita;
600 1276 696 1352 atque
719 1267 794 1331 ideo
817 1204 905 1331 nulla
924 1278 973 1331 est
992 1276 1089 1342 ratio,
1115 1266 1158 1329 ob
1232 1322 1233 1325 ,

82 1369 182 1433 quam
205 1347 259 1412 illa
282 1348 400 1413 debeat
434 1370 503 1413 esse
529 1350 651 1416 innata.
679 1349 815 1415 Accedit
837 1348 870 1413 1⁰
891 1347 977 1432 quod
1008 1368 1100 1413 mens
1125 1352 1158 1412 in

82 1431 267 1515 cognitione
303 1452 412 1495 rerum
444 1452 498 1494 eas
532 1451 595 1494 non
631 1430 806 1517 producit,
841 1430 895 1495 sed
927 1429 1052 1529 detegit
1069 1433 1095 1507 ²,
1121 1452 1159 1493 ac

83 1512 220 1597 proinde
242 1513 330 1576 nulla
353 1512 385 1576 in
400 1533 440 1575 eo
455 1524 503 1577 est
524 1516 752 1609 repugnantia,
774 1512 862 1599 quod
885 1533 975 1575 mens
996 1513 1084 1578 nnita
1102 1534 1160 1575 uo-

84 1596 205 1659 tionem
230 1595 276 1659 rei
301 1593 444 1659 infinitae
468 1596 536 1679 ipsa
558 1595 622 1658 sibi
645 1606 821 1681 comparet;
845 1595 942 1679 idque
965 1615 1007 1657 ex
1027 1614 1068 1659 eo
1091 1614 1161 1658 ma·

84 1678 135 1761 gis
157 1677 366 1761 perspicitur,
388 1674 476 1759 quod
499 1700 516 1737 ι(
539 1696 636 1740 omne
658 1698 854 1763 cognoscens
880 1674 976 1742 habet
997 1678 1160 1761 cognitio-

85 1778 159 1821 nem
181 1757 221 1822 de
242 1778 276 1821 re
297 1759 426 1843 cognita
451 1778 513 1822 non
536 1780 595 1842 per
616 1759 748 1823 modum
768 1761 815 1824 rei
835 1760 995 1843 cognitae,
1019 1758 1075 1822 sed
1099 1779 1160 1843 per

85 1838 219 1903 modum
240 1840 491 1923 cognoscentis³
513 1860 543 1912 »ς
565 1838 600 1903 2⁰
622 1839 731 1925 quod,
755 1844 780 1905 si
805 1862 895 1905 mens
916 1862 957 1904 ex
984 1859 1046 1914 eo,
1070 1840 1158 1988 ‹puod

85 1919 176 1986 linita
199 1932 267 1992 est,
292 1942 355 1985 non
377 1923 500 1987 valeret
521 1923 589 1985 suis
613 1924 827 2007 cognoscendi
851 1921 1061 1987 facultatibus
1101 1923 1159 1986 nsi-

87 2003 190 2067 nitum
212 2005 385 2088 attingere,
410 2026 449 2067 ne
474 2025 533 2088 per
555 2003 662 2068 ideam
685 2005 818 2089 quidem
833 2004 896 2070 sibi
911 2004 1054 2070 infusam
1077 2005 1157 2069 illud

85 2096 316 2169 cognosceret;
340 2108 414 2150 nam
447 2086 524 2150 haec
557 2085 631 2150 idea
664 2087 797 2162 innata,
825 2089 947 2173 quippe
981 2110 1067 2173 quae
1096 2089 1157 2173 ipsi

87 2169 187 2233 menti
211 2167 379 2232 inhaerere
401 2166 524 2245 debet,
546 2188 609 2232 non
634 2170 696 2234 nisi
721 2168 837 2244 finita,
860 2190 963 2254 aeque
994 2190 1031 2234 ac
1054 2192 1157 2244 mens,

86 2268 156 2313 esse
179 2260 296 2333 posset.

162 2399 228 2449 rior.
252 2398 284 2449 ll.
301 2426 333 2436 -—
350 2397 385 2450 De
404 2413 501 2463 genere
520 2404 750 2461 argumentorum,
770 2400 867 2463 qiribus
888 2397 933 2449 liei
947 2403 1087 2453 existentia

491 2477 531 2521 est
550 2472 753 2521 demonstrantia

130 2580 181 2644 id.
205 2578 335 2663 Duplici
357 2578 640 2644 demonstrationis
663 2598 802 2662 genere,
826 2576 1103 2663 quemadmodum
1128 2585 1159 2647 in
1232 2570 1233 2577 ἵ

91 2663 204 2744 logico
230 2660 520 2808 explicavimus⁴‚
544 2660 669 2745 aliquid
694 2658 824 2746 probari
863 2669 992 2744 potest,
1016 2684 1036 2725 o
1053 2665 1161 2746 priori

89 2764 218 2827 nempe,
240 2765 278 2808 ve
314 2766 333 2807 o
351 2744 528 2827 posteriori.
553 2744 620 2807 lam
643 2740 914 2808 demonstratione
935 2765 954 2807 o
963 2743 1075 2827 priori
1095 2749 1161 2812 exi-

90 2826 240 2892 stentiam
262 2824 323 2890 Dei
346 2824 477 2909 probari
500 2846 564 2890 non
587 2844 681 2911 posse
717 2846 776 2910 pro
803 2836 969 2909 comperto
998 2824 1160 2906 habetur;

90 2909 251 2994 siquidem
273 2907 504 2975 demonstratio
524 2930 543 2972 o
587 2908 670 2971 riori
690 2928 729 2972 ea
751 2917 810 2983 est,
834 2927 917 2991 quae
939 2906 976 2974 [it
1006 2929 1067 2994 per
1088 2934 1162 2978 cau·

90 3011 170 3065 sam;
185 2989 272 3056 Deus
294 3001 416 3068 autern,
438 3002 550 3076 utpote
561 2928 631 3054 dns
646 3010 835 3074 supremum
850 3036 858 3065 ,
871 3002 902 3055 et
913 2990 1017 3055 Causa
1040 2997 1159 3079 prima,

91 3073 170 3139 nihil
193 3072 289 3139 habet
318 3093 350 3136 se
373 3074 479 3159 prius,
502 3071 590 3158 quod
624 3074 726 3139 instar
746 3092 861 3137 causae
885 3076 1024 3159 spectari
1047 3080 1157 3160 possit.

665 3230 828 3239 -u—-n--u—

128 3296 136 3328 ¹
157 3296 286 3355 seponto
304 3289 514 3354 comprenditur
532 3290 679 3352 objections,
703 3290 730 3339 l‘
748 3287 852 3354 Obiect.

128 3360 195 3479 'Hit
211 3366 339 3427 Donum..
359 3375 385 3411 c.
408 3359 453 3419 iil,
473 3374 500 3409 a.
524 3362 567 3419 to,
588 3376 615 3423 p.
634 3363 702 3420 titt,
722 3369 750 3413 et
769 3364 863 3422 idaci„
885 3377 909 3413 c.
927 3361 947 3425 l,
968 3378 995 3414 a.
1009 3365 1037 3423 t,
1058 3380 1086 3427 p.
1108 3364 1157 3417 2οΞ

93 3446 146 3480 ro.
182 3468 189 3481 .

130 3501 142 3535 ³
162 3504 192 3549 in
211 3504 256 3550 tto.
279 3505 292 3550 l
311 3506 393 3562 sent,
415 3500 481 3552 llist.
504 3501 549 3561 ΙΙΙ,
569 3519 597 3567 q.
620 3502 640 3560 l,
661 3518 687 3554 a.
710 3506 721 3554 l
745 3507 794 3555 rol.

130 3568 140 3602 ¹¹
161 3568 219 3618 l'ar.
242 3571 275 3628 il,
296 3587 320 3621 c.
343 3572 388 3629 lli,
408 3588 435 3624 a.
456 3576 483 3630 3,
504 3589 530 3637 p.
551 3577 597 3633 67,
618 3578 670 3625 roi.
694 3574 713 3625 l.

6 3765 110 3823 A
