2475 3909
132 138 195 207 ilo
503 150 777 209 smunorotocm

91 243 294 318 hominibus,
315 240 430 307 eadem
451 250 500 307 est
520 244 608 329 opud
630 263 742 309 omnes
762 246 832 309 soni
848 244 1011 313 articulati
1027 245 1168 331 impres-

92 324 152 401 sio,
177 324 231 389 sed
252 345 327 391 eam
348 332 474 390 tantum
496 326 709 411 intelligunt,
732 328 788 425 qui
812 326 979 411 linguam,
1003 326 1168 411 adquam

5 478 11 489 ¹
91 426 129 471 eo
151 426 215 471 vox
237 405 389 492 pertinet,
412 407 539 472 callent.
564 408 632 471 lom
655 407 687 471 id
703 407 873 473 evidenter
892 407 1032 473 ostendit
1054 428 1170 493 perce·

8 3783 105 3843 A

93 488 239 573 ptionem
260 510 319 573 per
338 508 533 573 corporeum
556 497 681 553 motum
703 490 786 553 effici
809 510 872 553 non
899 510 1014 576 posse;
1036 510 1114 552 cnm
1137 508 1172 553 e·

94 569 163 635 nim
184 568 273 634 idem
294 569 337 635 sit
358 580 475 646 motus,
488 590 604 655 nempe
619 591 695 636 oum
711 568 798 635 idem
815 592 912 635 sonus
938 570 1090 635 omnium
1113 590 1170 633 au-

94 671 147 715 res
169 650 277 727 ierint,
299 650 414 715 eadem
436 652 470 716 in
491 651 645 717 omnibus
667 652 840 717 excitanda
859 654 1026 737 perceptio
1043 652 1131 715 foret
1144 652 1168 713 Ι.

136 732 206 799 132.
229 732 317 809 Quid
338 754 417 797 vero
438 734 465 798 si
487 732 732 798 consideremus
754 737 979 819 perceptiones
999 734 1170 797 universe-

89 812 190 890 lium,
212 824 244 879 et
266 811 538 900 intelligibifium,
561 816 611 879 vel
635 824 743 879 actum
766 816 878 893 illum,
900 817 958 900 qui
979 815 1171 879 conscientia

95 892 248 961 dicitur‘.l
270 896 352 961 Sane
375 898 533 961 motiones
558 916 733 982 corporeae
755 896 852 970 loco,
878 907 912 961 et
932 906 994 961 tem
1040 916 1077 959 re
1109 897 1174 959 cir·

95 975 359 1045 cumscribuntnr
371 979 398 1053 ¹,
413 998 489 1043 cum
503 999 522 1041 e
536 979 703 1044 contrario
724 1002 742 1040 s
766 976 962 1042 universalia
982 997 1000 1039 a
1025 976 1173 1043 straben-

96 1068 151 1123 tur
171 1058 213 1122 ab
234 1057 300 1133 hic,
320 1068 353 1124 et
374 1060 487 1124 nune⁸
509 1082 539 1123 n.
562 1058 770 1125 Conscientia
784 1069 906 1135 autem,
921 1060 989 1124 sire
1044 1058 1175 1143 rceptio

97 1139 317 1225 perceptionis
338 1140 366 1203 si
389 1140 422 1204 in
445 1150 536 1206 motu
557 1144 756 1216 consisteret,
780 1160 844 1205 non
867 1159 950 1217 una,
972 1080 1175 1225 seileduplex

98 1221 223 1298 motio,
245 1240 385 1306 quorum
406 1242 472 1287 una
493 1222 534 1285 ad
555 1222 653 1286 aliam
680 1221 846 1298 refertur,
867 1241 937 1286 esse
961 1221 1121 1298 deberet;
1144 1242 1175 1285 a·

98 1312 169 1368 ctus
191 1304 291 1377 enim,
313 1323 380 1386 quo
401 1303 585 1368 intellectus
606 1324 665 1380 se,
688 1314 860 1387 actumque
885 1324 981 1367 suum
1003 1301 1174 1387 inteiligit,

99 1382 141 1447 ab
162 1384 220 1450 illo
240 1384 476 1469 distinguitur,
498 1404 564 1470 quo
586 1384 752 1451 obiectum
775 1384 940 1470 intelligit.
959 1389 1001 1451 m
1022 1406 1101 1451 vero
1126 1406 1178 1449 re-

100 1479 224 1551 pugnat
245 1466 422 1531 motionem
443 1465 484 1529 ad
508 1467 685 1532 motionem
707 1465 838 1531 relerri:
862 1488 878 1527 s
902 1470 1002 1535 Actus
1024 1468 1178 1551 eorporis

100 1547 142 1613 ad
163 1550 323 1613 actionem
348 1567 411 1611 non
432 1548 637 1622 terminatur,
661 1568 719 1612 nec
743 1559 850 1614 motus
871 1546 910 1610 ad
934 1560 1073 1623 motum,
1089 1558 1128 1613 ut
1143 1550 1175 1612 in

105 1630 247 1712 Physicis
268 1627 441 1715 probatum
471 1640 531 1694 est.
554 1630 651 1694 Actio
683 1640 792 1695 autem
824 1628 1022 1695 substantiae
1056 1630 1179 1695 intelli-

103 1714 209 1797 gentis
227 1710 442 1775 adactionem
463 1712 682 1786 terminatnr3
707 1711 889 1778 intellectos
911 1713 997 1776 enim
1019 1714 1106 1777 sicut
1130 1713 1179 1776 te

102 1792 223 1879 telligit
246 1814 330 1868 rem,
352 1794 399 1859 ita
419 1792 575 1877 intelligit
595 1814 630 1857 se
653 1790 837 1877 intelligere
857 1795 871 1831 ⁸
893 1815 923 1856 n.

222 1933 291 1984 Αιτ.
302 1930 349 1983 ΙΙΙ.
365 1958 399 1968 -
412 1928 619 1981 Materialismus
639 1929 835 1993 physiologicns
854 1934 881 1979 st
899 1929 1057 1992 dynamicos

501 2004 640 2067 speciatim
661 2001 794 2051 refellitur

146 2121 218 2188 133.
241 2120 360 2185 Omnia
383 2128 586 2203 argumenta,
609 2116 730 2201 quibus
752 2114 1022 2181 materialismum
1043 2136 1180 2199 genera-

104 2207 164 2270 tim
185 2200 307 2267 erroris
329 2198 571 2283 redargnimus,
586 2198 761 2264 ostendunt
775 2196 870 2261 simul
893 2207 1004 2261 contra
1027 2201 1181 2264 materis·

105 2288 195 2350 listas
216 2282 421 2369 physiologos
443 2282 586 2345 animam
606 2301 676 2344 esse
709 2278 834 2363 aliquid
861 2277 1050 2344 distinctum
1083 2302 1101 2345 a
1125 2303 1182 2346 no

105 2380 173 2433 stro
194 2384 341 2449 corpore.
358 2362 581 2429 Nihilominus
594 2361 793 2426 abnormitos
808 2361 1033 2426 materialismi
1050 2364 1181 2451 physio-

106 2447 205 2534 logici
232 2445 400 2531 speciatim
423 2445 573 2509 evincere
595 2444 723 2507 iuvabit
750 2444 897 2526 sequenti
921 2442 1160 2529 propositione:

148 2529 265 2593 Animo
285 2548 380 2612 neque
398 2537 443 2589 est
463 2528 569 2611 ipsum
600 2536 743 2589 nostrum
764 2542 902 2605 eorpus,
928 2545 1023 2610 neptis
1054 2527 1091 2589 in
1111 2528 1182 2592 cim

106 2624 165 2675 tem
189 2612 335 2685 eratione,
351 2608 399 2670 vel
413 2609 448 2671 in
461 2610 529 2672 eius
537 2608 685 2693 partium
699 2604 918 2689 compositione
932 2608 1086 2673 consistit.

179 2693 320 2757 relator.
348 2692 466 2753 Anima
493 2711 558 2754 non
589 2699 639 2753 est
671 2690 780 2774 ipsum
813 2695 957 2751 nostrum
984 2710 1022 2754 co
1065 2711 1116 2754 us.
1142 2692 1184 2755 Et

109 2796 197 2851 sane,
213 2776 321 2839 anima
335 2783 383 2836 est
398 2773 609 2855 principium,
626 2790 685 2854 per
698 2768 785 2867 quod
801 2788 920 2852 corpus
940 2772 1020 2837 vivit
1051 2820 1060 2835 .
1078 2774 1181 2855 Atqui

110 2857 329 2943 principium,
345 2873 402 2940 per
415 2852 502 2937 quod
517 2872 637 2937 corpus
651 2853 730 2917 vivit
747 2898 757 2927 ‚
781 2862 909 2917 nonest
925 2852 1033 2937 ipsum
1047 2874 1183 2939 eorpus,

146 3056 156 3093 ¹
176 3052 216 3106 Ad
235 3054 286 3104 lico
305 3055 497 3117 proculdubio
518 3052 632 3116 respexit
652 3067 674 3102 s.
696 3050 867 3115 eltrgnstinus,
889 3060 952 3097 cum
972 3046 1068 3110 inquit:
1092 3064 1102 3091 ι
1129 3042 1186 3097 Αυ-

110 3129 163 3180 ‹lirl
182 3139 260 3177 sonos
278 3128 430 3184 rerboron,
451 3126 546 3189 quibus
558 3120 624 3193 (ηε)
638 3122 820 3187 significantur
837 3134 899 3170 eum
919 3118 952 3168 tle
972 3118 1013 3167 isis
1031 3117 1184 3177 uteorum

112 3200 157 3251 seri
176 3199 216 3249 illi
235 3198 291 3257 siti,
311 3200 377 3248 istae
396 3202 487 3248 autem
505 3200 575 3247 alise
593 3201 665 3246 sont.
685 3192 753 3245 Nam
773 3194 810 3243 illi
830 3194 908 3242 aliter
926 3202 1032 3252 graece,
1052 3189 1133 3241 aliter
1148 3192 1187 3241 ln-

112 3273 167 3321 tine
186 3272 292 3328 sonam,
313 3270 378 3319 istae
396 3282 461 3319 sero
478 3282 529 3319 neo
547 3281 670 3330 grassae,
691 3280 739 3317 neo
758 3266 856 3315 latinae
876 3266 947 3321 snnt,
968 3276 1017 3312 nec
1037 3261 1110 3311 aliud
1129 3263 1187 3313 elo·

114 3342 237 3405 polorum
256 3353 338 3403 geom
360 3358 386 3398 ‘s
408 3340 536 3402 warren,
557 3338 604 3388 lib.
624 3336 660 3394 X.
680 3354 706 3389 c.
728 3337 771 3395 ts,
792 3352 819 3386 n.
843 3336 887 3386 to.

149 3410 162 3445 ²
182 3412 213 3459 in
231 3411 274 3460 tto.
298 3414 311 3460 Ι
329 3412 412 3468 sent..
433 3408 498 3461 lilst.
519 3407 590 3466 titt.
610 3425 639 3473 q.
661 3406 706 3467 ΙΙΙ,
726 3423 753 3459 a.
774 3408 790 3458 3
809 3408 859 3458 sol.

151 3475 205 3535 ΙΙ,
224 3493 252 3543 q.
272 3476 344 3538 xvi,
364 3494 391 3530 a.
413 3482 478 3531 'iso
497 3478 576 3531 2.-⁴
595 3484 685 3530 cone.
705 3483 792 3533 Geni..
813 3480 859 3529 liis.
883 3474 915 3533 ΙΙ,
935 3490 962 3525 c.
981 3474 1028 3532 to,
1048 3488 1077 3523 n.
1097 3474 1126 3523 Β.

152 3546 165 3580 ⁸
186 3545 284 3605 thts,
306 3550 390 3613 inquit
409 3564 432 3599 s.
449 3549 621 3613 Augustinus,
641 3554 729 3603 onrnis
747 3557 821 3609 tuse.
841 3550 930 3601 anima
944 3551 989 3597 tus
1006 3562 1031 3605 η
1047 3546 1076 3597 ts
1092 3546 1188 3599 team,

118 3616 166 3671 m.
186 3628 210 3668 ⁶·
229 3619 263 3679 Χ.
283 3622 362 3672 tssot.
382 3617 490 3686 xtvu,
507 3636 536 3676 o.
557 3623 585 3675 8.
