2475 3909
467 215 699 266 nunnuttoorn
1025 202 1085 270 103

63 310 203 382 guantur
225 323 287 366 non
302 317 342 366 ex
356 301 616 398 quibuscumque
632 301 828 379 actionibus,
845 301 900 367 sed
916 324 958 368 ex
974 304 1016 368 iis
1030 302 1127 369 dum·

63 395 159 458 taxat,
180 405 263 469 quae
285 405 393 468 specte
416 385 502 450 inter
523 405 557 448 se
578 383 726 450 diversae
741 395 827 462 suut,
842 405 900 448 seu
914 405 956 449 ex
971 386 1013 449 iis
1027 385 1127 450 actio-

61 465 166 541 nibus,
188 485 270 550 quae
292 465 332 528 ad
355 465 441 529 idem
466 466 667 553 principium
690 466 839 530 revocari
864 485 929 530 uon
952 476 1086 551 possunt
1103 467 1125 527 ¹.

62 545 95 608 E.
119 567 164 630 g„
188 567 228 612 ex
251 546 415 624 tarditate,
437 556 494 612 aut
514 547 682 612 celeritate
704 549 854 624 actionis,
876 549 926 613 uti
948 548 1080 623 moveri,
1096 556 1129 610 ct

60 647 194 720 carvere,
218 627 384 693 facultates
407 649 470 692 non
492 627 762 713 distinguuntur,
791 650 865 693 nam
886 628 921 693 hi
944 628 1032 694 modi
1054 649 1127 714 spe·

60 729 139 772 crem
162 710 301 776 actionis
323 731 387 774 nou
410 711 594 775 immutant.

281 835 350 888 Aur.
372 835 551 904 Vll—Quot
570 840 624 888 sint
641 840 746 891 animae
766 838 907 890 facultates

96 949 146 1014 19.
171 949 204 1014 S.
229 947 366 1011 Thomas
394 947 502 1032 primo
535 945 707 1012 facultates
739 948 866 1011 animae
897 946 1055 1013 humanae
1088 949 1130 1013 ad

59 1032 206 1114 quinque
230 1049 348 1114 genera
371 1027 544 1104 revocavit,
567 1049 684 1112 nempe
705 1031 916 1124 eepetotieom,
932 1030 1127 1107 tumificant,

58 1111 294 1186 intellectivam,
316 1111 531 1194 apetitieam,
554 1120 585 1174 et
607 1111 832 1176 loeomoteaam.
856 1108 980 1174 Deinde
1007 1113 1130 1195 primas

58 1208 199 1277 quatuor
221 1193 253 1255 in
276 1213 381 1256 varias
402 1191 527 1286 species
549 1189 712 1269 distinxit3
729 1191 853 1257 scilicet
875 1190 1061 1257 facultatem
1078 1215 1131 1258 re-

60 1277 234 1354 solutivam
257 1274 290 1337 iu
312 1278 517 1348 nutritivam,
544 1276 828 1356 unpmentatioom,
852 1285 883 1337 ct
905 1275 1128 1356 peneratieam3

59 1353 246 1423 facultatem
269 1356 455 1420 sensitivam
479 1355 513 1418 in
536 1357 682 1502 quiapue
711 1376 822 1420 sensus
847 1357 1045 1432 exteriores,
1070 1360 1129 1440 qui

58 1452 130 1504 sunt
152 1440 259 1512 m'sns,
285 1437 429 1511 auditne,
451 1450 574 1518 pastus,
597 1459 614 1500 o
636 1449 761 1515 oratus,
786 1446 817 1502 et
838 1447 951 1515 tactas,
973 1445 1071 1524 atque
1097 1440 1129 1503 iu

58 1531 200 1604 quatuor
215 1539 326 1583 sensus
341 1519 525 1597 interiores,
540 1539 657 1605 nempe
672 1541 796 1584 sensnm
812 1540 1019 1596 commanem,
1057 1520 1131 1582 lan-

58 1605 182 1678 tosiam,
206 1601 451 1674 aestimativam,
473 1612 507 1667 et
528 1602 726 1677 memoriam3
752 1601 938 1667 facultatem
961 1540 1133 1667 iuteiiecti-

58 1706 127 1748 ram
154 1685 188 1748 in
214 1684 400 1747 intellectam
422 1694 571 1764 openiem,
594 1693 627 1750 et
647 1683 836 1748 intellectum
854 1683 1053 1768 possibilem
1077 1683 1133 1748 de-

58 1768 156 1850 nique
182 1764 370 1830 facultatem
394 1765 606 1851 appetitivam
629 1767 662 1829 iu
684 1767 855 1850 appetitam
877 1766 1075 1842 sensitivam,
1099 1776 1131 1829 et

57 1850 232 1932 appetitam
256 1845 491 1923 intellectivam,
514 1847 571 1932 qui
593 1846 714 1912 dicitur
735 1847 835 1912 etiam
857 1847 1037 1911 notantes&

59 2010 66 2024 .
94 1932 147 1995 20.
164 1928 241 1993 Nou
258 1929 365 2025 plures
381 1928 429 2025 his
443 1948 513 2025 esse
528 1949 641 2024 omnes
655 1931 781 1993 animae
797 1926 967 1992 facultates
981 1949 1031 2004 ca,
1047 1948 1130 2012 quae

58 2033 87 2074 m
109 2010 329 2096 sequentibus
353 2009 515 2095 capitibus
537 2009 657 2076 dicturi
681 2029 815 2087 sumus,
841 2009 1023 2075 luculenter
1045 2031 1131 2074 com-

58 2105 251 2159 monstrant.

92 2229 163 2280 Aur.
187 2223 348 2280 viti-os
368 2229 546 2290 potentiarum
565 2227 733 2277 distinctione
753 2228 779 2275 ln
799 2226 901 2277 activas
921 2230 948 2276 et
968 2227 1096 2288 passiam,

390 2303 417 2348 et
435 2299 468 2348 de
486 2302 603 2362 potentia
624 2298 795 2349 obedientiali

93 2405 147 2470 21.
172 2401 392 2478 Facultatum,
431 2422 489 2466 uas
510 2402 789 2479 enumeravimus,
804 2401 888 2466 aliae
904 2402 1034 2475 ceticae,
1050 2402 1133 2467 aliae

54 2488 200 2570 passiam
224 2493 309 2548 suut.
335 2423 518 2550 taedians
538 2483 685 2560 activae,
710 2482 891 2550 secundum
914 2503 940 2546 s.
964 2483 1131 2562 Thomam,

57 2572 131 2636 illae
155 2576 253 2644 sunt,
277 2583 361 2648 qnae
383 2566 549 2643 alliciunt,
578 2577 615 2631 ut
643 2585 738 2630 suum
766 2565 934 2631 obiectum
961 2563 1019 2628 liat
1045 2576 1131 2643 actu;

57 2652 220 2736 passivae,
243 2667 329 2731 quae
352 2669 370 2711 a
393 2668 452 2712 suo
474 2647 601 2713 obiecto
625 2647 689 2711 iam
712 2659 786 2712 actu
807 2648 966 2712 existente
981 2644 1021 2712 ad
1037 2668 1134 2734 agen-

56 2734 135 2800 dum
159 2739 333 2794 moventur
348 2728 370 2792 ¹.
400 2729 609 2815 Quapropter
639 2726 804 2794 obiectum
834 2727 976 2793 refertur
995 2727 1035 2792 ad
1058 2751 1135 2816 ope-

57 2815 221 2881 rationem
245 2811 408 2894 poteutiae
431 2815 566 2888 activae,
590 2820 754 2895 tamquam
777 2811 949 2887 terminus,
965 2807 1006 2874 ad
1022 2832 1135 2898 opera-

57 2899 182 2963 tionem
206 2903 315 2958 autem
338 2895 502 2978 potentiae
527 2893 696 2977 passivae,
727 2903 890 2978 tamquam
919 2893 1133 2978 principium.

94 2979 152 3042 22.
175 2977 326 3040 Potentia
353 2987 463 3042 autem
492 2974 702 3039 obedientialis
731 2973 909 3040 secundum
930 2993 956 3038 s.
980 2973 1135 3042 Thomam

93 3148 103 3184 t
127 3147 180 3209 οη.
200 3146 300 3206 dimit.
325 3143 362 3190 lle
383 3145 457 3200 Ver„
477 3157 504 3206 q.
526 3139 598 3204 xlv,
618 3158 646 3196 a.
667 3146 678 3194 l
701 3159 727 3196 e.

92 3215 150 3272 ²l.
171 3230 200 3279 q.
222 3209 364 3271 litlivttt,
385 3228 411 3263 a.
436 3215 444 3262 l
468 3229 493 3263 c.

94 3289 107 3325 ³
129 3290 183 3352 ος.
204 3287 304 3349 ἀίερρ.,
326 3287 364 3336 De
389 3288 461 3340 Ver..
481 3301 509 3350 q.
529 3283 602 3344 tivi,
623 3300 650 3337 a.
673 3288 684 3336 l
707 3289 739 3338 ad
762 3290 805 3340 te.
827 3289 894 3342 llioc
918 3299 1009 3343 errant
1028 3288 1138 3360 Gallon-

58 3364 118 3424 pins
140 3358 244 3422 (Lesa
265 3361 332 3416 ete,
354 3359 407 3407 tea.
426 3353 481 3423 96)
508 3359 628 3421 aliique,
655 3372 717 3410 aum
743 3360 840 3412 docent
865 3366 1011 3425 potentiam
1029 3373 1138 3419 aeneam

58 3447 121 3483 eam
144 3443 216 3488 esse,
235 3443 305 3493 quae
324 3428 425 3493 aliquid
444 3442 523 3494 agere
542 3435 640 3494 potest.
658 3435 791 3494 nmstmm
804 3438 906 3495 autem,
919 3440 1135 3499 quassationem

59 3509 87 3556 in
110 3517 142 3554 se
164 3501 309 3564 reeipiendi
328 3503 415 3552 sotum
434 3515 518 3564 capax
537 3509 588 3553 est.
607 3499 687 3560 Nam,
707 3511 736 3554 ut
755 3505 820 3556 saite
844 3507 878 3556 ab
895 3505 1029 3572 Aquinate
1048 3513 1137 3562 etser-

59 3581 161 3626 satum
180 3579 221 3623 est
238 3567 300 3639 (loe.
320 3572 386 3640 ete),
406 3574 540 3638 quaelibet
559 3576 739 3637 potentiarum
758 3582 815 3628 tum
834 3580 933 3642 activa,
954 3586 1012 3632 lum
1031 3585 1134 3646 passiva

57 3647 223 3714 expostum,
244 3649 274 3695 nt
292 3645 318 3695 in
337 3645 480 3711 quemdam
500 3651 590 3699 aetum
610 3647 731 3712 prodeat.

1132 3818 1236 3880 A
