2475 3909
459 188 731 240 nn'rrinoeonnuin
1025 178 1082 243 195

51 287 111 352 pus
134 269 325 344 animatum,
351 292 464 356 nempe
487 286 582 357 prout
604 286 653 339 est
691 276 880 359 rincipium,
896 296 960 360 quo
986 280 1120 342 materia

50 354 87 416 nt
108 373 226 436 corpus
250 354 371 416 vivum.
395 353 462 415 lam
485 357 649 419 animane
669 295 877 441 iiocquidem
902 357 996 420 modo
1018 362 1121 424 eonsi-

50 435 176 506 derata,
199 455 264 516 quo
287 455 387 498 unuin
413 455 487 497 cunr
509 459 646 520 corpore
669 450 729 514 est,
753 451 897 513 extensa,
921 451 953 502 et
974 439 1123 504 divisibi-

52 515 92 577 iis
113 513 179 578 dici
204 526 329 599 potest;
381 529 529 600 ropterea
561 518 698 603 quodsi
722 522 857 585 materia
884 523 1031 600 corporis
1055 523 1124 584 viri.

50 608 99 661 est
121 607 270 675 extensa,
294 610 327 663 et
372 597 534 676 ivisibiiis,
563 601 785 696 principium,
813 623 878 686 quo
906 603 976 748 ipsa
999 603 1033 666 sit
1054 624 1123 666 cor-

53 699 114 763 pus
137 680 261 756 vivum,
277 701 340 743 non
365 691 571 764 potestesse,
595 691 628 746 ut
644 683 800 759 diximus,
824 685 884 748 nisi
901 705 917 746 a
935 684 1025 768 iquid
1049 686 1122 748 sim-

53 758 142 844 plex,
162 771 196 824 et
217 760 416 825 indivisibile
432 764 454 824 ¹.

93 843 147 904 27.
171 841 280 907 Obiic.
304 842 339 906 2⁰
361 845 450 908 Inter
471 845 637 921 animam,
662 855 694 910 et
716 865 834 931 corpus
855 847 943 911 nulla
970 857 1018 910 est
1051 869 1124 910 con-

54 924 230 987 venientia.
255 927 341 1010 Ergo
364 947 426 989 nou
451 937 608 1010 potestex
628 928 667 991 iis
683 948 745 990 una
762 928 940 994 substantia
964 931 1122 1014 compieta

53 1005 224 1080 constitui,
246 1029 283 1070 ac
307 1007 442 1092 proinde
464 1009 573 1071 anima
596 1030 660 1071 non
683 1029 715 1074 se
739 1008 896 1075 habetati
919 1031 1049 1097 corpuS,
1075 1013 1121 1075 uti

57 1087 164 1149 forma
186 1088 408 1154 substantialis
431 1090 470 1154 ad
494 1092 676 1155 materiam.

93 1171 146 1236 28.
170 1170 268 1257 Resp.
296 1173 380 1234 nist.
404 1188 493 1248 orat.,
518 1171 606 1235 nnita
639 1183 686 1236 est
712 1176 949 1238 convenientia
972 1186 1121 1248 nutrrroe,

52 1273 140 1315 conc.
164 1267 253 1330 aaa,
278 1254 363 1318 nulia
387 1266 434 1318 est
456 1256 680 1318 convenientia
706 1257 947 1338 proportionis,
970 1277 1036 1338 nep.
1058 1265 1121 1318 unt.

53 1334 134 1416 Nep.
159 1357 240 1399 cons.
264 1338 368 1410 Sane,
394 1335 499 1399 forma
522 1347 555 1400 et
578 1337 713 1401 materia
750 1357 810 1398 non
846 1349 920 1402 sunt
945 1337 1027 1402 duae
1050 1337 1126 1401 sub-

51 1416 215 1492 stantiae,
237 1417 291 1482 sed
315 1428 442 1503 partes,
466 1439 520 1481 seu
547 1418 710 1502 principia
733 1416 877 1480 eiusdem
902 1418 1123 1490 substantiae;

52 1496 219 1582 siquidem
243 1499 358 1577 forma,
382 1512 418 1564 ut
441 1521 537 1584 saepe
560 1499 719 1574 diximuS,
742 1512 790 1565 est
813 1513 911 1574 actem,
935 1512 967 1564 et
990 1503 1123 1565 materia

52 1594 102 1647 est
120 1582 271 1664 potentio.
295 1581 378 1645 Hinc
403 1585 488 1648 inter
510 1582 699 1657 materiam,
724 1593 755 1647 et
779 1581 916 1644 sormam
939 1603 1002 1646 non
1026 1602 1125 1667 expo-

52 1662 196 1727 stulatur
216 1663 442 1728 convenientia
459 1673 604 1737 naturae,
621 1683 704 1745 quae
721 1685 835 1746 nempe
853 1663 1025 1729 intercedit
1042 1667 1126 1729 inter

53 1743 252 1810 snbstantias
283 1745 429 1809 eiusdem
455 1758 616 1819 naturae,
647 1746 699 1808 sed
729 1745 900 1810 dumtaxat
933 1749 1126 1810 convenien-

53 1827 115 1902 tia,
140 1841 294 1910 quaeest
318 1829 402 1893 inter
424 1827 614 1912 potentiam,
637 1837 668 1890 ct
690 1839 811 1901 actum,
834 1847 983 1912 quaeque
1005 1829 1126 1892 dicitur

52 1910 279 1974 convenientia
298 1910 526 1994 proportionis.
551 1909 639 1971 Haec
663 1909 766 1993 igitur
798 1911 1023 1974 convenientia
1053 1930 1127 1993 pro-

53 1991 214 2076 portionis
236 1993 430 2076 requiritur,
454 2001 491 2056 ut
522 1989 631 2054 anima
663 1988 766 2054 forma
801 1989 1024 2055 substantialis
1057 2013 1126 2054 cor-

53 2074 146 2157 poris
179 2093 247 2139 esse
270 2076 407 2158 possit².
432 2075 501 2137 lam
524 2072 712 2136 huiusmodi
736 2072 961 2136 convenientia
985 2075 1126 2136 maxime

52 2165 145 2219 extat
178 2157 264 2219 inter
295 2156 461 2231 animam,
496 2164 529 2218 et
550 2173 683 2235 corpus,
707 2155 830 2238 quippe
853 2153 954 2238 quod,
979 2167 1126 2220 monente

52 2257 82 2298 s.
107 2235 241 2311 Thoma,
265 2239 371 2301 anima
397 2238 506 2321 potius
529 2235 568 2317 ad
591 2255 724 2321 corpus,
749 2255 847 2318 quam
871 2235 909 2298 ad
938 2235 1037 2300 aliam
1061 2239 1128 2300 ani·

54 2339 157 2395 mam,
179 2320 281 2385 veluti
304 2329 394 2384 actus
416 2317 456 2382 ad
478 2319 652 2402 potentiam
676 2318 859 2400 comparari
884 2327 986 2462 potest
1003 2321 1024 2381 ³.
1043 2319 1127 2382 Hine

52 2423 83 2466 s.
102 2400 328 2466 Bonaventura
345 2401 463 2485 inquit:
480 2423 497 2461 «
514 2399 621 2484 Magis
637 2411 685 2464 est
701 2399 809 2462 anima
824 2400 882 2462 uni
910 2399 961 2463 ilis
983 2404 1126 2485 corpori,

52 2503 158 2568 quam
181 2483 223 2547 sit
246 2506 308 2547 una
331 2484 440 2547 anima
461 2479 599 2545 unibiiis
622 2480 715 2544 alteri
734 2481 789 2540 ⁶».

98 2565 150 2631 29.
173 2563 281 2632 Obiic.
306 2564 340 2631 3⁰
363 2564 394 2630 Si
418 2564 527 2627 anima
543 2573 628 2628 esset
643 2562 748 2626 forma
772 2559 992 2626 substantialis
1014 2583 1128 2648 corpo-

51 2647 117 2723 ris,
142 2645 265 2712 tamdiu
288 2649 453 2721 existeret,
478 2642 637 2728 quamdiu
660 2667 735 2709 cum
759 2663 897 2788 corpore
917 2645 1128 2730 coniungere·

54 2741 126 2793 tur.
150 2729 249 2812 Atqui
270 2730 330 2794 hoc
351 2727 491 2794 destruit
513 2727 640 2792 animae
664 2728 816 2791 immorta
835 2725 956 2790 itatem.
981 2727 1080 2811 Ergo.

99 2811 150 2876 30.
175 2810 274 2894 Resp.
299 2813 378 2895 Nep.
402 2810 491 2885 mai,
515 2828 598 2872 conc.
624 2809 703 2872 min.
729 2809 807 2888 Nep.
832 2827 914 2870 cons.
932 2808 979 2872 Re
994 2807 1128 2892 quidem

55 2911 148 2968 vera,
172 2893 293 2969 anima,
317 2905 353 2960 ut
376 2893 442 2957 iam
466 2891 633 2954 innuimus
651 2891 675 2966 ⁸,
698 2900 730 2955 et
752 2887 832 2953 alibi
856 2889 961 2954 fusius
982 2890 1130 2956 ostende-

56 2995 146 3053 muS,
168 2973 212 3039 ita
241 2985 289 3039 est
309 2973 415 3039 forma
447 2969 668 3037 substantialis
700 2971 869 3056 corporis,
893 2982 968 3036 uta
991 2991 1129 3068 corpore

54 3076 123 3120 non
146 3057 279 3121 omnino
305 3054 452 3142 pendeat·
476 3055 542 3118 lam
567 3063 683 3119 natura
704 3051 891 3119 huiusmodi
909 3053 1031 3118 formae
1048 3052 1129 3118 rttud

414 3176 742 3191 m

96 3241 104 3273 ¹
126 3233 165 3288 Ex
185 3240 226 3288 his
246 3239 404 3300 perspicitur
426 3252 480 3287 ene
498 3237 603 3285 animae
629 3239 656 3283 et
676 3236 817 3297 corporis.
838 3238 908 3300 quod
927 3239 1016 3288 anima
1044 3240 1129 3290 intor-

55 3317 127 3368 mat,
146 3325 204 3362 esso
225 3313 293 3362 idern
312 3310 469 3367 substantia,
491 3309 536 3358 sect
556 3309 689 3357 diversum
709 3307 798 3365 modo,
814 3315 912 3373 quippe
932 3311 1001 3373 quod
1022 3312 1048 3361 in
1069 3327 1130 3362 eor·

55 3391 182 3450 pareest
201 3384 274 3434 reiut
294 3386 319 3433 in
339 3382 476 3439 subiecto,
497 3379 618 3444 quadan
638 3381 727 3430 anima
747 3379 904 3442 perficitur,
925 3389 1006 3446 atque
1028 3387 1052 3434 in
1072 3387 1130 3436 ani.

56 3471 115 3516 ma,
135 3462 214 3519 prout
232 3463 272 3506 est
293 3455 463 3517 principium,
484 3455 554 3517 qnod
575 3465 673 3514 eorpus
693 3452 805 3513 perficit.
827 3448 863 3504 ct
878 3469 900 3504 s.
917 3449 1025 3514 Tuom..
1045 3459 1109 3508 ibid.
1161 3505 1164 3512 ,

97 3528 109 3563 ²
128 3525 202 3578 Cis.
224 3525 331 3586 Tuom,
352 3531 379 3576 r'n
400 3527 445 3576 lib.
467 3529 492 3576 11
510 3528 591 3580 Sept„
613 3521 680 3573 nist.
701 3521 721 3582 Ι,
744 3539 771 3588 q.
793 3521 826 3582 lt.
847 3540 873 3575 a.
896 3529 911 3576 4
931 3527 963 3575 ad
984 3528 1011 3577 3.

95 3600 177 3665 ³Qp.
197 3605 296 3665 dispp„
316 3615 344 3664 q.
366 3613 412 3649 un.
434 3601 472 3649 De
491 3602 558 3662 spir.
580 3605 672 3656 erent„
694 3611 720 3645 a.
741 3597 756 3646 ἓ
778 3597 809 3646 ad
834 3597 875 3648 10.

95 3671 108 3709 ί
128 3676 159 3724 tn
176 3675 221 3726 tib.
244 3675 284 3725 m
300 3676 384 3734 Soet,
404 3669 472 3723 liiat.
491 3668 513 3732 Ι,
534 3685 561 3722 a.
586 3671 609 3729 t,
630 3683 657 3734 q.
680 3667 689 3720 Ι
709 3671 745 3722 od
763 3671 873 3735 erp-³
892 3668 955 3734 Pag.
979 3671 1040 3722 aaa.
1075 3697 1079 3704 ·

829 3747 838 3762 ²
923 3743 942 3782 t
