2475 3909
438 158 710 208 ssvunerosocta
1008 147 1069 214 219

41 239 200 323 sequitur,
223 236 309 321 quod
332 259 447 324 nempe
470 243 617 318 materia,
640 262 714 306 cum
736 243 777 309 sit
798 243 882 310 vitae
904 264 1035 332 expers,
1061 250 1110 312 vi-

41 334 106 383 tam
128 322 258 404 corpori
286 320 316 382 in
339 319 468 386 homine
491 321 657 407 largiatur.
674 324 730 389 Sin
756 326 967 390 immateriale
983 327 1008 402 ¹,
1026 328 1106 392 illud

39 399 127 483 qtsod
149 404 245 466 etiam
274 400 392 465 laisum
419 414 490 480 est,
517 406 748 489 consequitur,
771 427 886 492 nempe
910 408 1107 494 principium

41 482 149 559 vitale,
165 482 321 547 dissoluto
342 504 490 571 corpore,
514 507 657 562 manere,
679 488 688 551 i
714 509 783 552 sum
811 509 850 552 ue
873 510 936 552 non
958 511 1025 555 esse
1039 511 1111 555 cor-

40 564 185 648 ruptioni
209 565 399 629 obnoxiam.
424 568 565 644 Etenim,
588 507 765 634 secunlum
787 508 966 644 lanistas,
990 572 1110 658 prinei-

42 645 131 740 pium
154 647 250 711 vitale
273 656 320 711 est
341 647 506 713 diversum
530 669 547 710 a
571 650 755 734 principio,
777 671 843 736 quo
865 674 984 737 corpus
1007 654 1111 719 homi-

41 746 104 800 nvs,
120 729 169 790 vel
185 727 361 794 cuiuslibet
382 731 532 795 animalis
547 733 579 793 in
594 733 701 826 specie
723 734 868 816 corporis
890 737 1109 800 constituitur.

40 809 129 892 Ergo
157 831 276 894 eorpus
301 810 465 887 hominis,
496 811 542 876 vel
568 833 802 897 cuiuscumque
830 815 981 881 animalis
1008 829 1112 901 posset

40 888 197 964 dissolvi,
220 893 299 975 quin
325 894 525 978 principium
552 893 650 960 vitale
677 892 894 972 dissolvatur;
926 900 1025 963 immo
1047 919 1111 962 non

42 983 148 1054 posset
164 973 362 1068 principium
380 977 478 1040 vitale
492 996 567 1038 cum
581 976 791 1041 dissolutione
807 980 954 1063 corporis
966 980 1110 1051 dissolvi,

41 1053 120 1136 quia
142 1074 203 1118 esse
225 1075 321 1118 vanius
348 1055 388 1118 ab
414 1077 473 1121 esse
494 1057 630 1122 alterius
657 1078 721 1121 non
746 1058 883 1143 pendet.
906 1073 1003 1146 atque
1030 1061 1108 1127 illud

42 1137 247 1217 operationes
268 1134 375 1213 halset,
397 1159 481 1223 quae
503 1138 590 1215 huic,
617 1147 714 1224 prout
735 1161 854 1226 corpus
876 1154 935 1219 est,
961 1165 1023 1208 nen
1039 1165 1113 1208 cen-

43 1227 186 1280 vetuunt.

82 1295 133 1362 75.
158 1297 238 1361 lllud
255 1310 362 1362 antem
384 1299 600 1366 omittendum
623 1311 759 1377 nonest,
776 1302 1006 1389 Philosophum
1023 1305 1115 1371 Chri-

41 1381 183 1444 stianum
199 1380 350 1444 dubitare
374 1403 436 1445 non
455 1403 562 1478 posse,
577 1383 658 1466 quin
674 1384 780 1446 anima
803 1386 971 1448 rationalis
986 1388 1028 1450 sit
1044 1391 1115 1450 tini·

42 1482 118 1524 eum
137 1462 342 1559 principium
375 1483 522 1528 ommam
543 1466 769 1548 operationum
792 1465 944 1530 hominis.
976 1469 1057 1533 Nam
1081 1469 1114 1531 in

45 1544 175 1628 primis,
198 1543 275 1608 haee
298 1543 423 1609 theoria
439 1555 488 1609 est
503 1566 629 1609 merum
653 1545 864 1610 corollarium
888 1546 975 1613 illius
996 1548 1114 1615 doctri-

42 1646 116 1698 nae,
139 1645 204 1709 qua
227 1623 383 1699 traditur,
404 1627 547 1689 animam
573 1627 764 1691 rationalem
787 1649 855 1692 esse
880 1627 1016 1694 formam
1040 1631 1116 1696 sub-

44 1706 227 1771 stantialem
249 1708 408 1791 corperis,
425 1706 606 1791 siquidem,
623 1729 698 1772 cum
722 1709 826 1773 forma
849 1711 891 1776 sit
914 1711 1115 1796 inqualibet

46 1809 82 1852 re
105 1809 169 1852 nen
193 1788 289 1853 medo
312 1788 513 1872 principium
534 1786 583 1846 τοῦ
604 1809 689 1863 esse,
712 1789 767 1854 sed
790 1792 890 1856 etiam
910 1811 959 1850 του
977 1795 1114 1877 operari,

44 1869 131 1935 idem
155 1881 204 1935 est
225 1869 361 1945 dicere,
384 1871 502 1933 Anime
522 1871 688 1935 retroactis
708 1883 750 1936 est
770 1873 869 1952 [orme
901 1873 1117 1939 solennitatis

43 1952 198 2034 corperis,
215 1972 253 2016 ac
275 1953 392 2014 Anime
411 1954 575 2017 rationalis
596 1962 638 2015 est
702 1953 857 2037 incipiam
886 1965 1070 2019 coaeterum
1086 1977 1118 2020 o-

40 2035 241 2118 perationum
264 2031 415 2179 coppopis:
433 1973 733 2131 InsuperAEcellelia
750 2037 783 2098 in
798 2035 944 2100 Concilio
965 2037 1118 2102 Constan-

44 2115 262 2202 tinopolitano
284 2116 297 2179 l
373 2134 431 2179 uas
452 2137 576 2179 animas
599 2121 633 2181 in
655 2118 786 2182 homine
811 2127 964 2202 ponentes
986 2120 1117 2184 anathe-

45 2209 134 2264 mate
157 2197 338 2272 coniecit²;
355 2209 451 2281 atque
468 2199 546 2262 Pius
562 2198 610 2265 tx
633 2200 736 2284 ipsam
761 2201 902 2262 animam
925 2200 1119 2265 rationalem

42 2299 113 2342 esse
129 2280 330 2365 principium
345 2280 571 2426 operationum
589 2281 844 2366 vegetativarum
858 2279 1013 2345 adversus
1030 2281 1119 2347 Balt-

43 2382 157 2426 zerum
180 2372 292 2447 aperte
313 2359 373 2425 dec
386 2362 522 2426 aravit⁸.

80 2551 90 2584 ⁴
112 2547 163 2600 Pro
182 2549 408 2600 immaterialitate
422 2552 543 2614 principii
562 2550 651 2603 vitalia
670 2556 741 2602 stant
761 2549 874 2610 drbens,
895 2549 1011 2615 Ubaghs,
1027 2548 1119 2616 Maga·

43 2624 152 2679 thaeus,
173 2623 272 2685 aliique
292 2636 342 2672 sven
363 2624 454 2685 pauci,

82 2694 94 2730 ²
116 2713 127 2740 ι
151 2691 239 2744 Veteri
255 2698 282 2743 et
294 2708 362 2744 novo
382 2690 553 2744 Testamenta
566 2710 647 2746 unam
668 2697 795 2754 animam,
817 2695 986 2752 rationalem.
1001 2701 1027 2745 et
1041 2697 1119 2746 intel-

43 2767 183 2821 lectivam.
199 2766 295 2816 babere
315 2767 450 2817 bominem
470 2765 596 2825 decente,
615 2772 643 2818 et
661 2769 784 2817 omnibus
803 2767 942 2830 deiloquiis
962 2764 1082 2818 Patribus
1094 2773 1122 2818 et

43 2836 180 2902 Magistris
192 2834 330 2888 Ecclesiae
349 2838 472 2887 eamdem
492 2840 644 2901 opinionem
665 2839 886 2896 asseverantibus,
907 2841 933 2889 in
954 2845 1057 2888 tantum
1073 2843 1122 2889 im-

42 2911 152 2974 pietatis
165 2909 274 2973 quidam
294 2911 428 2960 malornm
447 2911 642 2961 inventionibus
661 2912 754 2962 dantes
772 2925 882 2974 operam
903 2911 1077 2966 devenerunt.
1091 2918 1121 2962 ut

42 2985 112 3032 duas
130 2995 193 3031 eum
213 2981 312 3032 babere
333 2983 438 3031 animas
458 2983 626 3044 impudenter
645 2983 845 3047 dogmatizare,
867 2987 894 3032 et
912 2984 1069 3047 quibusdam
1088 2985 1123 3033 ir·

41 3054 220 3106 rationalibus
237 3055 377 3104 conatibus
397 3067 444 3116 per
457 3056 628 3117 sapientiam,
643 3068 712 3119 quae
726 3056 805 3106 stulta
826 3055 894 3105 tacta
915 3059 965 3112 est,
987 3057 1121 3118 propriam

42 3127 180 3176 baeresim
204 3126 365 3177 confirmare
391 3127 576 3189 praetendant.
603 3124 695 3191 ltaque
722 3127 789 3177 baec
808 3131 899 3176 urscia
919 3133 946 3177 et
965 3129 1122 3177 universalis

42 3198 276 3261 synadensem
293 3199 428 3263 quoddam
449 3201 593 3261 pessimum
613 3201 759 3258 zizanium,
778 3211 850 3248 nunc
868 3200 1062 3262 germinantem
1076 3211 1122 3248 ne-

41 3284 128 3335 quam
141 3271 296 3335 opinionem
315 3271 432 3324 evellere
452 3271 628 3330 testinans...,
644 3271 705 3321 talis
718 3271 861 3334 impietatis
875 3272 1025 3322 inventores
1037 3276 1064 3321 et
1076 3283 1123 3333 pa-

42 3348 172 3403 tratores,
191 3349 219 3393 et
238 3343 278 3394 bis
297 3345 394 3396 similia
414 3344 559 3395 santientes
578 3356 675 3407 manna
695 3357 759 3394 voce
779 3343 988 3394 anathematisat
1004 3361 1038 3402 η
1059 3341 1121 3393 det.

42 3412 119 3473 Vttt.
140 3429 202 3466 can.
222 3412 257 3466 ll.

81 3485 95 3522 ³
119 3507 130 3531 ι
153 3483 281 3537 Notatom
302 3491 441 3551 praeterea
462 3491 514 3546 est,
535 3487 621 3550 inquit
639 3483 765 3537 Summus
779 3483 908 3544 lectites,
924 3483 1077 3536 Baitserum
1097 3487 1123 3537 in

42 3560 93 3613 tito
113 3572 162 3607 suo
184 3559 296 3618 iibetto,
316 3574 379 3611 eum
399 3573 507 3609 omnem
526 3561 736 3609 controversiam
757 3558 789 3609 ad
809 3557 860 3607 hoe
880 3562 1052 3614 resecasset,
1078 3558 1124 3607 alt-

41 3643 78 3685 os
99 3632 205 3698 corpori
227 3633 295 3684 vitae
315 3631 475 3699 principium
495 3631 631 3698 proprium
652 3631 683 3682 ab
703 3631 793 3684 anima
807 3629 929 3684 rationaii
950 3630 1052 3697 reipsa
1072 3629 1127 3683 dta-
