2475 3909
464 127 664 218 cosnotonra
1008 154 1067 222 115

100 251 261 320 Probatur.
284 251 459 330 Quodlibet
489 275 606 340 corpus
638 276 740 320 unum
767 277 827 341 per
846 277 877 320 se
897 277 965 322 esse
990 258 1107 338 debet,

57 339 130 422 quia
150 333 318 422 quodlibet
339 355 406 412 ens,
429 335 488 400 boc
510 338 592 420 ipso,
615 337 701 422 quod
724 349 774 402 est
792 359 860 417 ens,
875 350 923 403 est
936 360 1036 404 unum
1047 361 1108 425 per

59 439 98 481 sc.
119 420 214 503 Atqui
238 417 347 503 plures
369 416 567 485 substantiae
590 420 800 504 compositae,
822 421 849 484 si
872 421 1038 500 uniantur,
1061 421 1109 487 el-

57 498 159 565 ficiunt
180 521 279 565 uuum
297 520 355 584 per
376 499 527 577 occidens,
551 522 613 581 non
636 522 714 568 vero
723 521 783 585 per
802 523 832 565 rc
845 502 869 565 ¹.
894 503 980 588 Ergo
1002 525 1109 569 essen-

60 583 101 645 tia
119 583 262 668 corporis
277 585 310 646 in
332 582 519 648 collectione
542 585 687 668 plurium
708 583 960 650 substantiarum
981 606 1111 671 compo-

59 664 184 727 sitamm
211 664 313 748 posita
335 685 403 729 esse
425 665 548 750 nequit.
842 710 846 717 -

92 744 139 810 52.
162 743 203 811 Ut
223 745 282 810 boc
304 758 532 829 argumentum
555 748 659 833 magis
682 748 890 832 perspicuum
912 746 978 827 liat,
1001 748 1110 814 obscr-

58 825 190 891 vandum
213 838 262 893 est
275 849 316 892 ex
332 827 482 914 pluribus
497 849 559 893 non
575 849 668 913 posse
683 828 820 915 aliquid,
837 828 923 914 quod
939 842 988 896 est
1010 853 1111 896 [snum

56 929 111 993 per
131 929 178 986 se,
199 909 281 974 ellici
296 910 363 974 sine
378 911 488 997 aliquo
526 911 681 1007 rincipio,
697 911 783 996 quod
799 914 869 997 ipsa
884 914 928 976 ita
950 913 1110 998 pervadit.

56 999 90 1054 ut
110 1011 208 1054 unum
230 1013 272 1056 ex
286 992 327 1056 iis
341 993 470 1071 existat,
492 931 657 1061 divisibile
678 993 810 1078 quidem
822 995 964 1079 potentio
985 997 1018 1059 in
1041 996 1112 1082 plu·

56 1091 105 1136 res
127 1083 242 1156 partes,
258 1072 314 1138 sed
328 1074 505 1142 indivisum
520 1085 604 1138 ocia.
620 1075 827 1160 Quapropter
841 1088 948 1161 partes
967 1079 1112 1162 eorporis

58 1174 119 1218 non
141 1166 273 1240 possunt
294 1159 487 1222 constituere
509 1176 628 1242 corpus
649 1159 717 1221 sine
746 1160 855 1242 aliqua
878 1159 929 1235 vi,
951 1179 1015 1241 qua
1038 1181 1114 1224 con-

58 1237 209 1313 tinentur,
233 1249 328 1322 atquc
353 1259 452 1304 unum
467 1240 619 1309 efficiunt.
644 1239 722 1315 lam,
746 1241 773 1304 si
797 1251 924 1323 praeter
960 1252 1055 1318 artes,
1072 1263 1114 1306 ex

56 1315 169 1401 quibus
189 1339 308 1405 corpus
330 1323 499 1397 coalescit,
522 1342 604 1407 opus
625 1331 674 1387 cst
697 1321 738 1386 ad
765 1342 921 1418 corpuse
962 1323 1114 1387 ciendum
1171 1388 1175 1393 ,

56 1400 161 1486 aliqua
184 1403 229 1478 vi,
253 1423 310 1467 seu
334 1403 496 1490 principio
528 1403 647 1480 activo,
671 1424 713 1468 ex
734 1424 799 1489 qno
820 1423 909 1489 ipsae
931 1404 1113 1480 cohaerent,

56 1493 148 1568 atque
164 1485 196 1547 in
212 1504 312 1548 unum
327 1487 520 1562 coalescunt,
536 1485 640 1571 liquet
660 1487 832 1550 essentiam
846 1487 993 1572 corporis
1014 1508 1054 1551 ex
1075 1507 1114 1551 eo

55 1566 204 1630 constitui
228 1586 290 1630 non
313 1587 423 1652 possa,
445 1565 531 1652 quod
554 1587 672 1654 corpus
693 1589 734 1631 ex
755 1567 905 1653 pluribus
927 1566 1117 1635 substantiis

54 1647 252 1732 compositis,
274 1669 334 1713 ceu
355 1651 407 1715 sui
430 1649 590 1736 partibus,
613 1647 782 1715 conllatur.

128 1775 195 1826 Aer.
211 1773 352 1828 ll.—Vera
367 1779 497 1828 sententia
516 1780 587 1829 circa
607 1780 750 1829 essentiam
769 1778 888 1841 corporis
901 1777 1045 1827 adstruitur

95 1888 145 1954 53.
169 1885 324 1954 Doctores
346 1886 472 1953 mediae
503 1889 639 1965 aetatis,
661 1890 687 1954 si
710 1887 892 1954 Oekamum
923 1887 1118 1971 exceperis,

54 1968 260 2036 concorditer
280 1969 459 2035 docuerunt
473 1991 592 2057 corpus
613 1969 718 2036 tribus
732 1965 1007 2044 dimensionibus,
1031 1990 1119 2033 nem-

56 2073 98 2140 pe
120 2053 316 2131 coetcasr'onc,
340 2063 454 2118 natura
476 2073 533 2117 sua
566 2052 749 2138 praeditum
776 2071 869 2127 esse,
895 2051 1043 2134 corporis
1065 2071 1120 2115 au-

55 2146 120 2200 tem
142 2135 311 2200 essentiam
344 2155 408 2198 non
439 2155 507 2200 esse
540 2136 676 2233 positam
702 2135 736 2198 in
761 2131 879 2198 mosali
907 2133 1118 2227 ostensione,

57 2214 115 2281 sed
138 2217 171 2281 in
192 2218 349 2300 emicantia
370 2218 591 2294 extensionis,
614 2219 706 2293 sive,
734 2227 770 2280 ut
790 2212 936 2280 nonnulli
960 2226 1063 2292 arunt,
1085 2217 1120 2281 in

55 2299 229 2362 extersione
249 2297 385 2363 rediculi
399 2299 422 2363 ².
445 2299 605 2376 Quocirca
620 2298 849 2376 dimensiones,
868 2318 911 2362 ex
923 2316 1036 2361 eorum
1051 2319 1121 2364 sen-

56 2381 172 2458 tentia,
197 2401 215 2445 a
237 2401 371 2466 corpore
394 2382 512 2446 virtute
534 2379 651 2447 Divina
671 2383 817 2466 separari
840 2388 979 2464 queunt,
1003 2379 1069 2458 sed,
1093 2381 1121 2445 si

54 2465 118 2529 hoc
140 2462 216 2542 liat,
241 2483 357 2548 corpus
379 2461 449 2527 illas
472 2483 599 2550 semper
620 2463 739 2559 scipio,
762 2483 867 2548 neque
889 2460 948 2525 bac
968 2464 1124 2545 eaiqcotia

57 2545 221 2632 expoliari
245 2553 361 2632 potest;
386 2545 508 2690 quippe
529 2543 630 2631 quod,
653 2567 680 2610 s1
702 2545 778 2611 licet
798 2543 892 2610 nobis
913 2540 1125 2610 substantiam

52 2647 250 2713 corpoream
266 2629 334 2693 sine
349 2639 441 2694 actua
457 2629 466 2690 i
483 2628 670 2693 extensione
685 2626 881 2712 intelligere,
894 2644 1022 2692 necesse
1036 2637 1125 2694 certe

54 2721 130 2787 est,
156 2719 192 2774 nt
214 2708 303 2775 illam
325 2709 423 2777 veluti
450 2720 556 2793 aptam
583 2707 623 2774 ad
649 2709 730 2774 banc
756 2704 980 2794 recipiendam
1007 2709 1125 2775 intelli-

79 2813 187 2858 amus.

54 2816 76 2881 g
99 2874 155 2941 54.
176 2873 354 2940 Veritatem
375 2873 472 2938 buius
494 2873 670 2940 sententiae
691 2871 950 2938 demonstramus
977 2877 1124 2960 sequenti

54 2957 123 3024 Pro
149 2956 310 3022 ositione:
1086 3008 1088 3011 .

99 2977 248 3104 absecta
268 3039 407 3121 corporis
427 3040 463 3103 ia
478 3039 629 3134 coposito
641 3046 696 3112 ert,
710 3036 790 3133 prod
802 3046 845 3099 est
858 3034 1032 3102 substantia
1045 3058 1127 3103 com·

49 3125 170 3209 posito
189 3121 227 3184 od
248 3121 365 3184 trinam
386 3121 606 3186 dimensionem
627 3120 836 3206 recipiendam
856 3129 941 3203 opta.

715 3284 764 3297 —

97 3359 107 3395 1
132 3351 208 3415 «Ea,
228 3369 342 3420 qnorum
363 3351 447 3404 torma
467 3353 508 3404 est
525 3349 601 3408 ordo,
622 3350 666 3400 rel
683 3353 851 3414 compositio,
872 3369 925 3406 non
941 3359 1004 3406 suot
1021 3371 1064 3408 res
1083 3373 1130 3410 na-

53 3429 177 3488 turales,
199 3433 228 3479 ut
247 3429 285 3478 sic
305 3441 398 3478 eorum
418 3425 601 3486 unitas'possit
613 3423 666 3473 dict
680 3424 766 3474 unitas
779 3432 890 3478 naturae
902 3446 928 3488 η
940 3430 1028 3480 contr.
1042 3431 1129 3493 Gens,

52 3505 109 3611 hbl
130 3499 302 3626 bdbolastldls
321 3572 371 3622 bae
390 3582 497 3635 quoquc
516 3567 543 3618 ln
562 3581 590 3618 re
609 3569 707 3632 plausit
725 3564 888 3634 leibnitium
908 3572 939 3624 ol
953 3575 1023 3639 Soet.
1041 3577 1132 3640 theol„

31 3653 84 3722 *et
109 3649 196 3700 Laura
213 3659 259 3700 mr
278 3647 304 3699 tu
322 3647 447 3712 questos,
467 3645 490 3696 ri
507 3642 629 3696 l’errenoe
646 3645 681 3696 du
698 3655 774 3710 corpe
792 3648 902 3701 cossim
913 3649 1132 3760 desagmatur.
