2475 3909
173 172 235 238 371
463 192 649 240 rneocoam
672 191 860 244 1111111111

175 276 244 341 169.
268 271 318 338 ni
341 273 497 342 maiorem
519 279 568 342 rei
591 279 857 365 perspicuitatem
878 276 944 344 duo
965 279 1018 344 hic
1047 288 1129 344 sunt
1151 273 1204 344 ad·

132 357 291 420 notanda:
316 354 349 422 1⁰
371 357 615 425 «conservatio
636 382 746 425 rerum
768 383 786 426 a
811 361 879 428 lieo
901 383 963 426 non
986 373 1037 426 est
1064 380 1128 446 per
1148 361 1207 425 ali·

134 455 233 519 quam
254 460 372 504 novam
393 440 575 518 actionem,
597 442 652 506 sed
677 465 733 529 per
753 445 1029 510 continuationem
1051 445 1206 510 actionis.

136 537 200 600 qua
222 520 276 586 dat
296 541 366 586 esse
384 521 394 560 ¹
409 545 438 586 1.
462 522 582 588 Eadem
605 546 720 610 nempe
744 528 895 602 actione,
917 547 982 610 qua
1004 527 1095 593 Dens
1118 524 1206 588 dedit

136 604 293 668 creaturis
313 625 402 680 esre,
424 625 499 668 curn
521 627 576 670 eas
618 608 776 678 reduxit,
799 618 966 672 conservat
989 608 1064 674 illas
1087 609 1124 672 in
1148 629 1206 672 eser

137 683 561 778 11111111111110111111111’.20
612 688 710 753 xinde
734 688 943 774 intelligitur,
988 689 1139 755 uomodo
1160 711 1207 752 ar-

137 767 325 850 cipiendum
347 770 391 833 sit
410 767 538 835 celebre
561 769 642 834 iilud
664 771 973 839 Scholasticorume
1000 785 1112 838 atum:
1132 772 1207 837 Con·

137 852 271 914 serratio
295 863 338 914 est
358 854 539 916 continuato
561 857 686 916 creatio.
712 855 779 917 lam
801 852 1021 939 Galluppius,
1047 855 1207 924 Bavleum

138 940 279 1008 secutus,
304 931 385 996 illud
408 935 452 998 ita
476 936 720 1019 interpretatur,
736 937 827 1018 quasi
852 957 965 1020 nempe
990 925 1137 1023 singuiis
1163 938 1208 999 in-

138 1012 296 1078 stantibus
317 1026 486 1082 creaturae
517 1019 549 1081 in
573 1017 711 1082 nibilum
734 1028 999 1091 reverterentur,
1022 1031 1057 1086 et
1088 1021 1208 1085 iterum

138 1113 197 1238 per
220 1116 336 1160 novam
357 1099 553 1164 creationem
574 1097 614 1162 ad
637 1101 843 1165 existentiam
866 1099 1027 1176 redirent;
1050 1101 1142 1166 unde
1165 1104 1208 1165 in

154 1185 204 1240 ert
226 1176 305 1241 illud
321 1179 453 1246 clintum
475 1179 651 1247 absurdum
674 1204 756 1258 esse,
772 1183 892 1267 quippe
915 1182 1002 1265 quod
1019 1182 1206 1250 libertatem

140 1259 314 1325 voluntatis
327 1261 483 1327 humanae
499 1284 631 1349 prorsus
654 1265 749 1329 tollit.
767 1268 808 1328 At
824 1283 993 1350 perperam
1010 1267 1206 1332 sententiam

140 1342 324 1407 liuiusmodi
348 1347 445 1411 tantis
467 1345 663 1410 Doctoribus
689 1345 783 1412 Gallu
811 1348 885 1430 pius
912 1344 1078 1412 attribuit.
1102 1351 1154 1413 Eo
1180 1367 1208 1407 a·

141 1425 207 1488 nirn
229 1425 324 1491 eiialo
345 1427 532 1494 Scholastici
557 1428 636 1492 iilud
665 1427 726 1492 sibi
756 1365 950 1502 voluerunt,
971 1429 1065 1512 qnod
1096 1449 1208 1520 nempe

141 1509 227 1572 entia
241 1508 460 1594 contingentia
481 1510 629 1575 eamdem
653 1509 772 1577 habent
794 1509 1007 1594 indigentiam
1023 1512 1208 1575 i'otantau

142 1590 290 1665 Divinae,
313 1602 349 1656 ut
370 1593 577 1657 existentiam
600 1595 810 1668 continuent,
834 1614 931 1676 quam
954 1591 1157 1659 babuerunt.
1179 1608 1207 1654 ut

142 1673 282 1737 existere
309 1673 515 1769 inciperent3
537 1675 624 1760 quod
648 1673 762 1739 eadem
784 1676 936 1748 actione,
959 1695 1023 1759 qua
1050 1675 1143 1739 Deus
1174 1673 1208 1736 al·

143 1767 275 1820 aeterno
297 1755 412 1829 velini,
429 1767 465 1822 nt
480 1758 534 1821 illa
549 1759 733 1832 existerent,
753 1757 855 1822 voluit
877 1758 988 1830 etiam,
1006 1768 1042 1821 ut
1066 1758 1210 1842 aliquan

143 1837 202 1902 ‹iiu
223 1838 415 1914 existerent;
438 1841 526 1924 quod
548 1839 635 1903 idem
659 1850 749 1904 actus
771 1838 909 1902 Divinae
932 1840 1134 1912 voluntatis,
1158 1840 1209 1922 qni

144 1921 199 1985 ilia
222 1931 412 1996 conservat,
435 1923 596 1987 sufficeret
617 1921 717 1986 eiiam
741 1919 780 1985 ad
802 1941 913 1985 eornm
937 1923 1165 1987 creationem.
1187 1920 1209 1982 si
1235 1999 1236 2006 ἵ

145 2002 288 2069 nondum
310 2003 500 2077 existerent;
523 2007 646 2090 quique
670 2005 694 2066 si
718 2013 870 2078 cessaret,
884 2003 982 2067 etiam
1004 2025 1124 2068 eorum
1147 2006 1211 2066 evi·
1235 2011 1236 2022 *

144 2087 258 2153 stentia
281 2084 454 2151 desineret¹
471 2085 600 2161 Paucis,
621 2085 716 2150 eiiato
742 2087 798 2151 illo
820 2085 935 2170 dogma
958 2086 1127 2170 positivae
1143 2105 1211 2149 con-

145 2170 338 2236 servationis
360 2168 545 2233 Scholastici
570 2167 709 2252 perbelle
732 2166 966 2254 significarunt.

187 2253 256 2316 170.
280 2250 389 2319 Obiic.
413 2249 445 2313 1⁰
460 2250 584 2315 Causae
607 2261 733 2315 creatae
757 2271 854 2336 opera
878 2251 1036 2322 alliciunt,
1060 2269 1148 2332 quae
1170 2269 1210 2311 se·

146 2335 209 2400 mel
231 2334 345 2399 cliecta
367 2345 505 2419 pergunt
526 2334 689 2408 existere,
713 2334 771 2398 etsi
796 2331 924 2398 assidua
952 2332 1089 2398 artificis
1118 2351 1209 2396 runnu

147 2419 282 2484 minime
303 2426 485 2482 teneantur.
503 2417 590 2501 Ergo
612 2414 775 2481 alortiori
799 2437 851 2480 res
869 2415 1002 2480 effectae
1025 2435 1044 2477 a
1060 2415 1146 2485 Deo,
1160 2411 1210 2497 qni

146 2513 195 2569 est
214 2521 310 2566 causa
333 2497 578 2584 perfectissima,
601 2510 634 2564 et
656 2499 886 2576 efficacissima,
906 2518 971 2561 non
993 2495 1148 2582 indigent
1169 2515 1210 2558 as

147 2586 239 2651 sidua
261 2585 343 2648 Eius
363 2582 508 2654 actione,
531 2591 566 2646 ut
586 2582 728 2647 existere
752 2591 896 2667 pergant.

188 2668 258 2731 171.
282 2665 378 2746 Resp.
403 2664 481 2745 Nep.
507 2683 618 2738 cons,
645 2675 672 2726 et
688 2668 789 2748 perit.
814 2664 908 2728 Ratio
929 2659 1135 2725 discriminis
1157 2671 1208 2724 est.

147 2749 234 2834 quod
257 2770 372 2815 causae
394 2742 552 2812 secundae
575 2767 637 2810 non
661 2749 767 2831 ipsum
789 2769 871 2822 erse,
895 2741 950 2809 sed
973 2753 1102 2808 tantum
1124 2761 1211 2828 quos

149 2943 306 2999 Tridentinis
329 2969 339 2994 ι
359 2947 586 3014 Quemadmodum
605 2951 707 3004 omnia.
728 2953 757 2998 nt
776 2952 873 3003 essent.
893 2940 1029 2998 Crantoris
1047 2957 1156 2994 summa
1174 2957 1210 3005 po

149 3025 264 3079 testate,
285 3023 412 3084 snpientia
433 3031 460 3074 et
479 3025 597 3074 bonitate
623 3022 746 3072 effectum
766 3025 826 3072 eata
848 3022 882 3069 ita
902 3019 1004 3070 etiam.
1031 3020 1084 3066 nisi
1109 3017 1210 3068 conditis

150 3094 228 3144 rebus
246 3100 374 3157 perpetua
396 3093 460 3147 Eius
481 3096 646 3147 Providentia
666 3095 781 3149 adesset,
802 3097 883 3156 atquc
902 3091 995 3140 eadent
1014 3092 1053 3146 vi.
1074 3105 1128 3154 qna
1148 3090 1209 3138 aii-

150 3169 216 3218 nitio
235 3169 397 3217 constitutae
415 3175 486 3227 sunt,
508 3170 567 3218 itiaa
585 3171 766 3222 conservaret,
780 3166 870 3214 11111111
883 3163 916 3212 ad
930 3162 1044 3212 nibilum
1060 3165 1209 3213 reciderent

150 3246 231 3302 atque
250 3239 275 3286 id
296 3237 432 3302 Scriptura
451 3242 580 3296 declarat,
594 3254 657 3291 cum
678 3240 771 3301 inquita
786 3237 918 3301 Quontodo
930 3243 1015 3286 11111111
1026 3245 1117 3298 poaaet
1129 3235 1210 3299 etexit

150 3324 314 3373 parmanere,
331 3315 385 3360 ntri
404 3315 439 3362 111
457 3315 601 3363 celebrer?
623 3331 633 3354 ι
657 3311 719 3361 Para
740 3308 759 3369 l,
781 3325 807 3360 n.
829 3308 875 3360 21.

190 3381 197 3414 ¹
219 3378 241 3435 1.
261 3395 288 3441 q.
310 3377 378 3438 civ,
398 3397 424 3432 1.
449 3386 458 3433 1
482 3385 513 3434 ari
534 3385 561 3433 i.

187 3449 200 3482 ²
221 3448 317 3500 «111111
337 3453 429 3502 eadem
450 3457 559 3511 virtute.
579 3469 632 3518 qua
652 3467 709 3504 ease
728 3453 806 3503 rebus
825 3451 927 3506 tribuit.
941 3463 986 3500 eas
999 3450 1025 3499 111
1039 3463 1099 3500 esse
1116 3452 1208 3512 proprio

153 3527 302 3570 conservat.
322 3521 394 3574 Unde
408 3539 460 3576 non
474 3529 558 3589 magia
572 3527 687 3576 ostendit
700 3523 819 3574 liirinavn
833 3522 977 3575 Potentiam
992 3522 1135 3584 productio
1147 3535 1209 3572 crea·

154 3594 384 3715 imbrugbl'gqmm
403 3610 495 3649 aarum
515 3599 682 3650 conservatio
698 3615 722 3657 a;
739 3595 826 3648 111111.
841 3597 869 3648 li
879 3597 960 3654 Seni..
973 3591 1043 3646 11111.
1058 3589 1120 3652 XV,
1132 3609 1159 3661 q.
1172 3590 1208 3649 tit.
