2475 3909
17 3540 19 3585 l
134 3540 237 3591 sionem
258 3541 409 3601 contineat,
435 3540 520 3590 alters
539 3536 739 3589 conclusionem
758 3538 786 3592 iii
804 3550 836 3587 es
856 3532 985 3588 contineri
1004 3529 1131 3581 declaret.

17 3766 115 3861 Α

148 104 190 171 iO
543 122 746 173 cocicsn

108 203 270 279 relectum
295 223 333 267 ac
356 200 491 286 proinde
514 202 546 266 in
571 204 759 290 syllogismo
780 202 938 268 terminus
960 201 1085 267 mediiis
1108 223 1186 266 coii-

110 284 196 350 sistit
219 286 253 348 iii
275 294 349 361 toto,
373 282 457 348 idest
472 284 507 347 in
520 302 638 365 genere,
652 288 703 350 vel
718 288 829 370 specie,
842 294 874 348 et
888 286 1046 348 terminus
1059 285 1188 356 minor,

111 365 184 429 sive
207 364 402 441 subiectum,
425 367 460 428 in
477 378 581 449 porte,
605 365 688 433 idest
709 369 743 431 in
765 368 874 452 specie,
890 366 939 431 rel
956 366 989 427 in
1004 364 1186 427 individuo.

111 446 302 523 Praeterea,
325 447 485 510 terminus
508 445 635 512 medius
656 450 690 512 in
711 450 897 537 syllogismo
918 466 936 508 a
957 446 1100 510 termino
1125 447 1191 508 ini-

110 527 186 591 ncri
209 528 390 592 luculenter
411 526 642 613 distinguitur,
679 531 736 595 uin
756 550 857 613 genus
878 548 897 591 a
918 528 1037 611 specie,
1058 534 1091 589 et
1114 545 1190 608 spc-

111 609 179 671 cies
202 610 311 694 reipsa
332 606 545 692 distinguitur
560 609 600 672 ab
615 550 798 675 individuo.
815 613 851 674 lii
867 607 1056 672 inductione
1073 616 1188 668 antem

114 688 273 753 terminus
295 686 438 765 medius,
460 690 521 754 etsi
543 689 673 756 diverso
695 692 791 756 modo
812 690 1038 772 concipiatur,
1061 707 1101 749 ac
1124 696 1192 749 ter-

115 769 223 832 minus
246 770 366 846 minor,
390 781 498 835 tamen
519 771 629 855 reipsa
651 772 692 836 als
714 793 753 836 co
773 793 837 836 non
859 770 1085 855 distinguitur,
1108 767 1191 850 quia

113 858 221 994 gustes
243 870 346 914 unum
368 850 521 936 idemque
544 862 641 929 sunt,
664 874 702 917 ac
724 863 851 928 totum,
873 850 959 935 qued
983 872 1025 915 ex
1047 850 1091 912 iis
1114 868 1191 911 con-

137 938 221 993 atur.

156 1012 208 1075 tit.
231 1011 329 1087 Quod
350 1022 460 1077 autem
479 1014 621 1098 pertinet
642 1014 683 1077 ad
703 1013 960 1088 enunciationcs,
974 1010 1092 1075 liaruin
1108 1006 1191 1071 ordo

115 1089 354 1174 quodammodo
374 1094 585 1171 immutatum
609 1116 697 1170 iiam,
711 1104 749 1159 ut
761 1116 802 1159 ex
816 1093 921 1158 allatis
939 1089 1102 1176 exemplis
1115 1109 1192 1153 con-

116 1180 200 1249 stst,
224 1192 286 1248 ea,
307 1194 391 1258 quae
412 1182 460 1237 est
485 1175 652 1241 conclusio
673 1176 706 1239 in
728 1176 937 1252 inductione,
963 1174 999 1239 fit
1026 1170 1138 1234 maior
1158 1171 1190 1233 in

117 1252 314 1351 syllogismo.
338 1255 509 1321 Praeterea
531 1259 652 1333 minor,
669 1258 730 1321 etsi
750 1258 785 1321 in
799 1267 938 1339 utraque
959 1253 1068 1339 specie
1090 1254 1193 1316 ratio·

116 1334 292 1402 cii'iationis
310 1334 428 1401 iisdem
448 1336 618 1403 vocabulis
647 1339 873 1421 exprimatur,
896 1348 1003 1403 tamen
1024 1331 1192 1397 diuersam

117 1419 184 1481 rim
206 1414 404 1493 cebennam
420 1418 454 1480 iii
470 1417 658 1491 inductione
677 1417 839 1503 significat
853 1418 1028 1483 terminum
1043 1412 1191 1477 medium

118 1520 132 1561 c
166 1518 232 1559 cere
255 1498 430 1564 terminum
454 1500 637 1576 minorem,
666 1522 696 1564 e.
744 1545 767 1574 .,
792 1501 905 1573 domo,
927 1498 1038 1571 canis,
1061 1496 1108 1558 leo
1129 1505 1190 1557 etc.

119 1602 136 1644 e
161 1579 261 1643 iciunt
281 1599 367 1643 omos
387 1579 528 1653 animan
552 1580 607 1644 sed
632 1583 665 1645 iii
688 1519 875 1664 sdlogismo
897 1577 1058 1663 significat
1080 1574 1193 1640 termi-

119 1680 200 1726 num
222 1660 382 1724 minorem
403 1661 565 1726 contineri
588 1661 622 1724 in
644 1600 767 1737 medie,
789 1682 818 1724 e.
836 1681 881 1745 g.,
905 1660 1004 1735 lonso,
1026 1658 1128 1731 canit,
1150 1655 1194 1717 1⁶⁰

121 1749 182 1806 etc.
206 1741 414 1804 continentur
434 1743 470 1805 iii
491 1742 634 1806 animali.

162 1822 214 1888 95.
229 1820 321 1917 ,Cum
342 1820 566 1918 syllogismus,
589 1834 621 1888 et
644 1824 790 1907 inductio
811 1822 884 1917 sint⁶
897 1819 1045 1886 dirersse
1068 1815 1193 1880 formae

121 1902 397 1979 ratiocinationis,
412 1904 561 1989 sequitur
575 1906 673 1991 ipsas,
690 1913 821 1989 praeter
834 1902 1034 1987 principium
1048 1914 1194 1989 commu·
1220 1947 1221 1954 ,

121 2004 175 2060 ne,
198 2004 277 2068 quc,
300 1994 338 2048 ut
358 1981 537 2062 diximusl,
558 1986 766 2050 ratiocinatio
780 1986 933 2049 universe
949 1988 1094 2067 spectate
1110 1978 1192 2041 inni-

122 2066 217 2141 titur,
239 2062 359 2129 habere
380 2068 550 2149 proprium
566 2068 782 2152 principium,
798 2086 840 2130 ex
853 2086 920 2150 quo
934 2064 1055 2129 veritas
1072 2059 1192 2149 formae

123 2144 303 2227 unicuique
319 2145 479 2289 grcpriae
502 2148 678 2212 enascitur.
694 2149 764 2212 lloc
787 2146 987 2232 principium
1008 2144 1043 2207 in
1061 2139 1193 2236 syllogi-

124 2246 193 2290 smo
216 2234 274 2290 est:
299 2226 318 2290 1
343 2272 351 2303 ,
375 2226 453 2311 quod
474 2226 610 2292 subiecto
631 2232 775 2292 universe
797 2238 914 2303 sumto,
937 2246 990 2289 sest
1010 2234 1067 2288 toti
1089 2236 1194 2309 conce·

123 2308 185 2383 isit,
208 2316 263 2371 eset
283 2316 446 2391 repugnet,
462 2310 580 2373 cunctis
592 2309 741 2392 peritton
754 2310 876 2372 notione
888 2308 957 2371 eicis
969 2304 1193 2389 compresseris

126 2388 278 2465 concessit,
302 2400 356 2452 oct
377 2399 540 2483 repugnet.
563 2392 599 2455 ln
621 2389 808 2456 inductione
824 2399 944 2454 autem:
961 2388 1012 2466 ic,
1027 2387 1110 2473 qued
1123 2398 1194 2448 cen-

126 2472 184 2533 cti's
206 2469 326 2533 notioris
354 2468 485 2533 subiecti
506 2472 733 2557 comprehensis
761 2472 924 2547 concessit,
951 2481 1006 2533 out
1032 2471 1194 2552 repugnetis

127 2552 207 2627 teti,
232 2550 298 2614 sive
318 2550 452 2614 subiecto
479 2553 621 2617 universe
643 2562 746 2617 sumto
773 2553 936 2628 convenit,
957 2562 1012 2614 oet
1031 2550 1191 2635 repugnet·

302 2678 371 2731 Aur.
393 2676 529 2731 tlt—tte
548 2684 647 2745 regutls
667 2683 693 2732 in
712 2680 866 2746 syllogismo
884 2681 1023 2733 servandis

168 2793 221 2859 96.
245 2790 296 2855 sd
317 2790 541 2878 syllogismum
563 2791 626 2855 rite
647 2788 850 2854 condendum
873 2799 946 2855 octo
964 2787 1196 2856 tradunturre·

130 2872 240 2960 gulae,
262 2892 346 2958 qnae
369 2892 480 2938 omncs
503 2871 580 2936 illuc
602 2879 767 2957 spectant,
790 2881 829 2935 ut
849 2873 933 2938 inter
946 2869 1193 2939 conclusionem,

130 2964 163 3020 et
184 2956 378 3039 praemissas
397 2974 437 3017 ea
459 2963 607 3018 serretur
628 2953 801 3029 connexio,
824 2953 894 3017 sine
915 2973 979 3037 qua
993 2951 1194 3039 syllogismus

129 3035 270 3101 existere
292 3056 355 3101 non
378 3035 517 3119 potest².
1172 3104 1178 3118 ¹

171 3118 223 3183 97.
248 3116 360 3181 Prima
382 3115 495 3200 regula
519 3113 681 3198 prohibet,
704 3115 784 3198 quin
808 3112 918 3211 plures
932 3114 1038 3179 tribus
1053 3109 1194 3179 terminis

131 3200 165 3262 in
189 3198 378 3285 syllogismo
399 3199 474 3262 sint.
490 3196 574 3261 Nam
588 3196 693 3260 ornnis
710 3196 918 3261 ratiocinatio
938 3198 974 3259 in
997 3214 1036 3258 eo
1058 3196 1120 3259 sita
1138 3194 1193 3255 cst,

170 3392 181 3432 t

168 3394 419 3521 tdisd⁷connexio
440 3466 466 3516 in
490 3477 522 3516 eo
541 3464 681 3522 consistit.
707 3466 776 3526 quod
796 3478 848 3514 uns
870 3461 1077 3524 praemissarum
1095 3448 1197 3505 conclu·
