2475 3909
475 183 746 233 anrunonotoeta
1046 169 1107 236 207

78 287 168 344 nem,
183 288 225 332 ex
248 287 311 352 qua
328 263 364 330 fit
377 267 582 349 suppositum
599 267 610 305 ¹
629 291 657 346 n,
673 278 769 352 atque
792 272 822 327 τό
844 287 895 350 ego
920 268 951 330 in
968 267 1061 334 nohis
1076 293 1092 332 ιι
1110 294 1148 336 n-

78 351 181 414 nitate
203 350 350 433 gaudere,
367 368 457 422 vera,
480 369 544 412 non
567 349 748 426 collectiva,
771 349 878 434 qualis
900 371 937 412 ea
959 361 1024 426 est,
1048 372 1147 435 quarn

77 432 287 516 horologium
309 429 430 495 habet²
448 451 476 491 u.
503 431 647 496 lamvero
676 434 779 497 unitas
801 431 1022 498 substantialis
1045 434 1150 496 homi-

78 514 130 577 nis
153 514 186 578 in
208 523 379 600 systemate
402 511 589 578 harmoniae
611 515 855 657 praestabilitae
879 535 941 578 non
965 513 1061 577 modo
1084 537 1147 580 non

80 594 273 671 adstruitur,
303 594 359 658 sed
388 592 559 659 manifeste
582 607 614 661 to
630 595 720 660 litur.
751 598 881 662 Etenim
904 598 974 681 ipsu
996 608 1147 680 expostu-

82 678 148 752 lat,
172 691 209 742 ut
230 679 363 742 unicum
391 676 433 738 sit
461 676 496 738 in
516 676 647 741 homine
674 699 734 742 esse
762 679 914 753 animae,
936 685 968 742 et
989 679 1148 760 eorporis.

81 759 182 841 Atqui
205 759 324 837 anima,
344 766 377 822 et
398 776 518 842 corpus
539 757 718 822 secundum
741 761 926 824 harmoniae
951 759 1153 844 praestabili-

82 851 134 906 tae
158 841 289 924 placita,
313 861 377 905 uon
399 839 506 905 solum
527 860 590 904 non
613 841 771 905 uniuntur
793 841 970 907 seeundum
992 863 1073 918 esse,
1097 839 1151 906 sed

82 943 124 985 ne
146 921 324 986 seeundum
346 923 470 1006 operari
492 919 640 1006 quidem,
656 924 732 1004 quia
747 927 855 989 anima
878 945 988 988 ornnes
1010 945 1085 988 suas
1106 922 1153 987 al-

84 1001 243 1068 lectioues
262 1006 480 1088 experiretur,
506 1005 632 1069 etiarnsi
657 1005 783 1070 nullum
805 1016 889 1072 esset
910 1025 1040 1090 corpus,
1062 1014 1094 1070 et
1108 1005 1154 1069 vi-

84 1084 206 1148 cissim.
223 1087 309 1169 Ergo
325 1088 432 1150 unitas
447 1083 670 1150 substantialis
693 1085 832 1151 hominis
847 1089 880 1152 in
896 1099 1065 1174 systemate
1080 1087 1154 1151 har-

84 1166 210 1230 moniae
227 1168 465 1250 praestabilitae
482 1189 546 1232 non
563 1168 659 1232 ruodo
681 1188 745 1232 non
769 1169 960 1246 adstruitur,
977 1169 1033 1232 sed
1056 1169 1153 1233 etiam

84 1246 257 1313 manifeste
281 1249 414 1314 tollitur.
436 1250 523 1325 Quin
547 1252 646 1314 etiam
675 1250 708 1312 in
732 1250 860 1315 homine
889 1249 1067 1315 secundum
1090 1248 1156 1335 pla-

86 1329 151 1392 cita
172 1329 360 1396 harmoniae
383 1330 625 1416 praestabilitas
649 1351 689 1394 ne
712 1333 819 1397 unitas
840 1331 972 1418 quidem
1000 1333 1156 1396 collectiva

85 1409 287 1486 admittitur,
310 1433 374 1495 qua
396 1412 599 1495 horologium
624 1411 752 1498 gaudet.
779 1415 908 1479 Etenim
932 1415 1040 1478 unitas
1061 1411 1158 1476 eolle-

86 1493 171 1556 ctiva
196 1495 228 1556 in
251 1495 421 1576 horologio
442 1517 483 1557 ex
499 1506 612 1559 mutua
636 1495 780 1581 partium
797 1497 877 1560 inse
894 1496 1019 1560 actione
1042 1495 1158 1559 eonsti-

86 1577 205 1650 tuitur‚
229 1576 273 1639 ita
297 1589 342 1650 ut,
367 1577 425 1641 hae
449 1575 650 1660 perturbata,
672 1576 876 1662 horologium
901 1575 1103 1651 destruatur3
1126 1589 1159 1640 at

87 1656 270 1723 Leibuitius
293 1679 347 1721 sua
370 1658 537 1722 harmonia
567 1679 630 1722 non
656 1658 761 1722 solum
789 1661 953 1737 animant,
985 1670 1018 1724 et
1039 1677 1158 1741 corpus

87 1737 184 1802 abso
207 1739 381 1804 secundnm
410 1763 470 1804 esse
498 1742 632 1803 omnino
659 1751 810 1836 separat,
834 1739 888 1805 sed
914 1739 1158 1807 etiamnullum

89 1820 217 1885 animae
241 1823 273 1886 in
296 1842 432 1906 eorpus,
466 1823 677 1906 corporisque
699 1844 732 1887 in
756 1823 897 1886 enimam
924 1824 1083 1887 actionem
1107 1840 1160 1883 co-

113 1904 226 1969 noscit.

90 1924 180 2049 gffl.
204 1985 363 2049 Probatur
384 1983 420 2049 4³
436 2006 522 2070 pars.
540 1985 683 2072 Systema
708 1985 896 2050 harmoniae
920 1983 1160 2072 praestabilitae

92 2064 126 2129 1⁰
147 2067 314 2131 idealismo
339 2065 437 2131 lavet.
461 2069 544 2131 Nam
566 2069 594 2130 si
617 2086 753 2150 corpora
776 2068 815 2131 ad
841 2070 1059 2143 sensatioues,
1082 2087 1162 2152 quas

91 2149 200 2212 anima
223 2150 311 2214 inse
334 2150 532 2233 experitur,
553 2148 637 2212 nihil
659 2169 791 2234 prorsus
813 2148 998 2227 conferunt,
1022 2167 1161 2234 pronum

91 2231 156 2295 erit
176 2231 337 2298 ldeelistis
361 2230 484 2295 inferre
504 2229 628 2293 nullam
651 2231 809 2297 rationem
831 2251 922 2309 esso,
946 2253 1006 2311 our
1026 2248 1164 2316 corpora

92 2311 243 2389 existant,
259 2324 316 2377 aut
329 2311 442 2376 saltem
464 2311 560 2376 uobis
582 2325 785 2398 compertum
800 2333 869 2376 esse
885 2334 947 2377 nou
964 2333 1069 2399 posse,
1086 2330 1162 2375 num

90 2395 219 2490 reipsa
251 2396 403 2460 existant.
425 2392 461 2456 2⁰
483 2393 683 2460 Libertatem
718 2394 893 2462 voluntatis
920 2395 1080 2459 humanae
1108 2390 1163 2455 de-

93 2484 199 2541 struit.
223 2477 353 2544 Etenim
375 2477 532 2553 actiones,
554 2497 636 2560 quas
658 2477 765 2540 anima
789 2497 848 2561 per
870 2498 903 2541 se
924 2484 1070 2552 exercet,
1086 2471 1166 2538 libe·

94 2579 151 2623 rae
183 2579 252 2624 esse
285 2565 476 2642 nequeunt,
506 2559 586 2643 quia
608 2558 697 2642 ipsae
720 2556 779 2622 hac
800 2556 870 2642 lege
893 2560 927 2623 in
950 2558 1058 2622 anima
1079 2555 1167 2621 erol-

93 2648 231 2718 vuntur,
249 2652 284 2706 ut
306 2640 466 2727 posterior
488 2640 522 2704 in
547 2636 751 2725 praecedenti
776 2641 931 2705 rationem
953 2639 1166 2704 sufficientem

94 2723 146 2787 sui
170 2721 306 2802 habeat,
331 2733 363 2787 et
384 2723 476 2818 ipsae
499 2720 582 2786 aliae
603 2741 673 2786 esse
695 2741 758 2785 nou
782 2733 940 2807 possunt,
962 2741 1061 2817 quam
1082 2740 1166 2805 quae

94 2804 295 2870 motionibus
316 2825 477 2950 eorporis,
501 2824 644 2899 quocum
667 2803 793 2879 unitur,
821 2801 1016 2868 adamussim
1037 2822 1169 2887 respon-

94 2883 184 2952 dent.
200 2887 314 2972 Neque
336 2886 370 2949 ul
385 2908 422 2951 ae
445 2896 604 2950 motiones
627 2885 773 2969 eorporis
795 2883 917 2949 liberae
938 2885 1003 2951 dioi
1044 2895 1168 2960 essunt,

97 2968 222 3055 quippe
243 2967 328 3054 quod
352 2988 464 3032 omnes
487 2977 593 3032 motus
614 2967 763 3052 corporis
790 2987 854 3030 non
877 2966 981 3032 solum
1031 2977 1089 3031 unt
1110 2985 1169 3050 per

96 3048 187 3132 leges
207 3051 422 3126 mechanicas,
438 3069 541 3134 eoque
565 3069 663 3125 nexu,
683 3060 717 3114 ut
739 3051 901 3133 posterior
922 3047 1080 3116 rationem
1103 3045 1171 3111 sul-

98 3129 259 3198 lieientem
282 3134 334 3198 sui
358 3133 392 3195 in
415 3131 622 3216 praecedenti
643 3129 787 3208 habeat,
809 3132 865 3195 sed
887 3135 987 3198 etiarn
1016 3129 1056 3196 ab
1079 3131 1170 3194 omni

97 3214 238 3293 actione,
253 3234 477 3299 concursuque
499 3213 626 3277 animae
648 3212 731 3277 adeo
744 3215 859 3278 remoti
875 3226 962 3290 suut,
977 3226 1025 3291 ut,
1041 3213 1170 3278 etiamsi

97 3294 189 3360 nulla
210 3299 320 3361 anima
342 3296 470 3375 existat,
493 3293 606 3360 eodem
628 3293 726 3361 modo
748 3293 885 3374 fierent,
908 3317 946 3361 ao
968 3315 1053 3361 nune
1075 3294 1167 3359 liunt.

139 3584 147 3619 ¹
170 3583 273 3636 Theoti..
289 3583 413 3632 Dtaootm
431 3582 461 3629 de
481 3581 506 3630 lo
526 3581 677 3642 conformite'
695 3583 726 3632 de
744 3584 771 3632 la
788 3581 827 3644 [ul
845 3595 907 3633 ause
924 3583 951 3633 lu
970 3587 1070 3644 raison,
1092 3589 1107 3644 s
1127 3584 1172 3634 55.

137 3654 150 3690 ²
168 3656 317 3705 Ertuiroirs.
338 3655 372 3705 du
390 3667 505 3704 notteeuu
524 3650 640 3716 sortitae.
