2475 3909
464 212 547 259 PARS
568 207 698 258 ALTERA
1034 198 1075 264 55

52 303 111 367 nul
131 312 194 379 est,·
215 302 303 386 utpui
322 310 365 364 est
387 298 524 375 onimnl;
544 314 613 378 ergo
636 307 681 362 eet
701 296 801 361 homo.
824 296 917 365 Alter
937 311 1004 380 est,
1026 323 1111 380 cum,

52 386 178 451 sublato
201 382 401 447 antecedenti
418 380 652 445 enunciationis
666 400 841 458 connexae,
857 381 982 450 tollitur
995 395 1027 449 et
1041 407 1117 451 con.

52 488 198 552 sequens.
221 466 260 529 E.
285 485 329 551 g.,
352 464 390 531 si
412 464 500 527 lamo
521 472 587 539 est,
609 461 728 526 animal
748 472 814 538 eu,·
833 467 921 551 utqui
942 466 1031 531 homo
1054 490 1115 532 non

51 562 103 628 ειη·
123 570 159 615 er
180 570 197 611 c
218 568 279 611 nou
299 558 342 612 est
362 546 481 611 animal
492 546 515 607 ¹.

84 632 137 698 ⁸20.
159 570 303 695 lallacia
324 649 387 693 non
405 649 514 693 caueae
531 644 591 710 pro
613 647 705 691 causo
732 624 867 702 existit,
894 650 970 695 cum
998 630 1110 717 aliqua

51 713 232 810 propositio
253 713 393 777 sumitur
413 708 515 775 veluti
537 729 633 772 causa
654 706 754 774 falsae
775 709 1015 787 conclusionis,
1038 736 1113 779 cnm

52 795 102 861 rlla
137 795 236 861 huius
265 814 360 859 causa
381 813 415 856 re
439 793 510 889 ipsa
531 812 595 856 non
616 790 670 856 sit.
698 792 737 856 E.
762 810 820 875 g.,
843 792 966 879 siquis
994 808 1117 861 asserat

50 881 174 943 animas
198 876 354 941 humanas
376 873 587 960 multiplicari
610 871 786 937 secundum
811 874 1115 960 multiplicationem

51 980 237 1047 corporum,
261 958 399 1042 sophista
421 965 525 1042 potest
545 976 622 1020 eum
643 954 837 1039 redarguere
860 958 917 1023 hac
939 958 1047 1025 fallaci
1066 982 1121 1025 ar-¹

51 1040 314 1125 gumentatione:
342 1040 469 1103 Animae
490 1038 640 1101 humanae
665 1036 923 1121 multiplicantur
950 1043 1117 1107 secundum

52 1122 340 1208 inuitiplientionem
362 1140 539 1204 corporum·
556 1138 642 1203 erpo,
662 1120 827 1184 destructis
849 1125 1042 1207 corporibus,
1055 1146 1117 1191 uon

47 1216 177 1288 peissun
201 1205 237 1266 in
258 1224 312 1268 suo
334 1225 392 1267 esse
408 1202 579 1299 perdurare
589 1226 603 1279 v;
623 1202 712 1295 etqui
736 1201 792 1265 loe
819 1214 864 1268 est
888 1207 1027 1288 [detem3
1046 1229 1116 1292 ergo

48 1289 161 1369 salsum
184 1286 278 1350 etiam
299 1296 343 1349 est
363 1305 485 1349 animoa
507 1284 716 1369 multiplicari
737 1285 903 1350 secundum
924 1290 1117 1372 multiplica

50 1371 162 1434 tionem
184 1387 363 1451 corporum.
388 1368 423 1431 ln
446 1386 510 1451 qua
538 1365 817 1451 argumentatione
846 1370 988 1452 sophista
1016 1375 1117 1439 sumit

51 1453 139 1518 illam
164 1449 443 1524 enunciationem,
470 1446 599 1512 Animae
621 1447 772 1511 humanae
792 1451 1046 1538 multiplicantur
1072 1475 1115 1516 se-

49 1534 185 1598 cuudum
210 1532 499 1617 multiplicationem
514 1548 692 1625 cuparum,
706 1550 776 1594 esse
790 1552 920 1599 cansam
935 1535 1025 1600 illins
1039 1535 1115 1602 falsi

49 1614 287 1700 consequentis,
310 1634 437 1699 nempe,
453 1611 540 1758 <guod
553 1632 650 1695 space,
666 1610 862 1680 destruetisc
921 1617 1040 1695 oribus,
1054 1639 1116 1683 non

46 1709 178 1780 maerent
199 1697 235 1758 in
256 1717 311 1760 sm
331 1718 392 1761 ene
402 1714 459 1779 per
480 1713 585 1770 nrum
602 1703 726 1759 atvero
746 1698 872 1761 causas
901 1700 1003 1765 sitatis
1018 1701 1116 1768 huius

49 1778 274 1863 consequentis
285 1800 348 1842 non
361 1789 409 1842 est
423 1777 477 1841 illa
490 1778 688 1852 enunciatio,
701 1777 756 1842 sed
771 1778 848 1857 alia,
862 1801 960 1865 quam
974 1782 1116 1868 sophista

49 1884 83 1927 su
158 1862 219 1935 nit,
234 1880 362 1945 nempe,
377 1860 499 1924 animae
521 1859 555 1921 iu
576 1878 713 1922 ramesse
734 1882 754 1923 a
774 1862 955 1959 corporibus
973 1864 1113 1948 pendere.

85 1882 154 2009 ppo
165 1941 306 2007 Fallacia
321 1940 467 2027 plurium
484 1940 762 2023 interrogationum
776 1946 901 2020 existit,
917 1966 990 2010 cum
1006 1945 1115 2030 plures

51 2026 323 2108 interrogationes
344 2023 388 2088 ita
410 2032 657 2108 componuntur,
681 2032 717 2088 nt
736 2024 805 2090 sive
829 2028 998 2126 responsio
1019 2030 1061 2096 sit
1083 2051 1116 2094 a·

51 2109 129 2185 iens,
153 2108 222 2170 sire
244 2125 373 2189 negans,
397 2102 591 2200 respondens
613 2124 681 2169 sem
704 2126 742 2169 er
762 2106 913 2175 falsitatis
938 2110 1116 2197 redargua-

52 2200 110 2254 tur.
135 2188 197 2263 lta,
221 2189 249 2251 si
271 2188 346 2271 quis
367 2186 521 2272 sophista,
543 2197 580 2252 ut
602 2205 667 2269 apu
710 2188 853 2255 Gellium
867 2192 951 2270 est²,
967 2202 998 2258 te
1015 2195 1113 2261 inter-

52 2282 152 2355 mget,
177 2290 267 2345 num,
292 2268 451 2353 Quidquid
460 2288 525 2363 non
534 2267 716 2365 perdidisti,
732 2271 852 2352 habene,
868 2275 935 2340 sive
950 2275 1112 2377 negando,

51 2354 116 2418 sire
139 2349 260 2416 aiendo
281 2372 333 2416 res
356 2350 508 2428 ondens,
537 2372 571 2416 rn
599 2353 782 2435 captionem
809 2356 942 2421 incides.
971 2358 1054 2422 llam
1083 2362 1111 2423 si

52 2434 221 2519 negaveris
242 2442 273 2499 te
293 2370 412 2497 holere
427 2431 512 2516 quod
527 2452 590 2497 non
606 2432 790 2517 perdidisti,
807 2438 877 2523 ipse
891 2448 923 2504 te
937 2438 1113 2524 redarguet

51 2515 109 2579 hcc
130 2515 242 2581 modo:
259 2515 416 2599 Quidquid
436 2533 497 2577 nen
513 2514 699 2599 perdidisti,
713 2536 774 2580 nou
792 2518 895 2598 hohen·
910 2523 999 2607 algui
1012 2524 1114 2587 oculos

53 2620 109 2661 non
154 2598 308 2674 crdidisti;
329 2616 399 2693 ergo
419 2598 520 2661 oeulos
542 2597 788 2674 matulonam
809 2600 934 2667 dixeris
949 2614 979 2669 te
994 2602 1111 2670 hahere

52 2700 93 2763 qn
160 2700 223 2744 non
248 2676 429 2777 perdidisti,
445 2686 475 2742 te
489 2674 661 2763 redarguet
674 2680 733 2744 hoc
746 2679 812 2747 alio
833 2684 939 2749 modo:
956 2687 1116 2775 Ouidpuid

52 2782 108 2825 aaa
124 2760 312 2909 pepbdidteti,
332 2760 436 2839 hohen
453 2762 540 2846 atqui
560 2781 676 2826 cornua
695 2782 757 2826 non
772 2765 953 2847 perdidisti5
965 2789 1035 2853 erpo
1049 2792 1116 2835 eor·

53 2864 112 2909 aun
196 2864 237 2908 ee.

277 2966 344 3019 har.
367 2964 497 3021 lV2-lle
517 2966 709 3029 sophismatum
727 2970 901 3023 salntiomhns

89 3080 142 3147 ᾖ.
168 3076 271 3155 lllodi,
294 3074 420 3161 quibus,
434 3074 629 3159 sophismata
650 3098 727 3142 vere
748 3080 951 3161 solvuntur⁸,
966 3096 1042 3152 sunt
1063 3088 1112 3152 rel

88 3324 100 3365 ¹
120 3321 159 3379 Cl
173 3338 241 3389 qaae
260 3324 374 3376 dixlmns
393 3340 419 3387 p.
441 3323 536 3376 ll.-²
554 3328 645 3377 moues
661 3330 769 3389 Atticae,
788 3330 836 3380 llh.
853 3329 900 3392 Vl,
920 3347 946 3384 c.
965 3333 993 3385 2.

89 3398 101 3436 ³
119 3396 239 3449 Diximus
257 3412 317 3448 cere
334 3397 482 3457 solvuntur,
502 3398 563 3462 qaia
583 3397 638 3449 dart
658 3406 766 3463 possunt
783 3404 865 3454 etlam
878 3415 1032 3471 apparenter
1043 3414 1115 3463 soln-

58 3472 138 3522 tlcnes
157 3468 362 3532 sophismatum,
383 3470 410 3519 ln
429 3470 524 3533 quihus
543 3484 637 3534 nempe
655 3471 838 3526 difficultatem
857 3476 956 3530 directe
970 3493 1022 3531 non
1034 3486 1114 3536 solei-

59 3556 122 3601 rmu,
142 3542 189 3592 sed
209 3542 296 3604 potius
314 3542 463 3600 eludimus,
483 3544 523 3592 rel
542 3556 601 3593 eam
621 3544 777 3605 incidendo,
797 3546 839 3597 rel
858 3552 1013 3612 opponendo
1031 3556 1112 3606 ettam

57 3614 190 3665 lentiorem
210 3613 397 3670 oblectlnnem,
416 3614 458 3664 rel
477 3614 623 3666 exhibendo
635 3616 759 3678 absurda,
772 3633 841 3682 quaa
854 3622 912 3673 inde
926 3632 1111 3690 sequerentur,

57 3686 274 3741 retenimento
292 3684 437 3751 sophistam
457 3688 604 3754 inperitiae
622 3688 649 3740 ln
667 3693 725 3742 arte
743 3704 801 3745 ιιιι.

1202 3498 1209 3511 Χ

1127 3839 1226 3879 Α
