2475 3909
391 196 577 245 rnsosoonr
599 198 789 247 narvnsnss
1004 182 1063 250 321

40 300 110 348 esse
132 279 408 374 possuntqprima
429 298 526 342 eausa
548 281 702 347 efficiens.
727 284 769 345 At
792 280 826 345 ui
853 280 1015 370 quidquid
1039 302 1111 369 per-

41 364 193 429 fectionis
214 371 263 425 est
284 382 317 423 ιιι
338 360 470 436 ellectu,
485 372 557 424 oete
577 363 611 426 in
633 382 731 427 causa
753 383 770 426 e
807 362 911 429 ciente
928 366 1112 431 inveniatur

40 454 186 591 pportec
200 446 420 591 l‘Jrgodrepprp
443 443 591 588 qqpsrgum
610 443 822 589 possibilpum
845 445 1060 530 perfectiones
1075 450 1108 512 in

535 544 542 574 Ι

39 545 338 681 εέὥίξῇεΐεῗτξίὴῆ
361 546 401 670 di
419 544 624 692 perfectlitine
642 546 771 671 ί1111111111
786 546 973 673 'iiutiiciisee
993 548 1110 695 pppepp

39 708 79 753 ac
94 688 230 774 proinde
252 687 424 755 habetesee
445 687 624 753 secundum
649 689 826 770 perfectam
841 692 1001 756 rationem
1015 692 1037 754 ¹.
1054 696 1111 759 At·

38 775 98 855 qui
122 771 239 835 habere
259 773 321 833 es'se
344 768 520 834 secundum
543 770 721 867 perfectam
744 770 915 849 rationem,
939 772 1027 837 idem
1049 787 1109 851 est,

38 873 79 917 ac
102 850 256 917 omnibus
276 853 398 937 pollere
420 850 701 937 perfectionibus3
725 872 816 927 nam,
840 873 915 917 cum
934 854 1111 951 perfectio

39 954 97 999 nes
118 954 178 999 esse
199 933 364 1011 denotent,
379 955 408 997 e.
426 954 470 1017 g.‚
492 935 617 998 iustitia
638 954 700 997 esse
725 935 1109 1032 iustum,sap1entiaesse

36 1017 219 1100 sapientem
240 1026 321 1092 etc.,
344 1015 402 1082 ubi
424 1016 490 1080 erit
511 1025 576 1079 tota
602 1014 772 1100 plenitudo
793 1017 934 1094 essendi,
957 1029 990 1084 et
1010 1021 1111 1085 totius

37 1118 103 1163 esse
124 1096 285 1173 latitudo,
310 1098 355 1162 ibi
380 1097 445 1162 erit
465 1096 571 1182 omnis
593 1096 765 1181 perfectio.
790 1098 888 1183 Ergo.

81 1180 132 1245 60.
157 1181 254 1264 Prop.
277 1177 324 1245 3⁸.
349 1181 433 1244 Deus
453 1188 496 1241 est
517 1178 708 1261 simpliciter
729 1178 891 1258 infinitus,
914 1182 960 1244 ito
982 1191 1017 1244 stt
1038 1183 1112 1246 nul-

39 1263 92 1325 lus
113 1263 150 1325 is
170 1262 254 1325 Eius
275 1281 350 1337 esse,
371 1270 399 1325 et
415 1259 656 1343 perfectionibus
676 1260 764 1324 limes
785 1262 940 1343 ossipaori
956 1264 1067 1344 possit.

85 1342 255 1408 Probatur.
281 1342 313 1407 1⁰
335 1344 446 1415 Deus,
468 1341 517 1408 uti
541 1351 636 1406 antea
657 1341 824 1419 diximus,
846 1364 909 1408 esse
931 1342 1109 1409 secundum

40 1422 222 1510 perfectam
245 1427 405 1490 rationem
426 1422 533 1487 habet.
549 1424 648 1506 Atqui
674 1423 796 1487 limites
816 1444 880 1489 non
895 1425 997 1500 aliud,
1012 1446 1111 1511 quam

38 1507 184 1590 aliquem
207 1507 370 1573 defectum
392 1504 507 1569 essesdi
528 1501 695 1570 denotant.
712 1506 799 1588 Ergo
822 1506 854 1569 in
878 1506 966 1579 Esse,
981 1515 1012 1571 et
1037 1508 1110 1570 Per-

36 1586 223 1671 sectionidus
246 1588 306 1654 Dei
335 1587 445 1652 nullus
471 1593 579 1683 potest
607 1586 700 1651 limes
729 1588 910 1671 praestitui.
937 1586 973 1651 2⁰
995 1588 1109 1654 Omnis

38 1680 144 1747 actus,
156 1679 190 1733 et
204 1671 362 1756 perfectio
382 1668 533 1735 terminis
555 1666 711 1734 definitur
725 1668 775 1732 sel
790 1670 962 1734 intrinsece
978 1690 1020 1735 ex
1034 1668 1113 1733 sub-

39 1756 147 1829 iecto,
171 1753 205 1816 in
225 1773 292 1836 quo
314 1751 487 1835 recipitur,
508 1748 660 1895 quidpssid
681 1749 763 1812 enim
785 1751 952 1834 recipitur,
971 1771 1027 1836 per
1045 1771 1110 1814 mo-

35 1836 116 1897 dum
137 1833 317 1917 recipientis
338 1833 404 1896 reci
426 1834 517 1907 itur,
541 1850 579 1894 ve
615 1832 798 1896 extrinsece
822 1852 840 1894 a
862 1852 980 1910 causa,
1004 1854 1022 1897 a
1044 1852 1109 1917 qua

64 1912 248 1980 roducitur.
271 1915 370 1999 Atqui
426 1934 489 1988 sse,
512 1921 545 1977 et
566 1912 789 1977 Perfectiones
810 1910 871 1978 Dei
893 1934 997 2000 neque
1020 1914 1053 1979 in
1076 1932 1109 1977 a·

37 1938 136 2081 iique
156 1996 303 2062 subiecto
324 1996 546 2079 recipiuntur,
568 1996 647 2077 quia
669 1993 770 2071 Deus,
793 1994 1066 2077 quemadmodum
1090 2008 1108 2058 'a

38 2080 137 2144 nobis
158 2090 323 2175 ostensum
345 2087 409 2153 est,
433 2085 483 2139 est
503 2074 607 2222 ipsum
629 2094 720 2137 sirum
745 2094 807 2138 esse
831 2076 1032 2153 salustiae&
1055 2096 1109 2139 ne-

37 2182 107 2247 que
130 2159 172 2224 ab
193 2159 304 2243 aliqua
325 2176 422 2223 causa
445 2177 507 2243 pen
531 2165 595 2221 ent.
621 2158 709 2240 Ergo
723 2157 745 2219 ⁸.

97 2302 165 2356 Αιι.
187 2298 482 2366 ll.-ileghelisnorum
500 2310 575 2349 error
593 2296 665 2349 circa
685 2294 733 2348 pet
752 2298 908 2353 infinitatem
927 2300 1056 2351 refellitur

80 2413 134 2477 iil.
163 2406 347 2476 Secundum
375 2402 599 2489 lleghelium‚
628 2402 773 2490 aliosque
802 2406 1108 2473 Transcendentales

35 2494 250 2567 Germaniae,
270 2488 391 2575 quibus
419 2488 452 2550 in
474 2484 579 2552 Gallia
600 2486 812 2563 Vacberotus,
836 2488 1014 2563 Ronanus,
1038 2489 1109 2554 alii-

387 2660 711 2675 m

77 2780 89 2819 ¹
108 2777 136 2832 S.
157 2774 270 2829 Tisomas
290 2775 314 2825 id
333 2775 455 2837 exemplo
474 2773 583 2831 coloris,
604 2776 632 2822 et
650 2774 727 2825 calidi
744 2774 881 2825 declarat:
905 2796 914 2821 ι
938 2774 1107 2831 Manifestum

34 2864 100 2914 051,
121 2852 190 2915 qnod
210 2853 230 2899 sl
249 2848 357 2911 aliquod
376 2848 492 2896 calidum
513 2859 565 2893 non
585 2845 682 2895 habeat
702 2852 783 2896 totam
805 2846 995 2909 perfectionem
1015 2854 1105 2907 calidi.

34 2934 93 2981 hoo
112 2926 171 2973 ideo
189 2928 240 2981 est,
259 2923 321 2984 quis
342 2922 415 2968 calor
434 2932 486 2967 non
507 2917 681 2980 participatur
700 2921 845 2968 seeundum
866 2920 1012 2981 perfectam
1027 2928 1108 2973 ratio-

33 3014 114 3053 nem:
134 2997 178 3045 sed
198 2996 219 3044 si
239 2996 313 3043 calor
325 2996 394 3041 esset
415 3005 461 3053 per
480 3004 508 3039 se
527 2988 682 3045 subsistens,
697 3005 748 3041 non
763 2996 850 3053 posset
863 2994 887 3040 ei
901 2994 1001 3057 aliquid
1016 2997 1105 3046 deesse

34 3077 71 3123 de
92 3072 190 3119 virtute
209 3069 315 3116 catoris:
336 3064 417 3119 unde,
430 3077 493 3112 cum
512 3058 584 3111 Dens
602 3062 636 3111 sit
655 3063 742 3125 ipsum
761 3077 819 3114 esse
838 3075 932 3127 perse
951 3068 1106 3125 subsidens,

34 3145 109 3198 nihil
127 3142 159 3190 de
179 3138 341 3202 perfectione
360 3135 462 3185 essendi
484 3138 570 3196 potest
589 3129 621 3183 Ei
641 3134 733 3185 deesse
756 3154 781 3195 ις
804 3134 825 3191 f.
845 3150 872 3199 q.
896 3134 940 3195 tv.
961 3153 987 3187 a.
1008 3140 1023 3188 ι)
1044 3156 1069 3189 c.

75 3210 145 3265 ²cl
161 3226 182 3261 s.
204 3208 311 3265 flium..
333 3205 354 3265 Ι,
373 3222 402 3269 q.
418 3205 475 3265 vlt,
495 3219 521 3255 a.
545 3205 556 3253 l
579 3219 607 3254 c.

75 3284 192 3335 ³lieum
212 3296 270 3332 esse
289 3294 336 3330 ens
354 3280 474 3328 omnium
499 3276 723 3339 perfectissimum
743 3292 774 3329 er
794 3282 930 3331 communi
949 3282 1031 3331 etiam
1051 3290 1105 3333 tam

34 3364 193 3414 doctorum,
212 3368 294 3418 quem
314 3352 481 3402 indoctorum
500 3362 578 3399 sensu
599 3350 770 3400 manifestum
789 3356 840 3401 est.
863 3370 874 3395 ι
891 3350 998 3412 Omnes,
1020 3356 1107 3419 inquit

34 3450 59 3485 s,
83 3428 259 3491 Augustinus,
279 3426 400 3475 certatim
422 3436 469 3484 pro
487 3420 645 3471 excellentia
665 3420 712 3473 Dei
731 3422 875 3482 dimicent;
897 3439 945 3475 nec
965 3426 1107 3490 qnisquam

35 3502 154 3557 inventri
173 3504 279 3562 potest,
298 3497 344 3560 qui
363 3496 414 3544 hoc
435 3492 518 3543 lleum
537 3493 630 3543 credat
647 3507 724 3554 csse,
747 3508 801 3558 qno
820 3498 916 3547 metius
935 3498 1035 3561 aliquid
1056 3505 1105 3549 est.

34 3577 135 3640 ltaque
153 3574 207 3623 lsoc
223 3582 316 3621 omnes
333 3566 418 3617 llenm
437 3566 605 3616 consentiunt
618 3580 686 3626 esse,
699 3567 771 3631 quod
785 3570 880 3619 ceteris
894 3570 971 3621 rebus
986 3573 1108 3622 omnibus
1132 3601 1137 3612 ι

35 3648 207 3712 anteponunt
229 3662 254 3701 ιι
276 3644 315 3692 De
333 3642 425 3691 Docte.
447 3640 552 3697 christ„
572 3639 617 3690 lib.
641 3637 663 3698 l,
683 3655 709 3691 c.
731 3640 757 3700 7,
777 3654 805 3689 n.
829 3642 854 3690 7.

114 3726 222 3779 fumos.
235 3719 345 3776 Cusnr.
360 3723 498 3784 compano.
514 3719 548 3771 ll.
913 3726 967 3776 ιιι
