2475 3909
124 179 183 245 198
523 197 700 247 conatuum

81 281 121 345 de
140 278 219 345 reali
234 280 305 345 eius
318 281 493 346 existentia
514 280 674 347 iudicium
694 280 834 348 conficit.
849 282 944 361 Sane,
958 292 995 350 ut
1007 303 1059 351 res
1072 306 1147 373 per·

82 364 240 449 cipiatur,
262 374 359 448 prout
379 364 478 428 realis
498 375 557 443 est,
582 386 663 450 opus
685 376 733 431 est
756 364 888 439 iudicio;
910 376 1039 452 oportet
1058 370 1147 434 euim

84 445 285 511 intellectum
307 467 405 531 supra
427 466 513 522 rem,
538 469 621 533 quae
646 450 710 512 inm
755 459 883 533 ercepta
905 458 965 527 est,
988 454 1146 528 converti,

84 537 121 592 ut
143 527 217 592 inde
240 531 432 615 perspiciat,
453 540 577 608 utrum,
591 551 692 595 necne
717 468 771 595 illa
794 532 958 617 perceptio
978 535 1149 600 conveniat

81 608 235 676 realitati.
252 614 295 676 at
309 613 472 697 perceptio
494 612 557 690 rei,
578 635 661 698 quae
684 613 764 677 inse
779 613 876 678 realis
897 626 956 690 est,
972 616 1042 681 sino
1057 635 1149 701 prae-

84 695 139 757 vio
156 691 280 756 iudicio
302 694 450 771 hebetum
466 716 541 759 nam
563 696 743 762 intellectus
765 716 846 772 rem,
862 717 944 780 quae
967 699 1000 761 in
1022 719 1057 763 se
1078 714 1150 763 rea·

83 775 125 839 lis
146 784 205 870 est,
227 774 398 843 dumtaxat
418 777 641 863 apprehendit,
656 778 736 864 quin
761 779 943 863 investiget,
966 791 1076 845 utrum
1092 800 1149 845 sua

84 858 230 937 munitio
252 862 422 926 conveniat
442 860 594 937 realitati,
617 881 729 926 necne.

124 935 160 1003 2⁰
181 939 252 1003 Non
273 940 379 1005 solum
400 964 464 1006 non
486 942 712 1026 expostulatur
733 938 905 1018 iudicium,
926 953 961 1007 ut
983 944 1152 1029 perceptio

85 1019 314 1089 intellectualis
335 1030 381 1088 rei
404 1025 587 1099 habeatur,
610 1024 666 1090 sed
690 1022 771 1089 illud
793 1021 954 1088 iudicium
975 1046 1015 1089 eo
1038 1024 1148 1102 modo,

85 1124 152 1187 quo
163 1124 181 1166 a
194 1102 365 1171 llosminio
379 1107 573 1193 explicatur,
587 1128 702 1191 nempe
719 1126 776 1191 per
789 1104 1038 1202 applicationem
1055 1106 1150 1173 ideae

85 1189 165 1251 rnna
186 1186 355 1254 elementis
376 1188 564 1267 sensilibus,
586 1198 720 1254 naturae
743 1184 854 1252 iudicii
878 1186 1075 1254 adversatur.
1101 1189 1151 1254 Re

88 1267 221 1353 quidem
243 1292 332 1348 vera,
348 1292 450 1349 mens,
473 1270 651 1337 secundum
675 1271 890 1343 Rosnrinium,
905 1290 968 1335 non
983 1273 1152 1355 cognoscit

85 1372 172 1426 roras,
195 1372 279 1437 quae
300 1356 514 1421 sensationem
537 1351 704 1441 producit,
728 1353 790 1416 nisi
812 1360 903 1415 antea
926 1351 1085 1417 iudicium
1107 1353 1154 1417 ol-

86 1433 218 1511 formet,
234 1455 300 1522 quo
322 1436 430 1501 ideam
452 1439 596 1504 innatam
617 1437 695 1499 cretis
711 1436 773 1519 ipsi
789 1432 1154 1530 appliceuquapropter

87 1537 190 1592 mens,
206 1538 279 1583 cum
301 1519 362 1583 hoc
381 1519 541 1583 iudicium
563 1516 705 1593 conficit,
728 1516 869 1602 applicat
884 1514 989 1579 ideam
1001 1520 1076 1583 entis
1091 1518 1153 1595 rei,

88 1620 187 1682 quam
209 1598 350 1665 nondum
378 1603 551 1687 cognoscit.
577 1602 675 1683 Atqui
698 1599 759 1662 hoc
781 1595 957 1662 absurdum
979 1610 1043 1677 est;
1066 1620 1156 1675 nam,

89 1682 195 1767 aiente
216 1703 240 1747 s.
266 1682 397 1758 Thoma,
420 1707 438 1745 «
462 1682 570 1748 nullus
592 1690 697 1768 potest
718 1680 882 1766 applicare
904 1680 1026 1764 aliquid
1048 1680 1087 1745 ad
1111 1680 1157 1745 al-

87 1775 208 1840 torum,
231 1764 294 1830 nisi
315 1764 394 1829 illud
409 1773 675 1852 praecognoscat;
697 1762 783 1827 unde
799 1760 884 1827 dicta
901 1763 1076 1847 applicatio
1090 1784 1156 1828 non

88 1856 285 1929 potestesse
311 1848 394 1912 ratio
415 1846 630 1933 cognoscendi
658 1842 893 1931 particularia,
917 1841 970 1907 sed
1000 1846 1160 1931 cognitio—

90 1948 166 1993 nem
192 1927 410 2017 singularium
435 1927 738 2028 praesupponitln.
762 1928 859 2011 Ergo.
884 1926 1068 2005 Praeterea,
1092 1928 1156 1992 nisi

89 2010 290 2089 subiectum,
314 2023 346 2078 et
368 2013 562 2080 attributum
583 2010 623 2075 ad
646 2030 764 2084 unam,
786 2006 998 2105 eamdemque
1021 2008 1159 2075 inculta-

89 2104 157 2156 tem
171 2103 326 2177 spectent,
348 2094 510 2161 iudicium
526 2090 730 2191 impossibile
752 2088 873 2167 evadit;
894 2111 973 2187 quia
996 2090 1158 2158 iudicium

89 2175 239 2239 consistit
258 2176 294 2240 in
306 2177 418 2251 unico,
434 2188 466 2241 et
482 2176 625 2242 indiviso
647 2183 732 2250 actu,
756 2192 822 2257 qno
844 2172 959 2237 relatio
981 2174 1066 2239 inter
1084 2173 1163 2239 sub-

91 2258 231 2330 iectum,
255 2267 288 2324 et
309 2258 531 2357 praedicatum
559 2256 778 2343 perspicitur,
802 2266 834 2320 et
855 2255 933 2319 haec
958 2258 1072 2322 relatio
1100 2257 1161 2321 hoc

92 2337 188 2404 modo
210 2342 350 2425 perspici
374 2361 436 2407 non
459 2350 578 2425 potest,
602 2339 665 2403 nisi
689 2358 772 2412 una,
795 2334 972 2422 eademque
995 2341 1036 2406 sit
1058 2338 1162 2403 lacul-

92 2431 157 2496 tas,
180 2442 263 2506 quae
284 2422 480 2499 subiectum,
503 2436 535 2489 et
557 2419 780 2507 praedicatum
803 2422 979 2505 cognoscit.
1003 2422 1102 2507 Atqui
1124 2422 1161 2485 in

91 2503 263 2586 primitivo
290 2504 415 2570 iudicio
440 2505 639 2569 rosminiano
667 2501 848 2568 subiectum
875 2512 909 2567 et
936 2503 1162 2590 praedicatum

93 2584 133 2648 ad
156 2584 300 2652 diversas
322 2586 492 2654 facultates
519 2586 704 2671 pertinent,
728 2586 807 2669 quia
835 2583 1016 2652 subiectum
1044 2594 1093 2652 est
1113 2583 1160 2660 id,

92 2666 181 2813 puod
203 2690 263 2755 per
283 2672 499 2736 sensationem
520 2669 724 2733 extrinsecus
747 2666 873 2731 animae
896 2667 1045 2746 advenit,
1068 2686 1165 2755 prae-

119 2750 238 2815 icatnm
259 2763 367 2819 autem
388 2762 437 2817 est
461 2748 534 2816 idea
555 2748 777 2836 intelligibilis
798 2749 894 2824 entis,
910 2770 993 2835 quae
1015 2751 1165 2815 intrinse-

94 2852 153 2895 cus
167 2834 295 2898 animae
310 2844 368 2901 est.
382 2836 488 2917 luitur
508 2831 669 2897 iudicium
691 2830 896 2929 primitivum
910 2853 950 2897 eo
966 2832 1081 2909 modo,
1096 2852 1164 2975 tpuo

96 2913 300 2980 allosmioio
321 2917 518 2999 explicatur,
533 2928 666 2979 naturae
689 2911 804 2977 iudicii
828 2921 997 2999 repugnat.
1015 2918 1099 2979 Acce
1125 2914 1161 2989 it,

96 2995 183 3081 quod
200 2996 259 3061 hoc
274 2998 444 3075 iudicium,
462 2995 640 3063 secundum
661 2994 881 3070 Rosminium,
904 3006 952 3062 est
966 2996 1062 3062 simul
1077 3015 1165 3062 com-

100 3080 309 3163 parativum,
332 3091 364 3145 ct
386 3079 629 3155 instinctivum3
652 3074 925 3162 comparativum,
947 3080 1023 3164 quia
1051 3077 1085 3144 fit
1105 3098 1167 3164 per

97 3163 359 3228 coniunctionem
388 3161 478 3227 ideae
501 3163 630 3227 innatae
653 3160 732 3223 entis
752 3179 827 3223 cum
854 3158 1020 3226 elementis
1042 3162 1168 3226 sensili-

99 3242 184 3320 bus,
206 3255 239 3312 et
259 3246 503 3321 instinctivum,
526 3243 604 3329 quia
633 3242 688 3308 illa
714 3241 899 3308 coniunctio
924 3245 1169 3331 peractionem

100 3338 333 3411 spontaneam,
356 3336 389 3393 et
410 3326 587 3393 naturalem
614 3325 752 3391 rationis
777 3324 925 3391 ellicitur.
954 3330 996 3391 nt
1020 3346 1079 3391 nos
1103 3328 1169 3393 iam

101 3409 308 3528 ostendimus²
323 3410 485 3476 indicium
498 3408 759 3493 comparativum
773 3406 884 3484 simul,
899 3417 932 3475 et
945 3408 1170 3476 instinctivurn

102 3510 283 3575 repugnare
313 3541 320 3556 .

139 3684 193 3747 Ι1,
212 3700 240 3753 q.
261 3682 334 3747 lllll,
355 3700 382 3736 a.
405 3686 433 3734 tl
456 3684 556 3735 c.·-²
574 3679 653 3749 (Ἀρ.
677 3679 738 3734 152.
