2475 3909
137 136 197 200 ‘tol
498 158 750 208 curranroroom

97 236 175 313 alio,
197 238 250 302 cui
272 259 385 305 revera
407 259 471 305 non
491 241 587 319 inest,
610 242 791 327 coniungit,
814 248 847 307 et
868 242 991 328 aliquid
1014 242 1055 308 ab
1079 244 1160 321 alio,

97 319 152 382 cui
178 341 289 385 revera
311 322 405 399 inest,
428 334 568 408 separat.

134 401 185 465 95.
202 403 269 466 lam
293 404 380 502 inter
399 405 607 502 philosophos
629 403 827 491 disputatur,
843 414 953 473 utrum
977 409 1096 472 veritas
1117 406 1166 469 lo-

96 480 168 565 gica
192 493 315 548 tantum
340 509 373 551 m
397 487 541 565 iudicio,
565 508 604 552 an
627 488 727 553 etiam
754 488 787 551 in
816 488 954 573 simplici
983 510 1001 553 a
1028 489 1165 574 prehen-

94 563 184 630 siono
209 566 404 635 inveniatur.
425 568 545 646 Nobis,
568 566 746 636 secundum
769 590 794 633 s.
811 568 979 646 Thomam,
1001 509 1079 634 llaec
1100 579 1164 633 sta·

95 646 216 710 tuenda
240 647 402 715 videntur:

136 725 169 791 1⁰
191 730 322 795 Veritas
353 732 459 819 logica
485 732 617 818 propria
638 743 670 799 et
691 730 834 817 perfecte
860 730 899 795 ad
925 729 1084 796 iudicium
1111 751 1162 795 so-

94 806 259 874 lummodo
281 816 433 896 pertinet.
449 815 578 879 Etenim
594 813 775 880 intellectus
797 825 865 879 tum
889 814 1020 899 proprie
1042 825 1074 877 et
1090 832 1162 897 per-

94 885 178 956 fecte
201 895 372 961 reritatem
394 895 587 982 assequitur,
603 916 678 961 cum
700 916 825 971 verum,
844 907 941 979 prout
961 904 1010 959 est
1031 914 1159 973 verum,

91 974 267 1055 cognoscit,
290 998 405 1065 nempe
427 1000 503 1045 cum
524 977 688 1063 cognoscit
710 975 874 1043 obiectum
896 977 942 1042 ita
963 997 1033 1042 esse
1056 978 1089 1040 in
1111 994 1160 1053 se,

91 1063 188 1135 prout
210 1053 312 1122 abeo
334 1061 530 1148 concipitur.
556 1059 655 1145 Atqui
680 1058 860 1125 intellectus
887 1078 951 1123 non
980 1068 1085 1144 potest
1105 1077 1160 1122 co-

90 1152 243 1217 gnoscere
257 1136 422 1207 obieotum
442 1143 550 1226 reipsa
570 1162 640 1206 esso
660 1140 693 1203 in
715 1160 761 1218 se,
777 1141 826 1206 uti
842 1138 936 1204 abeo
959 1140 1159 1225 concipitur,

92 1215 156 1278 nisi
179 1215 265 1285 dicat
278 1240 346 1288 esse
367 1222 454 1309 quod
475 1235 535 1302 est,
551 1242 667 1307 nempe
683 1222 820 1287 affirmet
841 1220 974 1288 realiter
988 1222 1092 1287 inesse
1108 1223 1159 1285 rei

88 1294 122 1358 id
146 1297 234 1383 quod
257 1301 324 1387 ipse
347 1304 379 1371 in
403 1306 457 1370 illa
471 1301 695 1391 apprehendit.
711 1306 799 1387 Ergo
821 1304 940 1369 veritas
961 1304 1067 1388 logica
1086 1304 1158 1367 sine

88 1378 300 1449 allirmationo
328 1386 510 1455 intellectus
536 1389 676 1452 existere
702 1386 824 1471 nequit.
855 1387 921 1450 lam
943 1386 1097 1471 quoniam
1119 1386 1158 1447 in

88 1459 301 1534 affirmatione
324 1466 486 1535 iudicium
507 1470 706 1546 continetur,
729 1467 899 1534 veritatem
921 1465 1060 1565 loqicam
1082 1488 1160 1552 pro-

87 1541 181 1687 priel,
204 1554 237 1609 et
259 1547 402 1668 perfecte
430 1551 464 1615 in
488 1548 612 1615 iudicio
639 1548 843 1615 solummodo
865 1550 1004 1625 inveniri
1027 1548 1160 1615 conclu-

109 1643 229 1689 enrum
251 1637 299 1694 est
326 1678 334 1692 .

124 1703 160 1767 2⁰
182 1705 311 1776 Veritas
332 1712 439 1799 logica
460 1715 559 1780 etiam
582 1713 616 1778 iu
639 1712 781 1798 simplici
804 1732 846 1797 ap
872 1712 1060 1779 rehensiono
1074 1731 1157 1796 quo-

84 1781 258 1855 dammodo
282 1792 467 1871 invenitur,
490 1796 549 1861 hoc
573 1804 639 1869 est,
663 1795 707 1857 ita
729 1806 766 1859 ut
786 1732 968 1859 intellectus
993 1792 1155 1879 perhanc

85 1870 309 1951 operationem
323 1876 456 1961 aliquod
474 1898 587 1943 verum
603 1874 835 1961 apprehendat,
850 1898 907 1941 nec
923 1886 1040 1953 tamen,
1057 1886 1156 1971 prout

83 1958 133 2014 est
154 1972 283 2030 verum,
304 1974 488 2044 cognoscat.
514 1960 554 2025 Et
577 1978 669 2034 sane,
695 1957 858 2043 simplices
880 1956 1155 2043 apprehensiones

82 2029 265 2099 intellectus
288 2041 445 2106 essentias
467 2059 587 2117 rerum,
612 2050 709 2124 prout
732 2038 766 2102 in
788 2037 885 2103 rebus
908 2050 998 2113 sunt,
1020 2056 1156 2124 reprae-

82 2122 221 2179 sentant.
243 2119 367 2202 Atqui,
389 2122 414 2186 si
437 2124 593 2191 essentias
614 2142 747 2197 rerum,
770 2130 868 2205 prout
889 2122 922 2185 in
944 2121 1042 2186 rebus
1065 2131 1153 2195 sunt,

81 2205 349 2278 repraesentant,
377 2215 611 2271 consentaneae
644 2200 742 2267 rebus
769 2202 980 2288 apprehensis
1006 2222 1075 2267 esse
1096 2200 1156 2265 de-

82 2273 169 2342 bent.
194 2279 282 2365 Ergo
304 2280 336 2345 in
351 2283 492 2368 simplici
508 2284 764 2369 apprehensione
787 2285 904 2349 veritas
927 2282 1032 2369 logica
1048 2284 1149 2349 etiam

79 2356 255 2425 invenitur.
272 2364 327 2439 dt,
342 2367 498 2448 quoniam
521 2364 703 2431 intellectus
726 2365 987 2430 convenientiam
1009 2364 1060 2429 sui
1074 2384 1152 2429 cum

80 2437 179 2505 rebus
202 2462 260 2526 per
281 2443 461 2531 simplicem
482 2445 775 2533 apprehensionem
804 2468 867 2511 non
890 2446 1072 2530 cognoscit,
1096 2466 1153 2509 re-

80 2520 158 2585 ritns
173 2521 277 2607 logica
294 2528 425 2613 pmprie
440 2540 473 2596 et
487 2526 631 2614 perlecto
647 2527 687 2593 ad
706 2524 793 2591 illam
810 2529 973 2613 pertinere
994 2530 1109 2610 nequit
1122 2528 1148 2589 ¹.

119 2602 154 2667 3⁰
176 2605 209 2671 si
231 2606 472 2690 quodammodo
495 2611 612 2677 veritas
636 2608 741 2694 logica
758 2610 790 2673 in
806 2608 947 2693 simplici
972 2610 1152 2694 apprehen-

79 2684 170 2751 sione
194 2685 374 2765 invenitur,
398 2692 431 2755 in
454 2712 492 2757 ea
516 2690 638 2757 lalsitas
658 2710 715 2775 per
736 2712 764 2753 se
786 2710 964 2777 numquam
987 2710 1054 2755 esse
1076 2697 1151 2775 pot-

78 2776 138 2843 est,
154 2768 315 2851 siquidem
337 2772 503 2858 simplices
524 2784 700 2859 conceptus
723 2771 904 2839 intellectus
926 2792 969 2836 ex
990 2792 1042 2849 eo,
1058 2769 1147 2857 quod

77 2848 231 2913 essentias
253 2872 380 2931 rerum,
410 2865 509 2940 prout
530 2856 562 2920 in
585 2875 619 2918 se
642 2867 733 2931 sunt,
756 2862 1011 2941 repraesentant,
1034 2872 1149 2918 omncs

77 2928 146 2993 veri
170 2939 325 3006 suut,non
352 2945 474 3014 autem,
496 2945 533 3003 ut
557 2936 669 3002 multis
690 2936 864 3004 Wolfianis
885 2936 990 3000 risum
1012 2947 1071 3013 est,
1094 2932 1147 2999 vet

77 3012 160 3087 veri,
174 3011 224 3076 vel
241 3010 327 3078 falsi.
345 3015 441 3093 Sane,
457 3040 475 3079 u
490 3019 659 3104 quidditas
681 3021 730 3085 rei
752 3029 802 3085 est
823 3017 956 3105 proprie
977 3016 1146 3083 obiectum

75 3092 257 3160 intellectus
272 3094 316 3159 'uz
334 3095 422 3164 nulla
443 3111 553 3166 antem
569 3099 706 3167 facultas
721 3100 896 3187 cognitrix,
912 3100 961 3166 uti
984 3108 1075 3165 autea
1096 3096 1147 3161 vi·

425 3247 551 3263 *-

110 3343 120 3378 ¹
142 3340 163 3395 l·
183 3340 298 3407 (hm,
318 3344 374 3397 Η
396 3350 473 3400 ⁰·-·²
493 3354 542 3417 Oq.
561 3354 658 3417 dispp„
683 3358 720 3405 Do
744 3358 815 3413 Ver..
830 3372 858 3419 q.
880 3352 901 3413 l,
916 3368 959 3405 aa.
974 3353 1002 3411 ³,
1016 3359 1042 3403 el
1062 3352 1095 3403 12
1116 3370 1143 3407 c.

109 3412 121 3448 ⁸
140 3415 189 3476 Qt·
208 3416 306 3478 ditm.
325 3419 442 3479 ldld.,a.
459 3422 531 3473 120.
549 3421 587 3475 Ob
606 3427 728 3477 eamdem
748 3430 879 3478 tattonem
898 3428 1049 3477 intellectus
1064 3444 1074 3470 ι
1092 3440 1144 3479 neo

74 3487 100 3538 iu
119 3486 210 3547 primis
228 3488 366 3551 prluclptls
385 3492 441 3542 ullo
455 3495 533 3545 modo
545 3496 680 3559 sleclpitur
697 3518 706 3543 ι
726 3494 824 3566 (illd).
843 3518 853 3544 ι
871 3497 1024 3549 lntetlaetns
1037 3510 1145 3561 semper

72 3559 113 3605 ost
133 3559 241 3615 metm,
261 3561 407 3613 secundum
426 3566 497 3627 quod
517 3568 669 3621 intellectus
688 3576 727 3619 est
747 3573 957 3633 prinolplorum,
981 3572 1051 3620 cirea
1071 3582 1144 3635 quae

72 3639 126 3680 noa
144 3626 277 3691 doctpttur
294 3644 327 3683 ax
345 3636 439 3689 eadem
461 3650 562 3701 caum,
587 3655 641 3706 qua
665 3656 717 3695 noo
734 3644 873 3711 ¹decipitur
897 3643 968 3694 cirea
988 3642 1058 3709 quod
1076 3644 1143 3709 quid
