2475 3909
165 152 227 219 390
465 173 651 224 ruuonoom
676 173 864 224 nnnvnnms

124 265 194 322 tera
218 255 391 341 penderet,
414 279 473 324 neo
494 258 632 346 proinde
660 273 765 326 essent
787 259 865 337 Dii3
889 259 917 324 si
939 281 1018 326 vero
1040 281 1109 326 nou
1132 283 1202 328 eon·

124 338 285 413 venirent,
308 360 371 404 uon
393 341 550 406 existeret
571 340 652 407 ordo
668 341 691 404 ¹.

162 419 235 485 201.
259 423 381 486 Errore
404 435 513 488 autem
537 433 699 498 tenentur,
714 423 771 507 qui
797 422 849 507 poi
875 423 1051 488 tbeismum
1077 424 1202 509 ubique

124 497 305 595 obtinuisse
320 502 534 571 arbitrantur.
552 504 682 569 Etenim
698 524 810 569 omnes
825 443 890 580 itii,
905 507 963 590 qui
981 505 1098 601 primis
1113 507 1206 572 Chri-

125 593 247 646 etranae
269 585 340 650 lieii
368 587 453 650 ionis
482 598 548 651 tem
572 585 685 650 oribus
712 585 865 650 adversus
893 587 1042 654 Genntes
1062 590 1206 673 scripse

125 673 216 739 runt,
240 665 299 730 boe
321 605 384 731 sibi
414 666 535 752 proban
562 688 617 731 nm
640 679 874 753 susceperunt,
897 671 1033 733 maximi
1059 673 1203 735 nominis

125 744 336 832 Philosophos
368 770 468 812 unum
496 769 607 813 rernm
635 752 782 814 omnium
810 761 999 834 parentem,
1031 771 1070 814 ao
1102 751 1203 816 Deum

125 828 287 971 professos
308 833 413 895 esse².
437 828 554 906 Quoad
575 841 683 894 autern
712 831 909 927 populorum
937 830 1057 906 fidem,
1084 833 1205 898 iuverit

147 929 201 972 aec
222 911 412 977 observare:
438 913 470 976 1⁰
492 916 521 975 Α
544 913 656 976 mundi
680 916 808 998 origine
836 935 938 997 usque
960 912 998 976 nd
1023 913 1205 980 diluvium.

125 991 185 1053 boo
207 1002 255 1057 est
278 1014 335 1078 per
356 994 421 1058 duo
443 993 547 1058 miliia
572 1014 731 1059 annornm
754 995 910 1068 circiter,
934 997 1032 1059 nnius
1053 993 1117 1060 Dei
1140 999 1204 1062 cui-

127 1087 177 1137 tus
201 1075 232 1137 in
255 1078 352 1140 terris
367 1077 398 1140 vi
425 1073 789 1164 interponeremus
811 1088 868 1143 aot
890 1076 999 1162 pantio
1022 1089 1100 1142 ante
1122 1077 1205 1142 diiu-

127 1155 227 1230 rium,
244 1167 312 1233 aut,
328 1095 424 1242 qnod
439 1155 640 1243 probabilius
663 1170 727 1232 est,
745 1167 815 1243 post
829 1156 946 1223 diluvii
971 1169 1125 1245 tempora
1143 1164 1204 1246 pri·

128 1257 216 1300 mum
232 1242 384 1324 apparuit
400 1243 422 1305 ⁸.
445 1238 480 1306 3⁰
496 1237 739 1306 Florentissima
763 1259 840 1322 gens
864 1238 1000 1304 hebraea
1017 1263 1141 1315 unum,
1156 1265 1205 1306 re·
1234 1283 1235 1324 p

128 1338 266 1404 rumque
288 1320 394 1387 Deum
415 1322 528 1396 coinit;
549 1331 594 1395 et,
609 1324 636 1386 si
661 1321 791 1407 quando
815 1319 855 1384 ab
878 1323 1036 1386 institutis
1057 1325 1133 1388 suis
1154 1323 1204 1388 de
1234 1331 1235 1378 t

126 1399 250 1475 ficiens,
275 1401 356 1467 saiso
380 1405 513 1470 numina
542 1403 666 1480 coluit,
692 1404 780 1468 illico
808 1423 866 1486 per
887 1403 1131 1486 Prophetarum
1154 1407 1204 1469 ad

127 1485 319 1548 monitiones
341 1485 382 1549 ab
406 1487 507 1570 impio
528 1487 588 1551 boc
609 1487 698 1551 cuitu
722 1505 754 1548 se
776 1485 951 1550 revocavit.
968 1483 1004 1550 4⁰
1030 1487 1082 1550 Ex
1106 1491 1203 1551 certis

127 1566 246 1629 veteris
271 1566 424 1632 historiae
453 1569 658 1632 documentis
686 1567 836 1632 norimus
863 1567 949 1652 apud
972 1569 1132 1654 antiquos
1155 1571 1200 1632 in

125 1644 195 1722 dos,
212 1648 320 1724 Sinas,
336 1652 526 1738 Aegyptios,
549 1650 677 1726 Persas,
693 1649 937 1732 antiquissimos
959 1649 1120 1726 Graecos,
1144 1651 1203 1714 Ro

127 1749 251 1804 manos,
273 1753 331 1796 nec
354 1753 415 1795 non
438 1731 526 1831 apud
548 1732 758 1802 Germaniae,
787 1739 820 1795 et
843 1729 1078 1795 scandinaviam
1104 1753 1205 1818 popu-

127 1808 173 1874 ios
189 1814 323 1899 vestigia
339 1815 527 1898 primitivae
552 1812 773 1878 Revelationis
788 1811 874 1874 circa
898 1813 1057 1876 unitatem
1074 1811 1140 1878 nei
1158 1835 1205 1878 re-

128 1893 225 1974 periri
244 1898 267 1956 ⁶.
290 1893 325 1958 5⁰
348 1898 423 1961 Post
451 1895 621 1981 Evangelii
652 1890 944 1980 promulgationem
971 1892 1080 1958 cuitus
1105 1895 1205 1960 idcio·

126 1995 199 2039 rum
222 1978 343 2042 sensim
370 1977 535 2052 concidit,
558 1987 591 2042 et
614 1977 743 2041 tandem
771 1975 900 2037 nonnisi
922 1994 1020 2059 penes
1043 1977 1203 2060 quosdam

128 2057 285 2122 immanes
300 2059 437 2145 populos
503 2060 690 2134 rseveravit,
707 2072 804 2142 atque
821 2055 927 2119 adbuc
948 2059 1049 2142 riget.
1066 2057 1122 2123 Ex
1137 2061 1206 2144 qui-

127 2136 187 2202 bus
209 2141 350 2205 efficitur
372 2142 424 2227 poi
450 2155 461 2208 t
484 2143 622 2206 eismum
646 2160 750 2226 neque
772 2149 980 2224 perpetuum.
1004 2159 1114 2223 neque
1137 2143 1205 2204 uni·

127 2224 285 2286 versatem
301 2222 414 2287 fuisse.
466 2226 491 2288 is
506 2234 670 2306 tamquam
692 2219 843 2286 cumulus
866 2217 1004 2294 accedit,
1026 2221 1120 2304 quod
1141 2222 1204 2308 piu-

127 2304 214 2367 rinm
239 2304 382 2370 Deorum
404 2307 545 2372 cultores
566 2303 658 2368 valde
680 2305 766 2368 inter
787 2321 821 2364 se
844 2299 1058 2377 dissidebant,
1081 2325 1200 2389 neque.

127 2396 206 2452 teste
228 2387 337 2451 Tullio
353 2389 377 2464 ⁸,
394 2391 426 2452 in
442 2388 505 2453 aiio
528 2408 577 2464 re,
599 2407 698 2470 quam
721 2385 754 2448 in
776 2381 919 2468 quadem
942 2393 1061 2448 natura
1085 2384 1202 2450 Divina

126 2466 325 2536 admittenda
345 2468 606 2543 consentiebant,
628 2468 673 2532 ita
695 2477 731 2532 ut
752 2466 920 2530 consensio
941 2465 1151 2532 ethnicorum
1174 2471 1202 2532 in

127 2571 166 2616 eo
190 2554 300 2638 potios
326 2563 452 2619 versatu
475 2555 539 2626 sit,
562 2549 649 2636 quod
676 2547 837 2634 quaedam
866 2547 984 2612 Divina
1006 2559 1127 2613 natura
1149 2551 1199 2622 sit,

127 2655 225 2719 qnam
256 2634 343 2721 quod
370 2633 479 2719 piures
506 2633 562 2698 Dii
585 2641 659 2699 sunt
673 2633 696 2694 ⁸.
719 2631 833 2716 Neque
859 2628 941 2696 iilud
962 2629 1197 2696 omittendum.

165 2868 175 2904 t
198 2885 208 2911 ι
231 2862 258 2916 Si
278 2866 389 2928 piures,
409 2869 448 2916 att
467 2868 537 2918 idem
556 2873 666 2917 sauctus
686 2863 800 2922 Ductor,
821 2863 920 2914 mundo
940 2869 1116 2927 praeerseut,
1141 2867 1203 2916 ordo

131 2944 179 2992 iste
198 2941 299 2989 serrari
320 2953 371 2991 non
392 2945 499 3002 posset.
519 2940 563 2990 sed
583 2940 673 2989 omnin
694 2937 848 2989 contusione
869 2937 944 2998 ptem
964 2943 1070 2996 esseut,
1090 2937 1157 2988 duur
1176 2953 1203 2987 u·

128 3013 293 3076 unoquisque
312 3012 402 3063 omnia
421 3012 454 3062 ad
474 3025 552 3062 suom
572 3012 712 3062 arbitrium
727 3009 854 3068 traheret,
873 3012 900 3058 et
918 3009 1045 3060 udrerrus
1058 3009 1145 3060 alium
1158 3023 1202 3074 pe

129 3089 232 3207 ‘nitidi
246 3083 506 3220 diodtbrb‘d’fle'bpiaobir
524 3156 663 3213 nnmrnttr,
677 3161 700 3205 et
713 3153 846 3204 denotatur
854 3153 997 3216 principio,
1012 3157 1033 3204 t.
1049 3149 1072 3211 Ι,
1085 3157 1156 3205 rect.
1170 3151 1199 3210 ΙΙ,

130 3245 156 3281 a.
178 3228 207 3288 Ξ,
229 3242 256 3290 p.
279 3228 342 3289 tto,
363 3227 480 3278 Venetiis
503 3227 582 3278 1⁷6³.

166 3300 178 3336 ³
197 3295 240 3356 Gt,
260 3306 365 3361 praeter
384 3295 489 3350 Crimet
507 3293 676 3367 (Commeat,
695 3298 717 3345 t.
738 3291 771 3353 V,
795 3295 904 3347 Dirum.
924 3297 956 3346 da
974 3299 1041 3360 orto.
1060 3291 1200 3361 tentant).

128 3373 249 3432 nitorque
269 3370 378 3428 mutter,
397 3365 536 3427 betebrro,
551 3373 609 3420 mr.
623 3383 669 3420 rur
688 3368 819 3430 toriptnr,
840 3367 867 3417 tu
884 3373 986 3426 nunno,
1001 3375 1025 3418 et
1036 3367 1064 3418 tn
1082 3367 1157 3417 enne
1173 3369 1200 3418 ds

129 3440 280 3497 t’tdotdtrte,
296 3443 364 3491 inter
378 3443 519 3492 Commeat.
533 3439 805 3492 earnemcarnem.
821 3441 931 3495 hono..
943 3443 963 3488 t.
976 3436 1022 3494 tv.
1034 3453 1061 3501 p.
1075 3437 1131 3488 239
1144 3453 1198 3501 sqq.

166 3507 177 3542 ⁴
196 3505 231 3558 Gt
247 3511 298 3560 hnc
316 3513 349 3560 de
368 3525 396 3562 re
416 3509 531 3573 prem.
553 3515 590 3562 Ln
608 3514 717 3562 srtmzn
736 3524 749 3560 e
767 3513 794 3561 tn
814 3511 888 3570 Ferte,
906 3509 961 3561 rol.
976 3506 1023 3570 tx,
1043 3523 1072 3572 p.
1085 3509 1123 3559 93
1144 3524 1198 3573 sqq,

131 3577 225 3636 N³i>⁰¹i
249 3582 396 3630 wid-⁵
417 3584 465 3645 (iq.
487 3585 599 3642 Turoni„
619 3583 666 3632 lib.
691 3579 711 3639 Ι,
732 3595 759 3631 e.
782 3581 826 3632 ¹3.

166 3646 178 3685 ⁰
197 3647 276 3702 ttttnd
295 3657 353 3712 ert,
372 3665 464 3705 erroro
484 3656 569 3708 teneri
587 3656 661 3709 circa
680 3666 772 3710 reram
791 3657 917 3710 naturam
939 3649 987 3709 ner
997 3689 1008 3719 ,
1027 3665 1060 3708 tc
1079 3651 1200 3720 itum
