2475 3909
462 189 693 238 nnnnnnroara
1019 173 1075 238 121

59 278 229 374 analogiam
255 276 422 341 secundom
450 285 619 348 maram,
642 294 727 337 canc.
750 284 835 351 ant,
858 293 921 338 non
942 275 1060 345 hahent
1083 301 1118 343 a·

58 359 210 446 nalogram
224 357 401 424 secundum
419 355 761 443 repraesentationem,
777 376 843 439 neg.
859 368 923 420 ant.
936 358 1015 442 Nep.
1031 383 1114 428 canc.

59 445 92 509 Et
111 463 200 519 sane,
213 452 248 506 ut
269 439 392 526 aliquid
415 447 631 526 repraesentet
653 437 756 514 aliud,
769 459 832 503 non
848 439 1027 524 requiritur
1040 465 1117 508 con·

57 524 211 588 venientia
233 525 319 588 inter
344 541 382 588 ea
403 523 566 586 secundam
594 530 766 596 naturam,
789 522 844 586 sed
866 523 983 589 sulhcit
1004 547 1117 594 conve-

57 607 167 670 nientia
195 605 358 670 secundnm
384 604 702 689 repraesentationem.
726 604 764 669 E.
789 626 838 689 g.‚
861 614 963 671 statua
991 608 1116 675 Hercu-

58 689 90 752 lis
116 687 289 752 Herculem
323 687 443 772 optime
470 697 710 772 repraesentat,
734 689 792 750 etsi
826 686 932 751 forma
965 689 1116 757 Herculis

56 791 108 834 non
127 768 233 833 haheat
255 768 312 832 tale
334 789 393 832 esse
414 769 450 833 in
469 779 587 847 statua,
617 768 703 853 quale
723 787 783 830 csse
804 769 889 832 hahet
912 771 946 834 in
968 775 1116 838 carnibus

56 865 78 916 et
97 849 214 916 acutas
237 851 259 914 ¹.
275 851 355 929 Iam,
370 853 431 916 etsi
451 851 574 937 species
589 850 819 915 immateriales
833 853 953 918 nullam
976 853 1117 922 habeant

57 933 289 999 convenientiam
310 933 474 998 secandum
490 945 635 998 naturam
649 953 724 996 cum
745 931 843 998 rehus
866 931 1052 1012 sensilibus,
1069 949 1115 1003 ta-

56 1039 122 1082 maa
144 1014 261 1080 hahent
286 1035 361 1080 cum
382 1015 428 1080 eis
453 1017 696 1080 convenientiam
717 1016 883 1080 secandum
907 1031 1115 1101 repraesenta-

55 1101 158 1164 tionem
180 1098 206 1174 ¹‚
228 1099 305 1194 quia
331 1096 411 1162 nihil
440 1097 588 1183 prohihet
616 1097 792 1181 quominus
810 1097 937 1184 aliquid
966 1102 1057 1166 iocor
1079 1122 1115 1167 o·

56 1203 140 1248 reum
167 1190 331 1245 contineat
354 1181 387 1244 in
409 1199 443 1245 sc
463 1180 718 1264 repraesentativa
740 1176 820 1244 illud
844 1182 962 1267 ipsum,
977 1204 1042 1267 quo
1079 1186 1113 1249 in

55 1285 84 1329 re
108 1283 263 1349 corporea
290 1273 339 1328 est
365 1261 500 1325 realiter.
537 1261 642 1408 Igitur
669 1280 728 1356 per
754 1263 878 1346 species
906 1265 1114 1353 incorporeas

54 1356 181 1429 possunt
200 1365 252 1410 res
273 1364 448 1439 corporeae
470 1364 487 1408 a
510 1365 550 1408 no
578 1343 604 1408 is
627 1343 761 1429 percipi.

88 1429 138 1496 65.
161 1426 237 1494 lust.
261 1427 374 1493 Simile
396 1426 497 1491 simili
511 1426 713 1509 connascitur.
730 1425 817 1510 Ergo
841 1446 898 1511 per
918 1429 1042 1512 species
1063 1431 1111 1495 in-

54 1531 103 1576 eor
147 1530 220 1574 reas
241 1529 292 1574 res
314 1529 488 1594 corporeae
511 1508 637 1606 percipi
659 1526 722 1570 uon
743 1519 886 1591 possunt.

85 1532 145 1665 diii
166 1590 283 1678 hosp..
305 1591 389 1656 Dist.
413 1601 490 1669 ant„
513 1601 557 1656 rta
578 1599 616 1654 nt
637 1586 782 1652 medium
803 1590 1001 1676 cognitionis
1022 1593 1113 1658 simi-

52 1675 215 1741 litudinem
237 1683 372 1739 naturae
393 1671 510 1738 haheat
528 1693 602 1737 cum
622 1668 767 1735 suhiecto
789 1683 1012 1758 cognoscente,
1027 1697 1110 1740 carae.

52 1771 125 1836 ant,
149 1756 318 1842 cumipse
344 1752 471 1820 obiecto
503 1754 658 1839 cognito,
681 1771 748 1834 neg.
773 1766 838 1818 ant.
862 1754 942 1838 Nep.
966 1777 1048 1822 cans.
1072 1760 1114 1826 Et

51 1860 131 1918 sane,
155 1861 228 1906 cum
250 1838 396 1923 cognitio
417 1838 459 1902 sit
480 1835 609 1902 allectio
631 1832 769 1901 subiecti
791 1840 1025 1934 cognoscentis,
1048 1861 1112 1904 non

51 1945 119 1988 nero
141 1922 264 1988 obiecti
289 1920 429 2004 cogniti,
453 1917 596 1982 medium
616 1963 625 1993 ,
647 1938 712 2002 quo
739 1916 782 1982 ali
806 1915 865 1983 ord
893 1921 1110 2004 cognoscitur,

50 2007 149 2072 simile
173 2006 217 2070 sit
236 2011 368 2091 oportet
387 2022 448 2066 non
474 2001 538 2064 iarn
560 1999 701 2076 obiecto,
723 2020 767 2084 qu
825 2001 1040 2085 cognoscitur,
1055 2003 1110 2070 sed

50 2087 188 2156 subiecto
215 2084 431 2171 cognoscenti.
461 2082 647 2159 Quocirca,
674 2103 748 2147 cum
775 2083 881 2148 anima
903 2084 944 2148 sit
965 2085 1111 2155 immate-

49 2172 156 2250 rialis,
180 2169 308 2236 nonnisi
331 2186 388 2252 per
409 2166 533 2313 slpecies
556 2164 788 2230 immateriales
820 2175 924 2249 potest
956 2189 1008 2232 res
1039 2190 1112 2235 cor-

48 2273 158 2340 poreas
179 2269 385 2338 cognoscere.
443 2244 497 2312 lud
520 2247 625 2332 igitur
645 2245 791 2323 allatum,
815 2247 919 2311 simila
940 2249 1041 2315 simili
1062 2274 1111 2316 co·

47 2339 217 2419 numitor,
239 2345 398 2419 quatenus
418 2328 457 2396 ad
483 2349 551 2394 rem
577 2342 776 2413 praesentem
803 2329 953 2415 pertinet,
983 2332 1109 2399 sivero

47 2441 138 2485 sensu
171 2417 377 2502 accipiatur,
406 2412 588 2500 specierum
616 2409 777 2476 theoriam
806 2413 915 2497 potius
944 2412 1108 2493 adstruit,

47 2523 142 2586 qnam
165 2501 344 2596 impugnat.

80 2585 131 2649 67.
155 2582 261 2649 Ohaic.
289 2587 400 2644 contra
423 2575 550 2642 tertiam
602 2575 848 2660 repositionem.
871 2575 959 2640 Fieri
981 2579 1107 2663 nequit,

48 2674 79 2729 ut
97 2685 217 2750 corpus
242 2664 275 2727 in
296 2661 449 2747 spiritum
471 2593 600 2743 aliquiti
616 2667 701 2742 agat,
723 2670 756 2725 et
777 2657 910 2743 spiritus
931 2679 950 2722 a
971 2678 1109 2744 corporo

48 2748 197 2830 patiatur.
225 2746 312 2830 Ergo
334 2741 403 2806 lieri
426 2741 561 2824 nequit,
583 2749 619 2805 ut
641 2738 802 2804 obiectum
824 2737 941 2804 sensile
963 2743 1107 2826 speciem

47 2847 133 2892 snam
157 2831 307 2893 insensu
335 2824 518 2910 imprimat,
542 2841 678 2918 eamque
701 2841 811 2887 sensus
833 2821 984 2906 excipiat.

81 2912 131 2978 68.
156 2912 272 2996 Resp,
296 2908 378 2972 Dist.
402 2913 486 2978 ant,
508 2904 535 2967 si
559 2902 696 2986 spiratus
717 2905 760 2969 sit
776 2923 886 2988 puras,
902 2903 971 2968 sire
992 2926 1109 2993 corpo·

47 2992 87 3056 ris
106 3013 248 3079 expers,
270 3010 354 3057 conc.
376 2997 457 3062 aran,
482 2984 530 3049 sin
554 3005 628 3050 cum
650 3005 787 3072 corpore
815 2985 1010 3052 naturaliter
1030 3009 1108 3053 con·

47 3075 207 3162 iungatur,
230 3093 296 3157 nep.
319 3081 383 3137 ant.
407 3071 486 3216 Nep.
509 3087 591 3132 cans.
614 3067 658 3133 Et
677 3089 765 3146 sane,
788 3068 876 3135 ultro
898 3068 1107 3136 concedimus

45 3177 145 3242 neque
166 3178 301 3246 corpora
322 3173 414 3241 posse
436 3147 562 3235 aiquid
578 3148 713 3229 directe,
729 3161 762 3217 et
782 3150 970 3217 immediate
985 3153 1019 3216 in
1039 3154 1107 3238 spi·

46 3241 140 3306 ritum
161 3261 269 3328 agere,
292 3256 397 3323 neque
420 3234 543 3299 idcireo
565 3232 716 3316 spiritam
738 3253 830 3319 posse
844 3232 978 3311 directe,
1000 3244 1031 3300 et
1046 3237 1107 3300 im·

45 3324 180 3391 mediate
201 3321 379 3410 quidquam
401 3337 418 3381 a
440 3336 575 3463 corpore
598 3316 677 3399 peti.
694 3320 735 3384 At
757 3338 835 3382 vero
849 3316 1014 3382 obiectum
1036 3339 1106 3383 sen·

45 3407 98 3474 sile
118 3427 183 3472 non
205 3408 273 3493 agit
294 3399 474 3490 quidquam
512 3399 623 3476 irecte,
639 3409 672 3462 et
692 3398 879 3465 immediate
895 3400 928 3463 in
950 3402 1103 3476 animam,

78 3583 337 3723 tentent?
351 3575 536 3709 illisi·
557 3593 583 3630 ⁸·
603 3579 621 3630 ⁴
638 3580 670 3629 ”¹
690 3581 718 3633 ⁴·
