2475 3909
142 136 184 201 68
548 148 731 198 onroaocm

104 237 202 323 picoti
226 237 374 323 putavit,
397 256 525 322 nempe,
547 233 636 320 quod
658 254 755 300 causa
777 232 891 299 existit
910 245 984 300 ante
1010 236 1178 312 effectum,

103 340 193 383 secus
216 341 278 384 non
301 331 409 466 posset
431 318 525 385 ilium
548 315 754 402 producere,
782 327 815 380 et
835 314 923 399 quod
952 338 1015 381 non
1043 317 1176 395 existit,

105 402 169 465 nisi
192 421 298 465 cume
326 410 414 466 ectus
429 397 553 475 existit,
569 400 649 481 quia
664 417 762 461 causa
783 418 845 461 non
861 408 966 482 potest
985 419 1055 463 esse
1070 417 1178 475 causa,

107 484 170 546 nisi
197 502 273 547 curn
295 485 405 549 existit
426 482 560 548 effectus
582 482 606 542 ¹.

146 564 216 629 181.
240 564 309 628 Iam
330 562 578 649 distinguendae
600 572 676 626 sunt
697 579 834 637 causae,
857 580 943 644 quae
965 563 1091 627 actione
1112 583 1180 625 ruc-

103 647 232 721 eassivo,
255 666 371 732 nempe
381 666 439 732 per
453 656 571 708 motum
588 640 773 727 producunt
787 640 950 718 effectum,
966 642 1007 707 ab
1023 643 1075 719 iis,
1095 664 1178 727 quae

104 739 206 813 agunt
227 728 291 790 sine
306 742 405 806 motu,
422 725 505 793 idest
520 726 646 791 actione
661 724 866 787 instantaraa.
883 724 1068 801 Praeterea,
1083 745 1179 789 causa

104 808 278 905 spectanda
305 823 353 877 est
380 820 477 896 prout
498 820 547 873 est
568 826 688 880 causa,
711 817 743 869 et
772 815 869 890 prout
894 807 996 869 estin
1018 826 1075 884 se,
1098 805 1181 873 idest

104 914 172 958 stne
195 891 354 957 relatione
380 890 420 955 ad
440 889 603 957 etiectum.
626 885 775 982 Denique
802 885 1021 953 adnotandum
1044 899 1093 953 est
1117 888 1180 953 dis-

104 978 229 1040 crimen
250 975 335 1039 inter
349 974 549 1060 prioritatem
572 984 735 1053 temporie,
758 979 791 1034 et
806 969 1007 1054 prioritatem
1034 981 1175 1033 naturae.

106 1056 268 1121 Prioritos
290 1066 418 1121 naturae
442 1054 496 1118 iiia
511 1052 646 1127 dieitur,
661 1071 726 1135 qua
748 1049 887 1136 aliquid,
902 1054 963 1116 etsi
987 1054 1086 1117 simui
1104 1072 1178 1115 cum

103 1138 169 1203 aiio
183 1140 313 1215 existat,
330 1149 437 1203 tamen
459 1132 621 1199 eiusmodi
636 1143 696 1209 est,
712 1142 749 1197 ut
762 1132 901 1199 aiterum
917 1133 957 1198 ab
981 1135 1052 1219 ipso
1072 1133 1179 1219 quoad

106 1222 313 1286 existentiam
336 1216 483 1306 pendeat.
509 1216 668 1280 Prioritas
693 1217 841 1300 temporis
863 1226 998 1281 vocatur
1021 1215 1089 1285 itta.
1114 1236 1179 1301 qua

105 1325 207 1369 unum
224 1302 317 1368 alteri
333 1298 500 1387 praecedit
514 1297 698 1373 duratione,
714 1295 851 1381 ipsoque
873 1297 1018 1363 nondum
1040 1298 1181 1362 existen-

105 1396 136 1451 te
172 1385 297 1449 existit.

140 1434 216 1534 ⁹182.
240 1466 300 1531 His
321 1462 523 1552 praemissis,
546 1460 573 1524 si
596 1459 748 1545 prioritas
772 1469 907 1525 naturae
928 1471 1107 1545 spectetur,
1131 1463 1180 1525 in-

105 1549 245 1613 dubium
266 1554 314 1611 est
335 1566 461 1611 omnem
493 1563 623 1607 causam
655 1560 723 1606 esse
744 1552 860 1605 natura
884 1563 1014 1628 semper
1036 1546 1180 1626 priorem

105 1654 163 1696 suo
185 1629 325 1707 eiieotu,
351 1627 429 1713 quia
457 1625 564 1689 omnis
592 1621 726 1687 effectus
748 1644 766 1686 a
789 1644 848 1687 sua
874 1645 971 1690 causa
998 1626 1181 1690 necessario

107 1714 234 1800 pendet.
258 1715 301 1776 nt
321 1712 347 1775 si
372 1707 525 1794 prioritas
552 1706 700 1791 temporis
722 1704 968 1784 consideretur,
990 1728 1110 1782 causa,
1133 1730 1182 1772 se·

105 1792 248 1862 cundum
271 1793 417 1859 diversos
438 1799 624 1873 respectus,
647 1784 699 1852 vel
725 1789 819 1883 prior
839 1787 981 1865 effectu,
1008 1790 1059 1855 rei
1082 1789 1180 1855 simui

105 1899 179 1942 cum
201 1875 319 1942 eiiectu
340 1894 409 1940 csse
453 1881 546 1937 otest.
570 1869 701 1936 Etenim
723 1867 780 1946 ld,
803 1869 889 1954 qnod
913 1870 1037 1956 aliquid
1060 1872 1180 1948 efficit,

105 1962 132 2024 si
154 1956 377 2023 consideretur
398 1892 457 2019 sud)
479 1954 605 2018 ratione
628 1972 761 2028 causae,
785 1962 872 2018 certe
898 1972 961 2017 non
984 1964 1181 2039 potestesse

105 2043 221 2127 prius,
243 2060 343 2124 quam
367 2036 523 2112 effeetus,
545 2036 635 2118 quia,
657 2042 829 2116 antequam
858 2033 984 2119 aiiquid
1011 2035 1180 2113 effecerit,

105 2118 433 2205 causadicinequi13
456 2114 510 2181 sed
533 2119 560 2180 si
583 2123 749 2201 spectetur
762 2115 796 2177 in
811 2137 857 2192 se,
880 2137 997 2201 nempe
1021 2120 1091 2182 siue
1113 2117 1181 2182 ulla

104 2204 265 2270 reiatioue
287 2200 329 2267 ad
350 2201 513 2277 effectum,
530 2196 694 2263 interdum
708 2196 805 2261 simui
820 2218 896 2262 cum
915 2198 1033 2264 edoctu
1054 2199 1181 2273 existit,

105 2284 271 2352 interdum
292 2284 356 2368 ipsi
379 2280 558 2369 praecedit,
581 2280 705 2365 quippe
736 2278 823 2362 quod
855 2300 976 2357 causa,
997 2302 1082 2365 quae
1103 2281 1183 2346 etie-

105 2379 193 2434 ctum
216 2366 383 2431 successive
405 2361 575 2448 producit,
598 2358 729 2426 etiectui
758 2372 906 2447 tempore
930 2362 1122 2447 praecedit,
1143 2374 1184 2429 ut

106 2462 199 2536 pater
221 2447 338 2524 fitium
355 2446 409 2511 sed
424 2464 533 2521 causa,
548 2440 748 2527 quaesatio
763 2443 922 2507 actionem
943 2465 1035 2509 suam
1059 2446 1182 2519 exerit,

107 2532 205 2597 simul
227 2551 303 2594 cum
325 2530 442 2593 eiieotu
465 2526 588 2600 existit,
611 2547 642 2589 e.
669 2543 714 2607 g„
729 2522 776 2587 soi
793 2546 867 2589 cum
889 2524 973 2591 luce.
995 2526 1089 2603 Quae
1105 2548 1182 2590 cum

106 2617 152 2679 ita
174 2614 249 2690 sint,
273 2612 377 2697 iiquet
397 2608 655 2674 commentitiam
683 2626 751 2667 esse
782 2606 871 2671 iliam
901 2608 1181 2693 repugnantiam,

106 2716 204 2780 quam
227 2692 453 2759 AEnesidemus
481 2690 513 2753 in
537 2688 669 2754 notione
691 2708 805 2752 causae
828 2686 1016 2755 delitescere
1038 2691 1181 2775 putavit.

167 2834 236 2887 Aur.
253 2833 297 2887 vt.
311 2862 343 2872 -
355 2834 392 2885 iio
412 2836 436 2885 ri
456 2833 585 2883 obiectivn
606 2842 705 2950 capsap
723 2828 874 2895 efficientis,
893 2832 973 2881 etde
993 2835 1126 2904 principio

560 2916 641 2952 consa
655 2904 689 2952 ita
706 2904 725 2949 is
1188 2922 1191 2925 ·

148 3020 219 3086 183.
243 3014 447 3099 Principium
469 3009 667 3076 causalitatir
688 3017 737 3073 est
758 3008 861 3089 iliud,
884 3031 950 3095 quo
977 3010 1019 3076 ab
1039 3015 1185 3079 existen·

108 3106 155 3170 tia
176 3100 311 3165 effectus
336 3096 508 3161 existentia
535 3110 651 3157 causae
677 3091 852 3174 arguitur,
874 3101 971 3178 atque
998 3093 1059 3159 hoe
1081 3091 1184 3163 modo

106 3184 312 3256 enunciatur3
334 3176 484 3264 quidquid
503 3176 549 3260 fit,
572 3175 626 3238 aui
645 3190 770 3236 causam
791 3173 890 3252 dotet,
906 3177 969 3251 vei,
983 3179 1087 3242 omnis
1107 3179 1186 3262 effe-

109 3276 177 3331 etus
199 3261 345 3329 subaudit
368 3278 505 3323 courum.
527 3256 608 3332 lam,
625 3251 804 3319 secundum
818 3253 923 3321 David
938 3261 1110 3337 Humium,
1126 3284 1187 3326 ex·

108 3348 281 3434 perientia,
303 3362 412 3430 quae,
435 3350 473 3405 ut
492 3340 561 3485 ipse
583 3338 765 3433 opinatur,
787 3347 836 3433 eust
856 3342 954 3406 unica
982 3344 1184 3426 cognitionis

109 3436 236 3493 nostrae
257 3446 376 3503 causa,
398 3425 497 3489 vincu
511 3442 567 3485 um
589 3426 851 3497 consecutionis,
873 3442 939 3487 nou
960 3444 1038 3490 vero
1061 3446 1185 3492 conne-

476 3544 800 3562 *—

147 3609 157 3645 ι
177 3602 212 3659 Ct
228 3604 300 3657 Sext.
321 3604 437 3667 Empir„
453 3604 568 3668 Hypott.
590 3605 701 3667 Pyrrh„
723 3606 771 3656 tib.
787 3604 832 3667 iii,
853 3606 909 3668 o.3,
929 3612 997 3658 sect.
1018 3608 1064 3670 25,
1084 3616 1113 3661 et
1132 3612 1183 3663 96.
