2475 3909
152 141 214 210 378
442 162 627 212 runococm
650 161 837 209 serenatis

113 243 259 310 cundum
281 243 338 308 lros
360 243 569 332 Philosophus
595 244 684 312 Deus
708 267 770 310 non
792 245 898 310 solum
920 243 1031 321 dedit,
1055 258 1089 311 et
1110 265 1177 310 cnu-

113 336 220 393 scrvat
242 329 362 392 activas
384 327 520 394 virtutes
542 349 713 394 causarum
735 327 966 404 secundarum,
983 339 1018 393 et
1039 329 1179 392 1111111111·

113 428 167 472 1111
182 430 255 474 cum
272 407 337 474 illis
357 413 522 475 concurrit
536 410 575 474 ad
591 410 815 496 producendos
835 410 982 484 allectus,
998 410 1057 474 sed
1082 413 1178 476 etiarn

112 511 169 556 cas
182 489 221 556 ad
237 491 399 577 agendum
422 492 549 580 physice
570 494 724 581 applicat,
740 514 796 558 seu
812 503 928 558 movet.
944 493 1179 568 Quaestionem

114 571 300 639 huiusmodi
316 574 369 638 hic
384 585 580 657 pertractare
603 597 806 661 nequaquam
826 586 928 640 vacat.
946 575 1033 640 Illud
1058 587 1179 641 tantum
1218 557 1220 650 l

115 655 349 721 ostendendum
372 655 546 735 nobissimi,
568 679 729 724 concursu
754 657 885 733 Divino,
908 677 1120 743 quacumque
1136 678 1181 721 re
1220 663 1221 742 1

117 737 204 803 tione
225 739 430 884 explicetur,
453 738 634 807 libertatem
668 753 850 806 nostrarum
873 741 1039 804 actionum
1064 761 1181 826 nequa·
1221 767 1222 828 q

116 839 214 904 quam
237 843 255 885 a
283 821 362 896 imi,
384 819 440 886 sed
463 824 572 907 potius
593 825 791 888 confirmari.
815 825 919 898 Sane,
942 821 1088 887 admisso
1113 843 1182 886 con·

117 922 215 967 cursu
236 902 405 969 dumtaxat
425 906 617 980 simulam,
635 929 686 972 res
709 905 876 971 manifesta
896 915 954 971 est.
972 905 1122 975 Etenim.
1139 926 1183 967 se·

116 984 258 1050 cundum
279 986 374 1050 huius
395 1006 569 1053 concursus
591 999 860 1074 propugnatores,
876 985 965 1051 Deus
978 987 1091 1051 causis
1109 987 1183 1051 libe·
1223 977 1224 998 ¹

117 1069 165 1132 ris
178 1087 370 1132 concursum
393 1067 629 1138 indifferentem
652 1068 795 1144 exhibet,
817 1089 883 1154 quo
904 1091 978 1133 nem
1041 1072 1135 1154 ipsae
1149 1067 1185 1132 ad

118 1149 214 1223 hunc,
232 1150 280 1213 vel
298 1151 390 1214 illum
412 1163 519 1216 actum
540 1152 738 1218 exerendnm
761 1155 808 1219 uti
833 1171 891 1236 pro
913 1171 972 1216 suo
1000 1151 1100 1218 obitu
1119 1171 1185 1235 pos

118 1231 191 1297 sint.
208 1232 316 1308 Quare
337 1233 522 1298 huiusmodi
536 1257 711 1301 concursus
733 1234 772 1300 ad
787 1247 933 1300 neutram
952 1234 1102 1319 optionis
1141 1253 1186 1296 an
1226 1292 1227 1300 ,

119 1324 183 1379 tem
205 1335 334 1380 causam
362 1315 499 1382 liberam
526 1329 654 1392 movet,
677 1317 731 1384 sed
754 1339 825 1382 eam
849 1316 1073 1382 tantummodo
1096 1255 1185 1380 adiu-

119 1408 184 1473 vat,
201 1408 233 1462 et
254 1397 294 1462 ad
316 1399 489 1480 agendum,
506 1411 604 1485 prout
626 1401 719 1476 libet,
743 1401 901 1496 integram
924 1407 1119 1483 potestatem
1141 1421 1186 1462 re·

120 1478 250 1564 linquit.
273 1481 460 1576 Philosophi
492 1495 623 1556 autem,
646 1484 704 1566 qui
733 1483 895 1570 physicam
929 1482 1186 1563 praemotionrnr
1228 1503 1229 1508 ¹

120 1570 262 1639 tuentur,
286 1563 330 1628 ita
353 1565 597 1630 ratiocinantur:
613 1566 769 1630 Voluntas
792 1573 958 1648 praemota
981 1563 1064 1647 agit,
1086 1573 1121 1627 et
1137 1562 1187 1626 de·
1229 1605 1230 1620 .

120 1642 272 1712 terminat
293 1666 326 1710 se
349 1646 453 1730 ipsam
486 1657 651 1732 tamqnam
674 1647 861 1734 proximum
884 1663 1002 1730 agens,
1024 1655 1060 1708 et
1082 1643 1187 1710 deter-
1230 1712 1231 1724 .

121 1725 262 1801 minans,
282 1725 369 1793 Deus
392 1749 469 1793 vero
491 1739 655 1815 tamquam
680 1731 823 1814 primum
846 1747 959 1811 agens,
984 1735 1017 1791 et
1040 1728 1188 1811 primum

121 1805 349 1875 determinans.
378 1812 477 1896 Atqui
505 1811 545 1875 ad
574 1815 730 1878 rationem
757 1810 915 1875 libertatis
942 1828 1006 1872 non
1036 1809 1187 1892 pertinet.
1231 1819 1232 1822 ’

120 1901 159 1957 ut
181 1889 326 1958 voluntas
357 1904 432 1978 agat
457 1916 498 1960 ex
526 1897 655 1992 seipsa,
678 1914 777 1977 seque
805 1891 997 1958 determinet
1022 1902 1189 1976 tamqnam
1232 1919 1233 1944 1

122 1973 229 2058 prima
251 1995 346 2040 causa
377 1997 396 2040 a
422 1979 583 2062 superium
611 1999 673 2042 uon
696 1973 901 2062 dependens,
934 1972 989 2036 sed
1023 1983 1188 2058 tamquam

122 2075 218 2120 causa
247 2060 397 2142 proxima
418 2079 437 2122 a
459 2061 566 2143 primo
593 2069 719 2125 motore
748 2057 917 2142 applicata.
942 2055 1032 2140 Ergo
1062 2055 1190 2141 physica

124 2139 304 2223 praemetiu
327 2138 510 2207 libertatem
533 2142 706 2208 voluntatis
728 2150 864 2216 sartam,
887 2147 1073 2222 tectamque
1097 2137 1191 2203 relin-

463 2287 793 2305 ψ

125 2365 196 2412 mae,
215 2360 339 2417 recaptus
357 2367 409 2405 non
427 2355 535 2419 quidem
554 2352 707 2401 immediate
726 2351 752 2400 in
770 2349 916 2408 effectibus,
937 2351 982 2402 sed
1004 2352 1028 2401 in
1048 2355 1188 2404 111111111-

124 2426 233 2485 cundia,
253 2440 305 2488 qno
325 2425 394 2478 lleus
413 2428 476 2490 ipsis
494 2424 628 2475 actualem
647 2423 833 2474 efficacitatem
853 2425 977 2485 inspirat,
999 2438 1053 2488 quo
1073 2440 1120 2476 eas
1140 2441 1193 2475 me

125 2503 179 2557 ret,
199 2505 227 2549 at
244 2500 362 2562 applicat
381 2513 433 2550 nou
452 2499 539 2551 solum
558 2499 686 2551 abiectius.
706 2500 734 2544 et
750 2497 892 2553 moraliter,
913 2496 1066 2555 alliciendo,
1088 2505 1116 2548 et
1136 2513 1193 2548 sua·

125 2571 227 2630 dando,
246 2573 292 2622 sed
310 2574 393 2623 etiam
409 2574 529 2637 physica,
549 2574 577 2619 et
594 2572 684 2626 cetina,
704 2570 815 2618 interius
835 2569 1001 2626 inclinando.
1021 2571 1191 2632 applicando.

125 2645 335 2703 determinando,
355 2659 388 2695 ac
407 2645 530 2694 ultimam
548 2642 622 2692 illam
641 2643 816 2694 activitatem.
830 2641 957 2704 adquam
979 2644 1102 2705 sequitur
1114 2647 1191 2698 actio.

126 2715 269 2774 induendo.
288 2722 317 2767 et
334 2718 394 2768 ideo
410 2717 509 2767 dicitur
528 2716 609 2765 motio
626 2715 743 2777 physica.
764 2711 814 2764 Sed
833 2715 895 2777 quia
915 2716 1015 2774 motio,
1031 2721 1058 2764 et
1078 2719 1194 2780 applica-

128 2791 166 2842 tio
183 2790 288 2840 virtutis
306 2792 412 2840 activae
428 2790 462 2839 111
480 2787 610 2853 agendum
634 2791 674 2835 ast
699 2787 769 2848 prior
793 2791 908 2842 natura,
934 2801 1016 2850 quam
1036 2789 1094 2849 ipsa
1114 2791 1192 2842 actio.

127 2863 198 2914 sicut
214 2862 300 2913 omnis
320 2863 361 2913 ria
381 2867 422 2913 111
441 2863 513 2923 prtor
530 2872 580 2910 suo
598 2859 733 2916 termino,
753 2864 780 2907 et
800 2861 884 2908 omnis
908 2871 989 2909 causa
1009 2873 1057 2909 sno
1078 2860 1192 2914 etteetn;

128 2935 188 2986 idco
206 2935 289 2984 motio
308 2935 353 2985 ttla
372 2935 470 2985 dicitnr
492 2933 598 2996 praevia
619 2932 720 2987 motio,
741 2943 787 2981 seu
808 2932 952 2993 praemotio
975 2948 1004 2987 ις
1026 2933 1098 2982 Piit.
1125 2937 1194 2984 iano

127 3013 279 3059 mmmm
297 3009 332 3058 u.
353 3009 463 3058 stemus
479 3008 577 3069 dupin..
598 3009 620 3054 t.
641 3001 687 3061 tv,
708 3003 737 3052 3²
756 3010 837 3066 part..
857 3017 884 3066 q.
906 3000 957 3060 tv.
971 3017 998 3052 a.
1018 3002 1046 3052 Ξ.
1068 3001 1106 3056 Bt
1123 3007 1194 3063 itia„

127 3095 156 3130 a.
176 3081 209 3129 41
231 3100 243 3124 ι
265 3077 349 3130 Slcoti
370 3078 439 3130 Deus
457 3081 484 3128 iu
504 3079 605 3128 ratione
626 3077 702 3138 primi
722 3073 796 3125 lintis
815 3075 900 3126 intluit
925 3077 1052 3125 continuo
1071 3079 1153 3129 rebus
1170 3091 1195 3126 o-

130 3153 236 3203 muibus
253 3153 339 3214 ipsum
358 3168 432 3211 1111,
453 3153 522 3215 quod
541 3156 582 3199 ast
601 3149 695 3199 ultima
714 3149 855 3198 actualitas
874 3148 901 3197 in
921 3149 1101 3207 tineamus.
1122 3152 1196 3214 idque

131 3237 177 3288 per
195 3224 323 3283 inlloxum
342 3227 496 3288 praevium.
516 3227 542 3272 et
562 3222 736 3286 physicum..
749 3241 773 3276 ,ς
794 3222 829 3270 ita
849 3232 954 3284 quoquc
978 3221 1005 3270 in
1024 3225 1129 3272 ratione
1148 3227 1197 3286 pri-

130 3309 190 3346 mae
210 3291 312 3346 Cauno
330 3299 445 3346 caeteris
462 3293 584 3344 omnibus
604 3293 689 3343 intlutt
709 3295 734 3342 in
754 3293 841 3354 ipsum
860 3306 945 3356 opera,
965 3293 1036 3356 quod
1050 3300 1092 3343 ast
1107 3297 1197 3346 ultima

131 3368 272 3416 actuatitas
291 3368 317 3416 in
336 3368 405 3418 linea
423 3365 560 3428 operandi,
579 3368 665 3415 active
685 3365 843 3426 applicando
867 3365 976 3414 virtutes
995 3368 1150 3426 speratim
1167 3367 1198 3414 ad

131 3437 262 3496 agendum
282 3438 354 3486 torta
372 3439 501 3500 cuiusque
520 3443 654 3492 naturam,
666 3440 693 3486 et
711 3437 916 3485 conditionem..
929 3472 935 3485 .
948 3433 1039 3486 .lluuo
1059 3439 1145 3501 igliur
1163 3441 1198 3486 in-

130 3504 242 3559 dorum.
262 3509 330 3556 hane
354 3510 628 3571 applicationem,qua
643 3506 711 3558 [leus
725 3507 809 3558 reddit
828 3520 922 3556 causas
940 3509 1070 3558 secundas
1090 3513 1118 3560 in
1138 3515 1199 3561 actu

132 3575 247 3624 secundo
265 3585 382 3638 agentes,
394 3593 447 3641 qua
467 3581 575 3629 virtutes
594 3583 695 3629 activas
716 3579 841 3628 transfert
859 3579 891 3628 ab
910 3581 965 3627 otio
983 3579 1013 3628 ad
1027 3583 1197 3636 exercitium.

131 3654 184 3706 qua
203 3647 323 3696 omnibus
343 3649 465 3702 ultimam
482 3653 667 3702 actualitatem
687 3651 782 3711 influit,
802 3664 928 3704 vocamus
945 3655 1154 3715 praenotionem
1173 3671 1198 3700 ι.
