2475 3909
519 145 790 193 snrunorosoors
1076 133 1138 197 267

157 226 225 293 173.
249 228 348 314 Prop.
375 230 490 294 Animo
511 230 649 293 bumana
671 249 765 313 neque
786 232 914 296 mediate
931 251 992 312 per
1007 234 1183 299 traductio·

108 328 179 371 nem
200 310 340 386 semissis,
363 331 457 400 neque
479 312 656 375 immediate
677 331 718 371 see
738 318 845 378 animo
865 326 1031 396 parentum
1048 317 1082 379 in
1096 317 1181 401 filios

105 395 283 536 prqmpuri
299 403 411 490 potest.
725 481 731 493 .
879 476 885 488 Ι
991 478 998 491 ι

184 472 315 537 robatur
336 496 441 559 prema
465 496 550 559 pars.
575 476 676 544 Nullo
699 491 801 544 vertas
822 486 925 540 cotton
947 488 1010 559 opst
1024 478 1111 543 oltra
1130 498 1182 561 ye-

111 574 171 617 stus
202 576 305 619 susem.
329 558 428 641 Atqui
461 560 568 622 anima
600 561 770 628 rationalis
802 570 888 623 este
915 558 1017 623 iorma
1053 560 1182 641 penitus

111 638 316 735 spiritualis,
340 660 398 703 nec
421 642 664 708 communic-ans
686 642 815 727 corpori
840 641 871 703 in
899 643 1114 726 operatione¹
1138 662 1181 717 >›;

111 730 219 785 virtus
240 733 348 785 autem
373 722 571 805 generativa,
593 744 678 807 quae
702 746 775 789 nem
801 744 818 787 e
841 732 888 785 est
912 725 943 785 iu
967 726 1105 798 semine,
1128 742 1183 806 ge-

112 821 173 864 nus
195 821 370 887 corporeae
391 804 522 869 virtutis
537 825 599 868 non
615 806 756 873 excedit.
781 746 878 889 brgo.
902 804 995 880 Quod
1012 824 1185 887 argumen-

113 892 184 947 tum
207 884 251 949 ita
272 884 456 950 confirmari
492 896 606 971 potest.
637 888 813 954 Treduetio
846 887 977 949 seminis
1008 898 1054 950 est
1087 906 1183 949 causa

116 967 250 1049 propria
274 968 492 1051 generationis
514 972 685 1053 corporis;
708 990 808 1056 quare
832 968 857 1031 si
879 969 987 1030 anima
1015 988 1083 1030 esse
1107 968 1185 1029 inci-

114 1056 206 1130 peret
229 1068 288 1132 per
313 1047 549 1113 traductionem
582 1055 741 1127 seminis,
763 1073 803 1116 ex
831 1050 1040 1133 corruptione
1067 1069 1183 1133 corpo-

113 1128 160 1191 ris
181 1150 251 1194 esse
273 1130 446 1195 desineret.
471 1133 570 1217 Atqui
594 1132 773 1199 absurdum
795 1141 844 1198 est
862 1150 1072 1215 consequens.
1096 1132 1186 1216 Ergo

116 1219 150 1274 et
172 1212 363 1277 antecedens
376 1215 401 1275 ².

156 1291 226 1358 174.
253 1294 411 1359 Probatur
431 1294 530 1359 altera
577 1316 640 1362 ars.
665 1298 697 1365 Si
721 1297 830 1361 anima
865 1293 922 1357 lilii
947 1316 964 1357 a
988 1296 1131 1378 parentis
1153 1317 1187 1357 a·

115 1373 204 1437 nima
230 1374 417 1441 immediate
452 1316 627 1457 procedere
659 1379 812 1451 dicutur,
835 1375 867 1440 id
890 1374 1024 1472 quidem
1054 1398 1116 1439 non
1142 1378 1187 1441 ita

115 1455 255 1552 intelligi
280 1467 397 1543 potest,
410 1468 447 1522 ut
460 1478 501 1520 ex
524 1458 720 1525 abscissione
743 1458 845 1546 partis
867 1456 1006 1521 alicuius
1021 1476 1063 1520 ex
1079 1459 1186 1521 enimn

116 1548 259 1621 parentis
281 1540 390 1603 anima
413 1538 474 1603 lilii
498 1541 712 1623 producatur,
735 1542 813 1627 quia
835 1560 876 1603 ex
899 1539 1005 1603 anima
1031 1540 1185 1622 parentis,

114 1638 199 1703 quae
221 1619 361 1705 simplex
383 1632 443 1697 est,
462 1631 587 1704 partem
602 1626 748 1709 aliquam
763 1620 884 1697 decidi,
901 1630 957 1684 aut
978 1620 1123 1696 effluere,
1140 1632 1189 1683 at-

112 1720 178 1785 que
192 1699 286 1766 alteri
301 1704 538 1767 communicari
561 1716 738 1791 repugnet:
761 1712 964 1789 quapropter
985 1724 1026 1766 ex
1051 1704 1185 1787 propria

116 1784 245 1847 actione
268 1785 393 1849 animae
418 1787 563 1871 parentis
584 1790 692 1851 anime
717 1786 774 1851 lilii
802 1783 939 1871 produci
962 1782 1108 1848 deberet.
1133 1787 1191 1847 At·

116 1863 174 1947 qui
196 1864 275 1929 baec
289 1866 452 1949 originem
468 1867 594 1932 animae
609 1866 795 1953 explicandi
813 1866 898 1930 ratio
914 1866 1187 1930 immaterialitati

118 1946 248 2010 animae
271 1961 442 2031 repugnat.
454 1948 552 2031 Ergo.
570 1950 681 2014 Minor
695 1949 858 2013 evincitur
871 1968 908 2011 eo
924 1945 1009 2030 quod
1033 1966 1108 2012 cum
1124 1947 1191 2011 cffi-

116 2028 207 2091 ciens
223 2027 276 2093 illa
292 2029 421 2093 animae
437 2032 579 2114 parentis
595 2032 699 2095 virtus
714 2030 753 2094 ad
771 2027 1012 2115 producendam
1029 2048 1070 2091 ex
1086 2028 1190 2092 nihilo

117 2107 259 2172 animam
284 2107 342 2172 tilii
365 2110 491 2194 porrigi
515 2108 599 2174 baud
617 2115 730 2197 possit,
751 2109 917 2195 exaliqua
941 2110 1075 2175 materia
1099 2130 1191 2206 prae-

117 2189 278 2257 existente
299 2189 434 2257 deberet
448 2192 530 2256 baue
544 2192 698 2271 educere;
714 2204 747 2259 et
762 2192 838 2257 ideo
861 2192 969 2255 anima
991 2191 1042 2256 vel
1065 2188 1190 2275 alequid

117 2290 161 2335 ex
176 2273 325 2345 materia,
341 2283 373 2336 et
388 2270 493 2337 forma
512 2276 744 2361 compositum,
760 2275 809 2339 tel
825 2284 988 2359 tamquam
1005 2270 1109 2337 iorma
1126 2292 1194 2335 ma·

124 2351 249 2418 terialis
273 2353 422 2440 ponenda
444 2353 530 2419 soret
543 2357 566 2419 ⁸.

120 2525 234 2586 ttottss,
253 2517 350 2580 duan
367 2544 414 2579 sur
430 2530 501 2580 solat
512 2528 639 2591 teneros
651 2534 718 2582 ete..
733 2525 797 2577 Pers
810 2526 844 2585 ll.
859 2535 874 2589 s
887 2529 915 2587 2,
929 2544 955 2581 c.
974 2529 997 2588 l,
1012 2526 1084 2581 Paris
1100 2525 1195 2600 teor).

120 2600 260 2652 Praetores
282 2602 308 2650 tn
328 2602 388 2651 attts
407 2599 579 2664 sequentibus
602 2601 657 2649 suis
681 2600 807 2662 operibns
833 2614 855 2650 s.
876 2600 1037 2663 Augustinus
1055 2616 1114 2654 esm
1134 2617 1194 2655 sen·

119 2674 249 2731 tentiam.
270 2686 340 2737 qnos
359 2675 462 2724 enimes
480 2686 528 2735 per
547 2674 763 2735 propagationem
783 2674 846 2721 oriri
866 2678 955 2732 tenet,
975 2674 1083 2723 omnino
1102 2689 1195 2739 repro·

120 2745 208 2803 bulte
226 2760 289 2797 nam
309 2744 436 2808 0ptsturn
456 2749 557 2800 monet.
577 2750 607 2794 ut
625 2745 762 2801 defendat,
782 2752 911 2807 quantum
935 2752 1034 2809 potest.
1054 2752 1133 2810 atque
1153 2761 1195 2798 ss·

121 2823 196 2868 serat
217 2838 229 2865 ι
251 2820 401 2869 animarum
422 2816 564 2869 iolsntlom
583 2818 715 2867 eiusmodi
734 2830 792 2866 esse
810 2818 973 2875 novitatem,
993 2822 1113 2869 utnulla
1134 2833 1196 2882 pro·

121 2891 263 2953 penitens
281 2892 415 2941 ducantur
438 2908 450 2935 ι
471 2884 568 2958 (Epist.
588 2884 675 2947 CXC,
695 2903 722 2939 c.
742 2889 777 2947 t.
797 2902 825 2939 u.
849 2886 904 2955 wls
925 2896 1005 2953 atque
1022 2893 1194 2950 sententiam,

120 2976 175 3026 qus
194 2963 298 3013 animas
317 2976 331 3012 s
351 2959 406 3013 Deo
426 2962 512 3012 omasi
530 2961 653 3015 docetur.
674 2966 766 3023 specto
785 2962 909 3011 asseruit.
932 2980 942 3006 ι
965 2958 1028 3027 Quis
1047 2968 1136 3026 neget,
1157 2965 1196 3013 in-

121 3036 196 3097 quit,
216 3048 269 3085 non
289 3036 369 3085 unlus
389 3040 511 3092 tautum,
532 3033 577 3083 sed
596 3034 685 3087 omnis
703 3033 809 3084 animae
828 3039 978 3083 creatorem
997 3031 1093 3093 Deum,
1114 3040 1198 3099 atquo

122 3106 263 3167 faetorem,
278 3108 328 3157 nisi
341 3107 388 3171 qut
400 3109 458 3157 eins
471 3106 586 3169 eloquiis
598 3106 767 3168 apertissime
780 3105 949 3169 refragatur?
961 3106 1017 3155 sine
1032 3108 1084 3156 ulls
1098 3108 1196 3169 qnippe

122 3178 298 3241 ambiguitate
317 3192 365 3241 per
382 3175 541 3243 Prophetam
561 3177 637 3235 dicit,
652 3180 761 3228 Omnem
779 3178 870 3244 [lotum
889 3180 942 3241 Epo
960 3178 1019 3241 [θείς
1036 3180 1140 3229 animes
1159 3180 1197 3229 ri·

122 3249 220 3301 delicet
239 3251 350 3314 intelligi
367 3252 475 3308 rolens,
496 3250 566 3313 quod
587 3250 666 3300 verba
686 3250 873 3313 consequeutls
896 3249 1077 3299 manifestant.
1096 3246 1154 3300 Non
1175 3250 1198 3301 l·

123 3327 205 3386 uqus
223 3336 319 3380 unum,
338 3337 419 3387 quern
439 3322 511 3373 teoto
523 3336 556 3372 ex
570 3327 640 3373 terra
655 3321 756 3372 bomini
771 3322 857 3383 primo
870 3323 1017 3385 inspirarit.
1031 3324 1075 3373 ssd
1088 3335 1197 3373 omnem

122 3393 218 3445 flatum
238 3392 297 3457 lpse
317 3394 392 3455 lesit,
415 3393 473 3459 lpse
490 3394 578 3446 adbuc
597 3392 841 3453 taclts31btd.,n.
859 3394 902 3445 te.
920 3390 1045 3445 Gtetiam
1059 3398 1097 3447 tls
1111 3396 1198 3452 usn..

124 3466 172 3516 lib.
196 3464 230 3523 ll.
250 3481 276 3517 s.
297 3467 325 3517 8.

162 3540 170 3574 ¹
191 3541 239 3601 (lq.
260 3541 358 3602 sopp..
382 3541 419 3589 Ds
439 3541 510 3594 rot..
524 3552 553 3602 q.
575 3534 622 3592 ΙΙΙ.
636 3538 695 3588 a.9
715 3535 792 3587 o.-·²
812 3536 1159 3599 cnute.ttsne.,ttb.tt,e.tlo.

146 3609 173 3653 ·⁸
192 3612 223 3674 itt
243 3611 288 3665 lib.
312 3612 339 3664 tt
356 3613 441 3673 Sent„
463 3608 528 3663 bist.
551 3606 648 3672 XVlll,
668 3624 695 3681 q.
716 3607 753 3673 ll,
773 3621 800 3665 a.
824 3610 834 3663 l
857 3612 908 3665 tol·
