2475 3909
183 146 244 214 965)
551 164 823 214 anrunonocoma

141 248 239 312 nibus
258 246 448 313 bominibus
469 256 670 324 communes,
693 256 857 331 tamquam
882 246 1075 317 facultatum
1090 254 1210 337 speria·

140 328 225 397 lium
247 332 472 415 proprietates,
495 342 651 415 spectare.
675 328 709 392 2⁰
733 328 916 393 Absurdius
936 336 1036 398 etiam
1052 344 1101 399 est
1116 337 1210 399 ratio

141 433 229 489 nem,
245 424 277 479 ct
291 413 489 478 voluntatem
511 433 528 474 e
552 412 743 477 facultatum
767 433 904 477 numero
925 414 1114 489 extrudere,
1137 436 1209 479 cnm

139 494 231 579 ipsae
254 496 372 561 ceteris
406 492 559 559 omnibus
592 490 800 560 facultatibus
822 508 996 577 praestent.
1019 496 1054 563 3⁰
1076 498 1109 563 Si
1135 519 1210 561 una·

139 596 286 661 quaeque
309 575 447 641 facultas
468 576 635 671 primitiva
656 577 822 661 propriam
838 576 899 641 sibi
918 577 1142 664 percipiendi,
1162 600 1209 642 re·

138 658 345 735 miniscendi‚
361 656 576 723 ratiocinandi
594 656 763 723 facultates
785 656 893 737 babet,
917 674 992 725 tnnc
1016 660 1098 727 illud
1119 660 1209 724 valde

138 736 295 806 abnorme
317 741 542 825 consequitur,
566 740 754 815 bominem,
777 740 859 823 qui,
882 744 1023 828 exempli
1047 743 1142 817 loco,
1166 743 1209 805 ri·

138 820 221 902 ginti
243 822 455 889 facultatibus
477 821 644 905 praeditus
665 833 730 898 est,
755 821 870 905 viginti
893 824 1012 891 babere
1041 825 1209 889 facultates

137 904 354 989 percipiendi,
378 902 622 979 reminiscendi,
647 902 872 971 ratiocinandi.
896 904 931 970 4⁰
953 908 1040 983 Quin
1063 906 1209 971 dicamus

136 981 176 1046 «le
200 985 241 1049 iis
263 987 486 1069 Phrenologis,
508 986 565 1071 qui
589 985 715 1050 cerebri
740 986 1048 1053 circumvolutiones
1069 1009 1134 1053 non
1150 1008 1208 1073 pro

136 1065 374 1143 instrumentis,
397 1067 452 1133 sed
468 1089 527 1153 pro
542 1068 732 1133 facultatum
755 1066 927 1153 principiis
947 1070 1148 1145 babuerunt,
1172 1090 1207 1133 ar

133 1148 272 1293 proinde
296 1151 329 1214 in
352 1147 636 1216 Materialistarnm
652 1160 755 1215 castra
773 1151 1040 1236 commigrarunt,
1062 1162 1150 1216 certe
1175 1152 1208 1214 in

162 1228 294 1297 brenolo
320 1232 401 1297 ismo
422 1232 663 1317 spiritualitas,
686 1243 719 1297 et
745 1229 877 1295 libertas
909 1236 1036 1299 animae
1065 1252 1210 1319 pessum·

132 1310 263 1378 (fantur.
310 1325 423 1392 tsane,
440 1314 594 1399 quoniam
616 1312 783 1377 facultates
806 1315 978 1397 organicae
999 1317 1131 1380 animae
1151 1334 1208 1378 na—

132 1405 207 1458 tura
229 1416 287 1461 sua
308 1398 483 1462 sentientes
505 1406 602 1472 sunt,
625 1418 667 1460 ex
690 1393 919 1480 pbrcnologiae
951 1398 1124 1483 principiis
1149 1418 1208 1461 ne-

132 1478 275 1542 cessario
307 1476 380 1543 fluit
403 1478 622 1556 intellectum,
648 1488 680 1543 et
703 1477 899 1540 voluntatem
934 1500 1001 1543 esse
1035 1478 1207 1544 facultates

131 1560 306 1625 sentientes
327 1561 469 1636 animae,
493 1560 629 1643 ideoque
652 1560 807 1634 animam,
823 1558 921 1623 etiam
938 1570 1035 1645 prout
1049 1572 1101 1626 est
1116 1565 1207 1647 prin-

131 1640 255 1722 cipium
278 1640 423 1716 illarum,
445 1663 514 1710 esse
537 1643 740 1705 sentientem.
758 1641 857 1725 Atqui
876 1643 1090 1727 principium,
1116 1646 1206 1728 quod

129 1742 194 1785 non
215 1733 263 1788 est
284 1722 399 1800 aliud,
423 1724 485 1787 nisi
509 1722 670 1797 sentiens,
693 1743 795 1819 neque
819 1743 832 1785 s
859 1723 989 1789 irituale
1011 1734 1070 1799 est,
1098 1746 1206 1809 neque

129 1801 281 1869 libertate
303 1804 431 1870 arbitrii
458 1804 565 1889 pollet.
588 1806 700 1888 Ergo,
722 1825 746 1868 si
770 1741 966 1882 intellectus
995 1817 1027 1870 et
1051 1807 1208 1873 voluntas

128 1894 256 1963 essent,
279 1888 327 1951 uti
349 1886 544 1971 Phrenologi
559 1884 788 1961 contendunt,
811 1886 982 1953 facultates
1004 1891 1206 1973 organicae.

129 1970 240 2037 anima
261 1968 402 2033 bumana
437 1989 496 2032 nec
529 1990 543 2030 s
570 1966 731 2043 ritualia,
755 1988 811 2030 nec
833 1966 937 2033 libera
962 1970 1083 2034 foret¹.
1110 1973 1208 2037 Fate-

127 2074 203 2116 mur
225 2048 358 2135 quidem
386 2036 527 2117 Gallium
559 2098 567 2125 ‚
591 2046 852 2134 Spurzbeimium
868 2050 892 2125 ⁸,
916 2070 1096 2135 omnesque
1121 2055 1204 2140 poli-

126 2136 228 2199 tiores
250 2132 468 2217 Pbrenologos
500 2132 626 2195 animae
658 2130 924 2214 spiritualitatem
956 2152 1050 2219 saepe
1075 2156 1206 2222 propn-

126 2237 260 2301 gnasse:
285 2212 341 2278 sed
366 2213 397 2278 id
420 2234 494 2277 cum
517 2212 645 2298 placitis
667 2211 716 2277 sui
739 2214 932 2301 systematis,
948 2214 980 2277 in
996 2236 1061 2301 quo
1085 2238 1204 2285 omnes

125 2298 252 2363 animae
281 2294 473 2373 facultates,
497 2306 661 2380 tamquam
685 2295 882 2379 organicae,
903 2304 1118 2375 statuuntur,
1141 2320 1204 2386 pn-

126 2402 227 2465 gnare
255 2399 351 2443 nemo
374 2398 436 2444 non
464 2376 564 2441 videt.
598 2377 641 2442 Et
662 2396 759 2454 sane,
783 2376 809 2440 si
831 2378 885 2444 isti
908 2376 1107 2467 Phrenologi
1132 2386 1205 2447 ani-

124 2484 214 2541 mam
235 2483 304 2528 esse
326 2459 531 2545 spiritualem
555 2466 685 2534 tenent,
708 2456 872 2525 fateantur
903 2472 1034 2543 oportet
1064 2465 1204 2529 animae

124 2543 252 2629 aliquid
268 2542 437 2609 essentiale
453 2541 570 2615 inesse,
586 2559 651 2624 quo
667 2547 802 2602 naturae
819 2560 994 2628 corporeae
1015 2545 1204 2623 amecettii,

124 2638 158 2691 et
179 2648 245 2711 quo
259 2648 278 2691 a
292 2645 429 2709 corpore
453 2622 586 2685 minime
610 2619 737 2704 pendet.
755 2623 854 2704 Atqui
877 2624 1020 2688 actiones
1041 2626 1205 2704 animae,

123 2720 162 2772 ut
182 2728 237 2774 sae
261 2730 279 2771 e
301 2707 424 2771 dictum
448 2714 518 2779 est,
541 2712 677 2768 naturae
700 2702 771 2765 eius
793 2719 1023 2770 consentaneae
1046 2725 1129 2771 esso·
1146 2706 1209 2774 ‹le-

121 2787 211 2854 bent.
234 2730 337 2873 brgo,
360 2787 386 2850 si
410 2787 495 2850 inest
517 2784 644 2847 animae
667 2780 797 2867 aliquod
821 2786 1021 2871 principium
1041 2792 1210 2856 essentia-

121 2873 165 2951 le,
188 2870 275 2959 quod
299 2870 448 2934 naturam
462 2865 610 2950 corporis
632 2863 896 2950 supergreditur,
915 2870 1011 2935 etiam
1027 2868 1210 2953 quoddam

553 2980 870 2998 -u-——d--n--fi-

157 3049 169 3088 ¹
189 3048 228 3101 llr
248 3061 301 3112 qno
320 3044 447 3110 perspicis
466 3044 582 3092 maximo
602 3042 628 3093 ln
648 3055 737 3093 errore
757 3045 855 3095 versari
877 3045 935 3093 illos
960 3039 1139 3098 Luranienses
1162 3046 1213 3117 [ct

175 3119 406 3187 ghr,1ntbropof.
424 3116 518 3180 pillos.
539 3112 611 3165 Part.
632 3116 737 3177 psycb..
758 3129 784 3165 e.
800 3113 832 3175 V,
853 3120 868 3174 ς
888 3116 951 3176 38ἳ,
965 3120 993 3165 et
1009 3120 1095 3169 item
1107 3122 1206 3177 cnse..

170 3234 177 3245 .
198 3192 253 3250 vt,
274 3193 330 3242 rot.
352 3188 374 3240 ll
386 3224 394 3249 ‚
415 3203 442 3253 p.
463 3186 516 3237 2⁴3
536 3201 604 3250 sqq,
624 3201 667 3236 an.
691 3186 793 3254 ¹859),
813 3189 933 3253 aliosque
952 3190 1121 3251 permultos,
1151 3200 1207 3257 qui

117 3266 290 3326 Phrenologts
309 3261 458 3313 concedunt
477 3260 675 3319 phrenotogtam
696 3260 888 3322 spiritualitati,
901 3265 930 3310 et
947 3261 1062 3312 libertati
1083 3265 1207 3315 animno.

117 3341 252 3397 hmanas
273 3348 306 3384 ex
324 3348 357 3384 eo
377 3346 428 3381 non
447 3331 549 3388 obesse,
563 3330 632 3393 quoii
655 3331 832 3388 intellectum.
852 3337 880 3382 at
897 3334 1061 3385 voluntatens
1082 3348 1134 3399 pro
1158 3339 1207 3389 ta-

193 3410 264 3458 tibus
283 3406 415 3468 organicis
433 3404 539 3451 animae
558 3404 661 3451 statuit.

184 3481 265 3529 Anni.
284 3483 308 3526 et
325 3474 438 3539 physici.
458 3475 493 3522 du
510 3482 574 3538 spat.
592 3486 718 3533 amoena,
734 3474 786 3525 vot.
801 3471 823 3533 l,
839 3488 866 3537 p.
879 3472 1001 3535 llillllll,
1016 3474 1093 3533 Paris
1107 3480 1201 3541 18⁰8,

118 3551 147 3597 et
165 3548 215 3597 Sar
235 3550 271 3596 tar
288 3549 418 3608 [anatona
435 3547 470 3595 du
487 3559 603 3601 cementi,
625 3545 679 3594 vol.
702 3543 722 3602 l,
744 3560 771 3608 p.
791 3546 856 3605 226,
876 3545 949 3597 Paria
970 3547 1049 3599 less.

155 3616 167 3651 ³
187 3618 432 3667 Observationum
450 3618 476 3665 tn
495 3618 668 3679 pbre'aotupte.
690 3634 716 3679 p.
736 3618 800 3676 tati,
823 3617 893 3669 Paris
910 3618 995 3670 lm.
