2475 3909
499 155 700 206 cosnonoara
1028 134 1084 199 121

340 283 407 336 dnn.
429 281 474 337 lll.
489 312 524 322 -
538 283 575 336 lic
593 299 736 350 corporum
754 283 841 349 ligura

105 393 157 460 65.
175 391 309 474 Fiqura,
325 401 363 458 ut
384 391 464 458 alibi
487 393 653 457 innuimus
665 393 690 468 ¹,
705 392 843 455 consistit
863 390 1128 457 interminatione

63 473 263 564 quantitatis,
275 495 312 539 ac
328 473 461 560 proinde
475 486 518 538 est
533 476 678 560 quaedam
693 476 793 556 [mma
804 473 889 537 eirca
900 474 1125 560 quantitatem².

105 559 156 622 iili.
182 556 278 642 Prop.
297 557 412 622 Omnia
433 577 563 643 corpora
585 558 717 642 quadarn
739 555 841 640 fiqura
857 556 1002 651 praedita
1022 568 1105 621 sunt.

106 637 276 703 Probatur.
308 638 500 724 Magnitudo
532 637 706 704 cuiuslibet
737 657 884 722 corpores
915 635 1129 704 determinata

63 741 134 786 esse
155 718 268 796 debet,
284 721 360 806 quia
382 717 543 808 quidquid
559 721 592 784 in
608 741 717 786 rerum
733 731 846 784 natura
867 721 991 796 existit,
1006 731 1055 787 est
1075 719 1130 786 de·

65 804 286 871 terminatum.
309 805 409 890 Atqui
432 800 623 890 magnitudo
646 823 708 866 nnn
730 800 824 867 aliter
846 799 1059 868 determinata
1081 805 1130 867 in-

62 884 170 968 telligi
190 893 308 970 potest,
330 906 427 970 quam
449 887 477 950 si
501 905 577 961 uno,
602 882 790 971 pluribusve
813 885 961 948 terminis
982 904 1129 970 compre·

62 968 164 1033 hensa
185 967 410 1052 concipi‘atur3
439 966 472 1031 id
499 965 587 1053 quod
616 967 817 1053 experientia
843 965 1033 1042 confirmat,
1053 986 1129 1032 uam

63 1049 189 1116 nullum
212 1069 329 1133 corpus
350 1048 568 1114 nanciscimur
595 1070 658 1115 non
686 1046 849 1133 aliquibus
874 1047 1018 1115 terminis
1045 1069 1131 1112 cam-

64 1133 270 1218 prebensum.
295 1133 383 1218 Ergo
409 1152 503 1196 omne
524 1151 644 1217 corpus
666 1131 812 1195 terminis
834 1127 1127 1218 comprehenditur.

64 1217 166 1299 Atqui
189 1215 222 1278 in
245 1213 301 1276 bac
324 1233 358 1277 re
384 1213 488 1298 ligura
510 1214 658 1296 corporis
685 1211 788 1295 posita
810 1221 857 1276 est
872 1214 895 1275 ⁸.
920 1215 1006 1298 Ergo
1035 1233 1130 1277 omne

65 1313 124 1362 cor
149 1316 188 1360 us
210 1294 317 1378 aliqua
341 1293 444 1380 figura
466 1294 650 1381 praeditum
672 1303 731 1357 est.

106 1317 158 1444 ui.
182 1376 390 1442 Manifestum
415 1386 463 1442 est
482 1375 617 1460 figuram
634 1394 703 1440 esse
719 1375 950 1468 proprietatem
970 1377 1131 1461 corporis,

65 1479 152 1546 qnae
175 1481 194 1522 a
217 1455 320 1524 larma
343 1468 523 1545 promanat.
545 1459 629 1524 Nam
660 1467 819 1532 materna,
843 1456 927 1523 siant
948 1480 1007 1545 per
1027 1479 1063 1523 se
1084 1469 1135 1526 est·

64 1541 256 1608 indifferens
283 1540 322 1604 ad
348 1539 529 1626 quamlibet
555 1537 769 1605 substantiam
796 1559 986 1624 corpoream
1014 1541 1132 1606 consu

66 1623 233 1698 tuendam,
256 1623 300 1689 ita
320 1643 449 1709 quoque
472 1633 521 1689 est
542 1641 601 1720 per
622 1642 657 1686 se
679 1618 865 1716 indifferens
889 1619 930 1686 ad
951 1621 1132 1707 quamlibet

65 1705 369 1772 determinationem
385 1707 586 1790 quantitates.
611 1703 709 1780 Hinc,
725 1713 809 1768 srcut
827 1707 966 1772 materia
987 1726 1004 1769 a
1027 1704 1136 1770 torma

66 1787 303 1855 determinatur
325 1787 364 1851 ad
387 1788 527 1873 aliquam
554 1795 675 1851 certam
702 1781 914 1850 substantiam
938 1789 1134 1852 constituen-

67 1869 166 1948 dam,
191 1869 235 1934 ita
257 1867 297 1934 ab
320 1868 432 1934 eadem
455 1868 557 1934 lorma
580 1866 745 1952 quantitas
766 1866 838 1930 eius
859 1867 899 1932 ad
922 1888 1040 1944 unum,
1062 1867 1133 1954 plu

66 1973 183 2037 resque
206 1951 361 2016 terminos
376 1952 409 2016 in
425 1972 457 2016 se
473 1947 689 2035 recipiendos,
705 1967 743 2012 ac
764 1946 902 2032 proinde
917 1949 956 2014 ad
972 1951 1065 2027 banc,
1080 1950 1132 2015 rel

67 2033 158 2100 illam
174 2033 310 2120 liguram
332 2032 576 2099 determinatur.
591 2028 688 2108 Quod
702 2031 729 2094 si
745 2028 852 2115 figura
872 2034 1019 2118 corporis
1034 2053 1052 2096 a
1068 2030 1132 2098 lor-

68 2139 121 2184 ma
137 2126 317 2202 promanat,
333 2117 542 2200 consequitur
563 2111 682 2196 figuras
703 2133 772 2176 esse
795 2111 942 2180 diversas
955 2113 1132 2179 secundum

67 2199 215 2265 diversas
229 2218 402 2284 corporum
422 2199 556 2282 species,
572 2196 649 2280 quia
665 2194 770 2259 torma
785 2207 833 2260 est
847 2197 1060 2294 principium,
1117 2218 1134 2262 r

67 2280 157 2368 quod
180 2300 316 2428 corpora
338 2279 378 2344 ab
400 2300 432 2343 se
455 2278 561 2365 specie
584 2277 750 2344 dillerunt.
766 2276 814 2353 ld,
838 2300 864 2344 sr
888 2279 921 2343 in
943 2218 1134 2366 eorparlbds

69 2365 135 2429 vita
158 2383 233 2449 prae
259 2364 334 2438 itis,
357 2380 471 2446 nempe
494 2359 633 2448 plantis,
656 2370 751 2445 atque
778 2358 971 2426 animalibus
993 2363 1133 2426 manime

70 2447 188 2523 elucet,
213 2449 245 2512 in
268 2442 459 2531 corporibus
485 2444 571 2510 vitae
593 2440 798 2527 expertibus,
820 2443 880 2508 boc
902 2452 950 2509 est
971 2443 1135 2508 minerali·

70 2528 132 2594 bus
146 2549 276 2614 quaque
292 2526 492 2603 observatur,
506 2545 582 2592 cum
597 2546 616 2589 a
630 2536 716 2590 statu
737 2523 918 2601 aecilormi,
935 2526 985 2590 vel
1009 2523 1133 2610 liquido

70 2608 110 2676 ad
135 2610 272 2675 solidum
295 2619 470 2676 transeunt.
491 2607 599 2685 Quare
622 2607 794 2672 diversitas
807 2606 931 2692 figurae
953 2607 1018 2674 nan
1038 2604 1135 2673 modo

71 2715 90 2758 a
107 2691 291 2759 recentibus
313 2692 467 2781 Physicis,
483 2690 538 2756 sed
560 2691 661 2756 etiam
682 2711 700 2754 a
723 2689 948 2776 Peripateticis
969 2691 1074 2758 tutius
1087 2690 1136 2755 in-

72 2993 114 3048 rel
136 2989 282 3041 ministerio
302 2985 473 3051 Angelorum,
494 2984 539 3050 qni
559 2987 585 3035 in
604 2983 778 3035 simllltndinc
797 2998 923 3048 corporea
945 2987 1004 3036 illos
1023 2985 1134 3038 Senatu

71 3063 316 3131 repraesentabant,
330 3073 474 3124 eorumque
494 3060 600 3109 nomlnc
620 3071 662 3108 res
679 3057 815 3121 gerebant,
830 3057 872 3107 rel
892 3061 1062 3123 productione
1076 3061 1137 3110 nael

73 3137 191 3203 corporis
210 3137 263 3186 slva
283 3147 314 3184 cx
335 3133 426 3190 nihilo,
447 3133 500 3183 slve
520 3143 552 3180 es
571 3131 624 3180 alla
644 3131 766 3180 materia.

110 3209 120 3248 ⁴
144 3212 217 3274 loq..
238 3213 305 3271 part.
328 3203 349 3264 l,
369 3217 394 3256 s.
417 3201 437 3264 l,
457 3218 485 3255 a.
504 3203 531 3263 9,
553 3217 579 3267 p.
599 3202 695 3261 tu-tt,
715 3201 769 3253 rol.
789 3203 809 3253 l.

108 3281 160 3340 ²1,
181 3295 208 3346 q.
231 3277 286 3338 vtt,
302 3294 327 3330 a.
350 3279 360 3328 l
384 3276 415 3326 ad
430 3276 457 3326 ἓ.
473 3273 554 3326 Sensu
574 3281 665 3325 autem
685 3276 831 3338 impropria
849 3274 900 3325 boo
920 3287 1015 3325 nomen
1033 3277 1135 3338 ligem

78 3376 89 3400 ι
113 3357 219 3420 ponitur
238 3365 283 3414 pro
302 3349 419 3416 quolibet
444 3350 533 3414 signo,
555 3347 624 3411 qnod
650 3348 797 3397 lastltnitnr
816 3346 850 3396 ad
869 3347 968 3410 aliquid
988 3347 1139 3414 stgnlbcan-

74 3429 137 3479 dnm
151 3425 295 3476 secundnm
309 3423 526 3472 asslmilationem
539 3420 573 3471 ad
592 3421 663 3470 alind
686 3436 710 3478 η
725 3421 755 3469 ln
767 3419 814 3468 ut.
828 3420 870 3468 ut
883 3415 967 3478 Sent„
982 3415 1049 3471 illst.
1063 3416 1136 3479 ΠΙ,

97 3538 103 3552 .
126 3496 160 3559 ll,
180 3513 207 3548 a.
230 3497 239 3545 l
263 3497 295 3548 ad
318 3497 343 3545 l.

74 3515 93 3567 q
111 3571 123 3610 ὃ
145 3591 155 3616 ι
178 3567 225 3621 llst
237 3569 332 3632 aguas,
347 3579 415 3634 quac
429 3567 550 3625 termino.
565 3565 607 3618 ret
622 3563 739 3617 terminis
757 3563 992 3630 conprehendunt
1007 3586 1031 3626 η
1047 3562 1068 3626 l,
1082 3566 1136 3618 los.

75 3646 134 3706 ait..
155 3657 182 3698 a.
203 3643 219 3698 'd
239 3656 264 3695 a.
