2475 3909
444 216 718 266 aurunot’ntoura

457 362 635 429 CAPVT
667 361 721 425 lv.

117 511 263 576 dnimam
282 509 476 575 rationalem
495 525 570 575 eoae
590 509 786 590 principium
805 509 895 574 vitae
917 510 1067 590 corporie

406 590 543 657 uberius
563 591 752 656 declaratur

98 733 150 795 67.
174 729 327 791 Animam
356 725 547 792 rationalem
574 748 643 793 csse
672 725 893 811 principium,
922 744 987 809 quo
1008 745 1126 808 corpus

58 813 152 888 vivit,
177 812 242 874 iam
258 828 277 870 a
291 805 384 873 nobis
406 806 661 875 demonstratum
683 819 743 885 est;
767 809 835 890 ipsa
857 807 963 884 enim,
987 827 1060 870 cum
1085 807 1127 871 sit

59 896 167 960 forma
182 890 401 955 substantiatis
423 892 582 974 corporis,
599 889 654 956 dat
676 892 706 955 ei
730 909 806 964 esse,
829 898 860 952 ct
882 888 1023 972 operari;
1040 887 1127 952 ideo-

57 995 137 1062 que,
159 974 186 1037 si
209 991 328 1057 corpus
349 971 525 1036 humanum
549 984 692 1056 vegetat,
715 983 747 1037 ct
768 971 878 1045 sentit,
901 970 1008 1034 anima
1032 973 1129 1036 ratio-

59 1057 145 1122 natis
159 1053 257 1118 debet
276 1073 345 1116 esse
369 1054 569 1139 principium
593 1075 656 1118 non
680 1054 783 1120 sotum
806 1073 871 1199 pun
893 1052 987 1118 homo
1011 1052 1130 1118 inteiti·

61 1138 123 1223 git,
145 1135 200 1201 scd
223 1136 321 1199 etiam
343 1155 407 1219 quo
430 1145 569 1218 vegetat,
585 1146 617 1202 et
640 1139 748 1203 sentit.
767 1135 805 1201 se
851 1155 1129 1221 supervacaneum

62 1240 127 1283 non
149 1230 218 1294 est,
243 1219 310 1280 imo
332 1236 452 1301 operae
503 1217 623 1282 retium
646 1240 714 1283 esse
736 1215 936 1283 arbitramur
958 1239 1026 1282 rem
1051 1217 1129 1282 tanti

61 1300 219 1366 momenti
252 1296 387 1362 uberius
419 1237 610 1376 decharure,
640 1298 830 1384 firmiusque
858 1299 1024 1376 stabilire,
1053 1300 1130 1396 quia

60 1383 213 1466 quaestio
227 1380 267 1444 de
282 1379 447 1465 principio
470 1380 558 1445 vitati
582 1381 616 1445 in
639 1382 768 1447 homine
790 1401 906 1468 magna
929 1391 1131 1446 contentione

67 1468 154 1530 inter
174 1473 319 1528 recentes
340 1463 494 1546 agitatur.

343 1606 411 1658 dur.
433 1607 453 1658 Ι.
469 1635 502 1646 -
514 1605 654 1660 Reiutatnr
671 1611 864 1672 organicismue

107 1741 160 1807 68.
184 1737 232 1802 De
248 1735 371 1802 theoria
394 1739 578 1802 mechanica
599 1737 751 1813 Cartesii,
766 1740 822 1822 qui
838 1738 998 1824 quidquid
1015 1741 1049 1804 in
1066 1761 1136 1804 cor·

67 1844 149 1911 porc
164 1821 211 1895 fit,
226 1819 402 1882 secundum
425 1820 511 1904 leges
534 1830 657 1896 motus,
673 1841 731 1884 scu
746 1819 947 1885 mechanicas
962 1822 995 1885 in
1011 1841 1049 1885 ec
1065 1822 1136 1886 tieri

68 1902 236 1972 mordicus
257 1899 444 1977 contendit,
466 1922 666 1986 corumque,
689 1902 745 1986 qui
768 1900 863 1967 hodie
885 1903 919 1966 in
941 1904 1082 2000 Angiia,
1105 1914 1138 1969 ct

67 1986 190 2059 Gallia,
213 1981 419 2067 maximeque
434 1984 467 2048 iu
488 1985 665 2051 Germania
687 1982 727 2047 ad
749 1983 835 2068 leges
858 1984 1071 2062 mechanicae,
1087 1984 1136 2050 vei

68 2067 110 2134 ad
129 2067 212 2132 vires
233 2063 395 2152 chymicas
410 2065 444 2129 in
458 2063 651 2150 explicanda
676 2066 741 2131 vita
762 2069 909 2152 corporis
930 2067 1137 2151 confugiunt,

70 2149 152 2214 nihii
178 2146 231 2211 hic
252 2145 406 2212 dicimus.
429 2145 536 2222 Nam,
559 2146 715 2230 quoniam
744 2147 830 2231 leges
857 2148 1086 2224 mechanicae,
1109 2161 1140 2213 et

70 2231 158 2297 vires
179 2230 218 2293 ch
242 2231 356 2302 micae,
380 2237 417 2292 ut
437 2227 592 2301 vidimus,
617 2247 679 2291 non
703 2227 798 2292 modo
820 2228 1007 2304 brutorum,
1030 2230 1086 2294 sed
1108 2251 1141 2294 e·

71 2315 154 2378 tiam
175 2245 277 2376 ὶυέιῑιί
302 2310 428 2394 generis
454 2309 635 2402 viventium
649 2353 667 2400 ,⁹
681 2330 796 2395 nempe
818 2313 1001 2396 plantarum
1027 2331 1142 2396 opera-

73 2396 179 2460 tiones
204 2393 327 2458 efficere
356 2400 520 2475 nequeunt
540 2391 574 2464 ¹,
596 2389 725 2474 liquido
751 2401 838 2476 patet
863 2393 949 2477 ipsas
974 2412 1015 2456 eo
1036 2393 1143 2456 minus

70 2477 198 2542 efficere
214 2494 305 2559 posse
319 2473 524 2556 operationes
544 2469 658 2536 vitales
678 2473 824 2554 corporis
843 2473 987 2551 humani,
1007 2495 1090 2560 quae
1106 2475 1144 2538 ii·

70 2558 116 2624 lis
131 2568 206 2621 eunt
226 2554 319 2640 iunge
339 2553 582 2637 exquisitiores.
605 2553 729 2638 itaque,
745 2554 803 2618 hac
825 2557 982 2623 sententia
1002 2567 1146 2642 praeter-

71 2639 186 2714 missa,
208 2648 357 2725 systema,
379 2633 465 2719 quod
487 2634 712 2717 orpuca’ciamua
734 2647 881 2717 vocatur,
898 2638 930 2702 in
952 2637 1068 2722 primis
1089 2659 1145 2704 ex·

75 2719 284 2808 pendendum
306 2717 399 2782 nobis
419 2727 478 2782 est.

116 2801 169 2869 69.
192 2801 386 2867 Defensores
405 2796 606 2881 orpociciemi
626 2797 770 2864 fatentur
790 2822 853 2866 non
875 2822 967 2887 posse
988 2799 1055 2864 sola
1070 2801 1147 2889 phy·

79 2884 163 2961 sica,
185 2893 241 2950 aut
258 2882 403 2970 chymica
418 2879 576 2964 explicari
592 2881 703 2945 omnia
719 2882 939 2965 phaenomena
955 2885 1051 2962 vitae,
1066 2908 1150 2972 quae

77 3103 207 3155 inomodt.
228 3099 356 3153 Simiitter
373 3115 405 3151 cn
425 3102 523 3153 ririhne
541 3101 722 3164 superioribus
734 3101 762 3151 dt
777 3101 950 3154 redundantia
964 3105 990 3154 in
1004 3105 1149 3164 interiores,

75 3182 110 3226 ut
129 3188 192 3224 cum
220 3174 252 3224 ad
278 3179 380 3224 motum
406 3175 549 3225 voluntatis
573 3175 704 3224 intensum
730 3177 850 3238 arquitur
875 3177 961 3239 paceio
985 3177 1011 3226 in
1035 3176 1150 3227 renouati

76 3249 220 3310 appetitu,
239 3251 267 3296 et
285 3259 317 3296 er
337 3248 439 3297 intensa
458 3247 683 3308 contemplatione
703 3247 890 3304 retrahuntur.
913 3250 953 3298 rei
973 3249 1152 3313 impediuntur

77 3323 152 3372 vireo
169 3319 292 3370 animatia
310 3332 325 3369 a
345 3321 400 3369 auia
419 3321 533 3376 aericum
553 3321 582 3367 et
599 3331 614 3368 a
634 3331 761 3369 converso
779 3333 811 3368 ea
831 3319 928 3368 rtrihus
942 3318 1110 3372 interioribus
1123 3322 1152 3371 tit

2 3392 3 3397 ’
77 3392 255 3444 redundantia
275 3393 301 3441 io
319 3394 486 3454 superiores,
508 3397 538 3440 ut
557 3401 619 3440 cnm
639 3403 671 3441 ca
691 3391 856 3440 vehementia
878 3393 1028 3454 passionum
1049 3393 1075 3442 iu
1095 3407 1153 3444 aen-

79 3465 153 3515 auati
171 3466 291 3528 appetitu
310 3464 480 3513 existentium
498 3462 687 3513 obtenebratur
706 3463 784 3521 ratic,
804 3467 832 3511 ut
853 3463 951 3516 iudicet
963 3467 1038 3530 quasi
1053 3468 1155 3531 simpit-

4 3538 6 3586 i
81 3538 153 3588 citer
171 3537 270 3588 honum
284 3536 321 3595 id,
334 3539 408 3586 circa
420 3538 491 3600 quod
506 3536 585 3585 homo
599 3536 807 3600 perpessionem
822 3534 936 3588 adicitur
953 3557 976 3598 ’t
993 3542 1040 3605 Qu.
1055 3541 1152 3607 dr'rpp.¹

79 3604 532 3672 DaVer.,q.hiiV1,a.it)c.

7 3696 8 3699 ¹
120 3680 131 3716 ¹
151 3675 187 3730 (lt
203 3681 326 3740 comet..
346 3694 372 3731 c.
387 3677 434 3742 tv,
447 3695 474 3731 a.
491 3683 516 3742 t,
531 3695 558 3746 p.
574 3679 704 3740 tid-tw,
718 3685 745 3731 et
758 3694 784 3732 c.
798 3680 832 3748 V,
847 3699 872 3737 a.
892 3687 915 3748 t,
930 3687 1025 3800 ρὲίῧθ
1045 3691 1073 3738 et
1092 3688 1155 3762 131.Ι
