2475 3909
159 134 200 199 id
545 150 746 199 nonnoso
792 117 799 125 ¹

122 234 313 303 divisionem
336 234 402 301 fieri
425 235 601 320 gradatim,
629 234 689 300 hoc
709 245 779 307 est,
805 234 948 318 primum
976 234 1009 298 io
1030 236 1184 300 membra

142 317 296 396 eneraiia,
319 328 387 384 tum
408 318 443 383 irs
457 337 508 397 ea,
530 318 558 382 si
573 337 656 404 opus
670 316 780 393 inerit,
795 336 877 399 quae
893 317 942 380 iiis
955 318 1182 383 continentur.

121 338 232 484 itaque
253 422 318 465 non
340 410 425 464 recte
446 398 605 466 dividitur
628 400 732 463 niuem
748 398 780 462 in
792 397 942 483 plantam,
965 398 1130 476 hominem,
1146 412 1185 465 et

119 480 260 559 belinum,
284 482 340 549 sed
360 481 478 548 divisio
500 480 697 547 instituenda
717 490 766 546 est
779 501 838 565 per
852 479 995 546 membra
1012 484 1185 566 proxima,

119 563 179 629 hoc
201 563 303 631 ferme
325 574 430 650 pacto:
446 564 551 628 vinens
566 561 653 629 aiiud
675 582 771 627 senso
792 574 891 639 earet,
906 571 941 626 nt
951 562 1070 647 picoto,
1086 564 1183 628 atiud

118 666 245 711 sensum
268 645 379 725 habet,
402 656 438 713 nt
457 646 589 721 animai3
611 656 645 710 et
665 665 808 720 rursum,
824 646 943 708 uminsoi
961 644 1114 712 uiiud'est
1128 668 1189 711 ra-

118 728 214 793 tionis
238 730 410 815 particeps,
433 739 468 795 ut
488 729 589 804 tomo,
612 727 702 792 aiiud
723 748 850 812 expers,
873 737 910 793 ut
929 726 1037 792 tettua.

515 892 582 959 CA
597 893 622 957 P
636 894 664 957 t·
679 893 705 958 Τ
740 894 781 959 11.

403 1036 448 1101 lte
468 1034 592 1101 indicio
614 1037 651 1099 et
671 1034 903 1103 enunciations

330 1178 397 1233 Aur.
417 1180 439 1232 i.
451 1178 533 1231 -De
552 1185 659 1239 natura,
679 1187 707 1231 et
724 1184 864 1233 elementis
881 1181 972 1233 indicii

502 1258 583 1319 siqua
601 1255 796 1305 enunciationis

163 1380 214 1447 52.
239 1377 404 1445 indicium
418 1379 474 1445 iiia
488 1389 536 1446 ast
550 1380 647 1455 actio,
661 1401 726 1465 qua
741 1402 832 1446 mens
843 1380 925 1446 dnas
937 1382 1085 1448 notiones
1099 1384 1195 1452 inter

124 1483 198 1559 sese·
215 1472 393 1559 comparet,
414 1483 533 1548 easque
554 1464 735 1558 coniungit,
757 1474 813 1559 aut
833 1474 973 1549 separat,
994 1476 1091 1607 prout
1110 1488 1195 1533 con-

125 1566 253 1621 venne,
275 1554 331 1609 aut
351 1543 482 1610 differre
502 1555 677 1631 cognoscit.
700 1546 837 1611 Brevrus
857 1566 931 1609 oum
953 1567 980 1609 s.
1022 1547 1117 1611 homa
1130 1549 1195 1615 de-

125 1626 213 1693 finiri
236 1636 351 1713 potest:
375 1624 431 1691 iiia
451 1629 536 1694 actio
558 1624 751 1705 intellectus,
774 1628 939 1692 secumdum
952 1646 1044 1713 pssum
1064 1650 1195 1717 compo-

124 1711 183 1787 ssit,
206 1716 234 1773 ct
256 1708 382 1783 dividit,
403 1708 596 1793 affirmando,
618 1718 647 1772 st
659 1709 794 1791 seconde
805 1710 828 1773 ¹.
851 1709 919 1774 iam
933 1711 1119 1777 enunciatio
1140 1730 1195 1781 est

126 1792 287 1859 indicium
308 1789 417 1857 verbis
439 1812 638 1877 expressum.
661 1790 866 1877 Quapropter
878 1792 1061 1858 enunciatio
1074 1793 1198 1862 defini-

127 1890 198 1941 tur:
222 1872 320 1938 cretio
335 1922 345 1953 ,
358 1895 443 1971 ‘quse
474 1872 594 1960 aliquid
615 1873 767 1957 sipuificot
798 1873 931 1950 oimdo,
963 1875 1010 1937 oei
1040 1882 1193 1959 necundo.

127 1958 219 2023 Hanc
239 1955 281 2024 ob
302 1968 463 2023 rationem
484 1958 589 2023 oratio
615 1955 785 2020 indicativo
815 1956 910 2020 etiarn
931 1954 1125 2042 appeiiatur,
1150 1964 1198 2027 si·

127 2038 260 2123 quidem
282 2038 514 2117 affirmatione,
538 2050 634 2123 etque
657 2038 826 2121 negatione
850 2038 990 2114 veritas,
1012 2048 1044 2103 et
1066 2038 1196 2109 saisitus

128 2140 238 2185 rerum
261 2118 433 2186 indicatur.

168 2201 219 2269 53.
243 2200 370 2266 Exinde
391 2200 564 2267 discrimen
585 2200 787 2287 perspicitur
808 2200 893 2265 inter
911 2202 1195 2284 enunciationem,

129 2293 160 2349 et
181 2283 262 2348 alins
285 2282 408 2368 species
428 2283 595 2360 orationis,
619 2292 696 2377 puta
717 2283 981 2366 intempestiuum,
1004 2288 1197 2369 optativum,

129 2366 359 2450 imperativam.
382 2364 510 2432 Etenim
537 2366 571 2431 in
598 2364 649 2429 hss
676 2364 867 2443 affirmatio,
904 2365 954 2430 rei
977 2370 1128 2452 negatio,
1153 2392 1196 2435 ac

131 2445 267 2533 proinde
282 2468 393 2514 verum
406 2455 462 2513 aui
477 2444 594 2512 iaisum
609 2447 742 2533 proprie
755 2468 816 2510 non
831 2446 1012 2527 denotatur,
1027 2448 1081 2513 sed
1095 2449 1198 2517 dum-

131 2539 221 2594 taxat
241 2527 374 2615 qnidam
395 2528 487 2604 ordo,
510 2530 568 2613 qni
590 2538 697 2593 actum
720 2529 901 2596 intellectus
915 2529 954 2594 de
970 2531 1115 2611 rerimte,
1133 2548 1197 2601 aut

132 2610 270 2679 tatsiute
293 2632 402 2677 rerum
424 2610 599 2677 iudicantis
619 2613 838 2695 consequitur.
861 2614 899 2678 E.
918 2634 963 2697 g,
978 2614 1018 2690 is,
1033 2616 1089 2700 qni
1103 2635 1197 2680 com-

170 2822 177 2858 ¹
199 2822 248 2887 (tq.
267 2822 370 2886 dippp„
391 2822 431 2871 Dc
453 2821 525 2877 Ver..
545 2834 573 2885 q.
592 2817 664 2881 xlv,
684 2836 710 2872 s.
735 2823 743 2871 t
767 2834 793 2871 c.
814 2816 891 2873 Circa
910 2834 990 2885 qnam
1010 2820 1195 2873 definitionem

132 2893 311 2953 ednotsndnnr
329 2897 369 2945 asi
387 2892 496 2943 vocibus
514 2896 715 2958 compositionis,
733 2899 762 2944 et
779 2896 907 2945 disistoms
926 2894 1037 2957 intelligi
1055 2906 1131 2957 pos-c
1149 2899 1198 2945 rat

133 2967 363 3026 coniunctionem,
382 2969 410 3015 et
429 2967 622 3028 superationem
641 2969 799 3026 notionum,
819 2969 861 3016 rot
878 2966 983 3016 nomina
1001 2968 1198 3029 compositionis

133 3039 361 3102 computationem
380 3050 483 3095 esrum,
503 3044 531 3089 et
549 3038 656 3089 nominc
673 3041 807 3093 dinistocts
821 3039 972 3090 distinctam
985 3041 1196 3102 minuemus

135 3112 295 3171 subiectum,
315 3114 342 3161 et
360 3111 517 3161 attributum
535 3112 746 3161 considerautur.
760 3109 787 3163 st
801 3112 852 3163 hoc
870 3112 955 3161 attero
969 3124 1048 3160 seusu
1060 3112 1198 3175 accipisn-

137 3188 192 3243 tnr,
212 3183 379 3247 compositio,
400 3186 427 3232 et
445 3182 537 3234 divisio
556 3186 584 3233 in
603 3186 706 3234 cunctis
718 3185 822 3234 iudiciis
840 3197 904 3235 oum
922 3182 1121 3242 sitis-autibus,
1136 3190 1198 3235 tum

135 3256 291 3319 negantibus
308 3256 498 3315 inveniuntur,
518 3254 554 3306 ita
574 3261 603 3305 ut
622 3256 715 3307 divisio
739 3257 922 3319 compositioni
946 3256 1107 3318 praecedat,
1131 3270 1197 3307 nam

136 3341 189 3377 non
208 3326 272 3380 iicet
290 3328 364 3379 nobis
382 3340 518 3385 reserere,
538 3333 585 3378 snt
604 3341 699 3392 osgaro
719 3342 800 3378 unam
817 3330 951 3379 notionem
970 3329 1003 3377 do
1021 3329 1123 3385 stters,
1143 3328 1197 3379 nisi

137 3400 230 3450 ambra
249 3414 341 3453 secum
358 3406 557 3465 comparentur,
577 3407 605 3451 ot
622 3402 742 3453 notiones
762 3414 813 3451 non
833 3405 941 3463 possum
959 3401 1124 3463 comparari,
1143 3401 1195 3451 nisi

137 3476 274 3535 tamqnam
292 3474 361 3524 inter
379 3486 407 3523 so
426 3472 565 3523 distinctae
583 3475 758 3536 accipiantur.
772 3470 816 3523 Sin
830 3474 915 3536 primo
934 3486 1023 3531 musa,
1036 3473 1196 3535 compositio

136 3550 178 3595 est
194 3546 301 3609 propria
318 3544 474 3596 indiciorum
495 3544 693 3605 affirmantium,
713 3553 741 3597 et
759 3546 851 3597 divisio
863 3552 904 3596 est
917 3547 1022 3609 propris
1035 3545 1196 3601 indiciorum

137 3618 301 3683 negantium.
