2475 3909
157 167 199 232 98
534 179 765 229 nunnunocrs

158 267 189 329 d.
213 263 280 328 Iam
303 262 529 349 principium,
557 283 662 348 aquo
683 264 824 329 actiones
848 263 976 326 animae
1008 260 1188 342 dimanant,

119 357 167 411 est
187 345 321 430 quidem
344 343 459 408 eadem
481 345 621 420 esnello,
643 366 700 409 seu
724 355 839 411 natura
860 344 985 408 animae
1008 345 1032 406 ¹.
1049 347 1092 410 dt
1113 368 1189 410 vero

118 427 188 511 ipsa
211 447 286 492 suas
307 426 451 490 actiones
473 446 537 490 non
559 436 702 502 exercet,
718 428 780 490 nisi
827 447 864 489 er
886 424 1011 510 aliquas
1024 427 1190 510 qualitates

120 529 178 573 seu
200 510 355 584 virtutes,
378 527 460 591 quae
493 506 556 572 sihi
585 509 763 573 inhaerent.
820 507 981 572 eiusmodi
1014 509 1189 592 qualitates

119 591 193 656 illae
217 599 302 666 sunt,
325 609 407 674 quae
427 588 606 670 facultates,
630 590 680 655 vel
699 592 852 673 potentiae
874 589 1002 655 animae
1025 589 1190 675 appellan-

118 681 183 737 tur.
208 673 258 736 Ex
280 671 328 736 his
351 667 445 734 lacile
468 669 638 747 conficitur
661 669 784 755 duplex
807 670 1004 756 principium
1024 674 1190 736 actionum

121 755 247 817 animae
270 750 533 837 distinguendum
555 774 638 829 esse,
655 774 771 848 nempe
795 752 992 836 principium
1007 754 1192 828 mediatum,

120 846 152 899 et
174 842 336 912 remotum,
358 832 445 917 quod
467 843 514 898 est
536 834 604 919 ipsa
627 849 767 900 essentia
788 834 927 910 animae,
942 845 976 900 et
990 833 1192 921 principium

121 915 350 993 irnmediotum,
366 926 398 980 et
416 916 615 998 prociarum,
631 915 717 1000 quod
733 925 782 978 est
796 914 940 999 potentia
954 917 1093 993 animae,
1109 914 1192 978 adeo

120 1008 157 1061 ut
177 996 314 1062 essentia
336 998 464 1061 animae
488 996 606 1060 mediis
630 998 783 1081 potentiis
805 996 848 1060 sit
893 997 1068 1082 rincipium
1092 999 1194 1062 actio-

121 1099 211 1153 num,
234 1077 348 1143 eodem
371 1075 492 1154 modo,
516 1099 581 1162 quo
604 1078 700 1142 radix
721 1077 848 1141 arboris
870 1017 1018 1153 dructus,
1040 1099 1103 1143 non
1126 1079 1191 1142 nisi

123 1158 238 1224 inediis
259 1162 371 1236 ramis,
397 1158 532 1244 profert.

251 1294 356 1348 dardi.
373 1324 405 1332 -
422 1295 514 1348 Utrum
534 1281 640 1345 anianae
661 1297 803 1346 facultates
822 1297 855 1345 ah
874 1298 932 1346 eins
950 1299 1064 1348 essentia

558 1369 753 1430 distinguantur

161 1491 191 1553 5.
217 1490 296 1552 Fere
319 1507 431 1551 omnes
453 1497 595 1552 recentes
624 1487 836 1570 Philosophi,
858 1489 980 1570 quibus
1002 1491 1195 1573 nuperrime

125 1569 293 1714 ,adolphus
321 1568 515 1634 Garnierius
544 1568 762 1653 adstipulatus
785 1570 876 1644 est²,
898 1591 972 1634 curn
999 1569 1197 1638 Pantheistis

123 1673 199 1737 prae
217 1663 301 1716 racto
325 1659 458 1715 tuentur
472 1647 642 1714 facultates
657 1671 725 1714 esse
748 1671 783 1714 re
800 1651 869 1733 ipsa
891 1672 1006 1725 unum,
1025 1651 1193 1737 idemque,

122 1749 160 1797 ac
182 1733 353 1798 essentiam
379 1732 484 1818 ipsius
505 1733 645 1806 animae;
660 1731 746 1795 unde
767 1732 906 1796 essentia
920 1733 1059 1810 animae,
1075 1755 1193 1800 eorum

123 1816 294 1891 sententia,
312 1833 375 1877 non
399 1813 495 1877 modo
518 1814 722 1898 principium
746 1811 937 1890 mediatum,
960 1823 992 1876 et
1013 1825 1194 1894 remotum,

123 1895 178 1962 sed
202 1899 300 1961 etiam
316 1895 515 1979 principium
533 1893 773 1970 immediatum,
794 1902 826 1958 et
847 1895 1036 1978 proximum
1059 1916 1195 1962 suarum

124 1977 286 2042 actionum
314 1976 448 2042 dicenda
471 1987 529 2041 est.
554 1978 596 2040 nt
617 1997 658 2039 ss.
683 1975 819 2052 Patres,
842 1986 873 2040 et
895 1975 1042 2060 plerique
1063 1977 1197 2043 Schola·

124 2060 210 2134 stici,
226 2059 405 2123 secundum
427 2057 648 2122 definitionem
664 2059 822 2141 potentiue
842 2057 939 2120 modo
960 2078 978 2120 a
1001 2058 1095 2124 nobis
1115 2059 1198 2125 alla·

124 2152 215 2216 tam,
238 2160 308 2203 eam
332 2139 372 2204 ah
394 2139 532 2204 essentia
553 2139 680 2202 animae
703 2138 962 2223 distinguendam
984 2159 1053 2204 esse
1074 2139 1197 2207 docue-

125 2231 211 2286 runt.
234 2220 342 2297 Quare
358 2241 415 2284 nos
435 2229 622 2304 sequentem
639 2219 901 2304 Propositionem
923 2220 1195 2290 demonstramus:

164 2303 194 2367 6.
221 2303 377 2367 Potentiae
394 2302 515 2366 unimur
528 2300 565 2364 ud
587 2302 653 2364 eius
667 2303 793 2366 essentia
807 2322 842 2364 re
856 2302 926 2386 ipro
938 2302 1194 2386 distinquuutur.

167 2383 338 2449 Probatur.
364 2381 396 2447 1⁰
410 2382 495 2460 Esse,
519 2393 551 2449 et
570 2401 658 2465 apere
673 2384 706 2447 in
721 2384 842 2458 anima,
859 2382 993 2468 perinde
1008 2406 1046 2448 ac
1068 2386 1100 2449 in
1113 2407 1198 2472 qoa-

125 2465 205 2532 lihet
227 2488 261 2532 re
284 2478 416 2541 creata,
437 2466 568 2531 realiter
594 2464 863 2560 distinguuntur,
885 2466 964 2551 quia
979 2467 1011 2529 in
1035 2467 1104 2532 Deo
1126 2479 1200 2533 tau-

124 2562 216 2624 tum,
241 2559 374 2634 propter
395 2547 555 2612 infinitam
578 2547 659 2612 Eius
680 2546 945 2630 srmplicitatem,
969 2548 1198 2635 infinitamque

127 2631 373 2716 perlectionem,
388 2651 459 2707 esse,
475 2638 570 2712 atque
591 2629 672 2692 ectio
687 2647 789 2691 unum
809 2625 961 2714 idemque
984 2641 1068 2696 sunt.
1090 2633 1199 2718 Atqui

125 2725 247 2779 esseest
262 2724 352 2779 actus
365 2712 625 2791 essentiae,uqore
640 2719 749 2774 autem
769 2719 818 2773 est
831 2711 1001 2775 actualitas
1016 2715 1197 2797 potentiae.

125 2795 214 2880 Ergo
229 2798 256 2860 si
278 2817 341 2858 esse
362 2803 395 2859 et
408 2795 489 2857 actio
503 2793 635 2857 realiter
649 2791 908 2886 distinguuntur,
920 2813 1049 2858 necesso
1061 2816 1199 2880 quoqne

126 2887 186 2952 est,
210 2889 247 2943 ut
267 2879 414 2946 essentia,
437 2884 471 2940 et
493 2875 650 2958 potentia,
673 2893 692 2936 a
712 2871 844 2956 quihus,
861 2884 1026 2971 tamquam
1041 2897 1059 2940 a
1074 2877 1202 2962 princi-

127 2961 205 3045 piis,
220 2959 265 3024 illi
280 2968 369 3024 actus
386 2966 589 3040 promanant,
607 2956 693 3019 inter
708 2974 742 3018 se
761 2953 893 3022 realiter
911 2955 1158 3041 distinguantur
1172 2964 1197 3026 ³.

126 3206 154 3251 et
173 3201 225 3249 alia
239 3199 265 3246 in
279 3195 435 3258 corporibus
448 3193 624 3245 animantium
638 3196 765 3246 dicuutur
777 3200 938 3262 principiam
952 3203 1032 3262 sitam
1046 3209 1088 3256 ast
1102 3208 1202 3263 huius-

128 3272 197 3322 modi
218 3283 269 3320 non
289 3274 362 3324 sunt,
384 3268 431 3316 nisi
453 3279 499 3328 per
517 3267 647 3318 animam.

163 3339 313 3393 *ursanus
333 3341 438 3390 animae
457 3339 522 3388 illud
542 3345 593 3396 est,
613 3342 752 3390 secundum
769 3347 837 3407 qrrod
853 3360 902 3407 per
919 3362 979 3398 eum
999 3356 1021 3398 el
1039 3351 1069 3397 ln
1080 3365 1111 3401 eu
1124 3355 1204 3408 lohet

127 3430 191 3472 ersa
212 3420 306 3464 natura
326 3418 418 3463 autern
435 3411 566 3473 significat
578 3413 663 3474 ipsam
680 3416 835 3474 essentiam,
848 3424 980 3480 qnatenus
992 3420 1066 3471 hahet
1078 3425 1203 3478 ordinem

127 3491 162 3539 ou
179 3489 314 3549 proprioru
332 3485 521 3604 operult'lourur4
539 3477 575 3534 (ll
590 3497 613 3604 p
634 3479 742 3543 raom,
761 3488 799 3537 lle
817 3496 884 3549 eote,
903 3499 929 3540 et
945 3495 1068 3554 errantia,
1088 3509 1116 3547 c.
1140 3498 1167 3547 t.

163 3557 384 3619 ²0p.cil.,lih.
431 3569 485 3614 ‚o.
527 3561 569 3615 ,s
610 3593 616 3604 .

162 3625 231 3682 ³Cl
246 3643 268 3680 s.
289 3625 395 3688 raom,
418 3627 438 3688 l,
459 3642 487 3691 q.
507 3623 574 3688 htv,
595 3642 622 3678 a.
646 3630 671 3688 l,
691 3630 893 3697 attestato„
914 3649 941 3698 q.
958 3631 1077 3698 txxlx,
1093 3643 1198 3693 alc,
