2475 3909
466 164 549 214 unns
569 164 692 215 rnnrts
1031 149 1070 217 at

177 289 247 343 har.
267 287 508 341 ll.-Detensores
529 291 656 346 adversas
675 295 821 345 sententiae
839 295 992 347 relutantur

85 399 134 466 t1.
152 401 356 488 Philosophi,
371 404 427 487 qni
445 405 572 469 unicam
588 405 774 471 methodum
790 407 822 471 in
837 407 962 472 cunctis
977 405 1121 472 scientiis

54 481 263 548 adhibendam
286 504 354 548 essa
376 498 573 581 pugnarunt,
596 507 638 551 ex
659 486 799 551 diversis
821 491 990 553 momentis
1006 485 1046 552 ad
1061 486 1118 558 dt>-

52 565 183 626 ctrinam
206 584 297 628 suam
320 565 569 651 excogitandam
594 569 735 664 permoti
762 578 850 636 sunt,
875 569 1062 642 Nonnulli,
1082 581 1118 634 ut

54 641 253 722 Cartcsiani,
283 647 316 710 in
345 650 469 712 cunctis
494 648 642 713 scientiis
670 648 858 715 methodum
887 649 1117 735 geometricam

53 723 296 804 commendant,
319 729 396 811 quia
418 729 618 797 arbitrantur
640 728 889 807 certitudinem,
910 751 996 815 quac
1018 732 1119 796 scien-

54 805 167 870 tiamm
190 807 490 900 mathematicamm
508 832 568 896 pro
593 813 643 876 ria
665 821 723 887 est,
746 812 886 896 perinde
899 810 1118 895 quaerendam

53 907 126 950 esse.
150 885 233 964 hiri,
258 900 293 954 nt
314 890 483 968 Lochiani,
506 903 539 957 et
586 891 827 968 ondillachiani,
845 893 976 956 unicam
998 893 1120 958 methc-
1165 903 1168 912 '

53 967 125 1032 dnm
149 966 351 1035 inductivum
374 969 535 1056 probant,
564 975 643 1056 quia
670 993 781 1037 omnes
809 974 960 1037 scientias
990 973 1118 1038 nonnisi

55 1047 163 1113 eodem
185 1048 424 1128 instrumento,
451 1074 523 1118 nem
548 1075 566 1118 e
596 1053 805 1130 inductione,
836 1054 961 1139 acquiri
992 1065 1117 1140 putant.

55 1129 129 1194 [leni
157 1150 197 1194 ue
222 1133 291 1206 alii,
317 1133 503 1218 intorques
525 1073 718 1201 hermoniae
741 1135 926 1219 Philosophi
944 1135 1121 1200 Transcen-

54 1149 193 1277 densdhs
214 1215 389 1298 praecipue
407 1226 628 1291 recensentur,
644 1219 774 1280 unicam
789 1216 977 1282 methodum
993 1217 1028 1280 in
1042 1239 1120 1282 cun·

56 1295 109 1359 ctis
130 1293 278 1359 scientiis
301 1294 472 1360 tenendam
493 1317 562 1361 esse
585 1295 702 1362 docent
723 1318 765 1362 ex
785 1319 847 1373 eo,
869 1296 957 1382 qnod
982 1300 1118 1362 unicum

54 1397 115 1440 esse
138 1375 341 1460 principium
362 1378 511 1441 omnium
533 1379 744 1442 scientiarum
766 1377 827 1442 sihi
851 1377 1057 1464 persuadent.

67 1457 178 1600 'Rapo
201 1457 311 1520 omnin
333 1457 414 1521 salsa
436 1477 505 1522 esse
527 1459 714 1524 cviuccmns
736 1458 942 1544 sequentihus
970 1459 1123 1545 proposi-

56 1549 127 1602 tronr
155 1556 205 1602 ns:

88 1619 140 1684 d2.
165 1617 263 1701 Prop.
288 1617 333 1681 1¹.
359 1619 422 1683 Illo
441 1620 607 1697 certitudo,
629 1639 706 1704 quoe
723 1620 858 1704 propriu
873 1619 1121 1684 Mathematiccc

54 1709 103 1778 est,
124 1702 162 1764 in
182 1699 327 1764 omnihus
349 1702 489 1764 scientiis
509 1701 683 1786 promendo
702 1720 765 1764 non
786 1710 841 1764 est.

89 1779 431 1847 Pratumcertiruno
443 1781 637 1866 cognitionis
647 1780 841 1867 respondeat
851 1790 979 1865 oportet
990 1791 1124 1846 naturae

53 1865 111 1942 rei,
133 1863 222 1928 circa
244 1881 341 1945 quam
365 1873 520 1928 versatur.
539 1885 556 1924 u
572 1859 624 1925 ad
638 1862 802 1926 hominem
817 1861 898 1927 hene
913 1864 1126 1936 instructum,

52 1949 94 2011 ait
114 1967 141 2010 s.
166 1943 328 2018 Thomas,
355 1944 515 2028 pertinet,
538 1952 576 2007 ut
597 1951 722 2006 tantum
749 1943 958 2008 certitudinis
986 1953 1124 2027 quaerat

51 2028 81 2092 in
103 2044 300 2110 unaquaque
322 2025 483 2100 materia,
508 2033 665 2108 quantum
695 2035 811 2089 natura
839 2025 889 2089 rei
918 2025 1066 2109 patitnr¹
1092 2048 1123 2088 n.

51 2109 150 2194 Atqui
173 2127 237 2184 res,
260 2105 346 2169 circa
368 2123 448 2188 quas
469 2105 623 2168 scientiae
644 2115 840 2182 versantur,
863 2115 938 2171 sunt
960 2104 1121 2172 diversae.

51 2192 138 2276 Ergo
165 2185 326 2253 certitudo
357 2185 479 2252 diversi
516 2187 645 2270 generis
675 2187 710 2250 in
736 2184 875 2253 dirersis
907 2189 1055 2254 scientiis
1080 2187 1124 2252 sit

51 2279 192 2358 oportct;
216 2289 254 2333 ac
276 2267 413 2354 proinde
426 2265 538 2331 cadem
553 2267 726 2344 certitudo,
748 2286 833 2350 quae
850 2271 982 2355 propria
1003 2270 1128 2347 mathe-

51 2355 188 2418 maticae
214 2359 273 2427 est,
320 2348 480 2414 naerenda
506 2367 570 2412 non
592 2361 643 2414 est
665 2349 699 2412 in
719 2349 873 2414 omnihus
904 2351 1061 2414 scientiis.
1084 2350 1126 2414 Et

51 2453 157 2509 sane,
184 2433 220 2496 in
243 2432 310 2496 Mat
332 2432 505 2506 ematicis,
529 2439 566 2495 ut
589 2428 676 2496 idem
704 2441 833 2495 sanctus
862 2430 982 2495 Ductor
1004 2431 1125 2516 inquit,

52 2513 230 2579 certissimo
250 2519 333 2577 ratio
353 2513 536 2598 requirendo
549 2521 603 2589 est,
628 2511 706 2595 quia
721 2521 890 2576 versantur
908 2511 941 2576 in
965 2512 1020 2587 iis,
1042 2531 1125 2596 quac

52 2605 127 2661 suut
149 2593 308 2659 adstructo
327 2615 347 2657 o
366 2593 510 2668 materia,
533 2601 562 2655 et
583 2604 685 2657 tamen
705 2612 766 2656 uon
786 2600 858 2655 sunt
881 2591 1058 2656 excedentia
1079 2594 1128 2655 in·

53 2678 207 2742 tellectum
229 2669 384 2739 nostrum.
404 2680 464 2740 Ast
484 2672 597 2738 eadem
619 2671 781 2739 certitudo
802 2676 835 2737 in
859 2673 923 2738 illis
945 2671 1127 2758 disciplinis

54 2755 241 2843 quaerenda
264 2775 328 2818 non
350 2765 412 2833 est,
433 2775 517 2841 quac
540 2757 625 2821 circa
641 2756 810 2820 materiam
825 2754 977 2819 sensilem
998 2775 1129 2821 versan-

56 2852 118 2918 tur,
141 2838 283 2903 materia
305 2838 393 2901 enim
415 2835 545 2902 sensilis
566 2835 753 2901 mutationis
774 2848 822 2901 est
843 2835 996 2909 ohnoxia3
1018 2856 1128 2921 neque

58 2923 87 2985 in
111 2918 191 2994 illis,
214 2938 353 3003 quarum
376 2918 504 2982 obiecta
518 2916 676 2981 humanas
695 2918 781 2981 vires
794 2916 1012 3002 cognoscendi
1036 2937 1130 3002 prae·

57 2997 325 3087 tergrcdiuutur,
348 2996 531 3064 cuiusmodi
559 3006 635 3063 sunt
660 2996 857 3063 substantiae
890 3019 979 3063 mere
1002 2997 1129 3064 intelle-

57 3083 202 3156 etnades;
226 3080 282 3146 illa
304 3082 403 3158 enim,
425 3100 508 3165 quae
535 3079 669 3144 omnino
691 3078 923 3146 immaterialia
945 3086 1044 3155 sunt,
1066 3099 1129 3143 non

58 3171 129 3228 sunl
153 3171 240 3226 certo
259 3160 347 3224 nodis
363 3181 425 3246 pro
448 3170 495 3226 ter
516 3160 666 3244 defectum
688 3159 864 3226 intellectus
886 3161 987 3224 nostri
1008 3160 1032 3222 ⁸.

97 3240 387 3328 ta.1¹r0p.a⁸.1
429 3245 514 3306 actio
545 3243 676 3306 unicum
710 3241 957 3306 instrumentum
988 3241 1129 3306 omnium

61 3327 262 3390 scientiarum
285 3343 344 3385 esse
365 3345 426 3388 non
467 3333 553 3388 otest.

100 3403 271 3470 Probatur.
295 3405 331 3468 ln
353 3345 501 3490 quotthet
530 3425 646 3490 genere
673 3424 804 3482 rerum,
833 3412 871 3468 ut
899 3402 965 3466 iam
992 3403 1135 3471 ostendi·

99 3607 110 3646 ¹
130 3603 376 3665 nru.1enu.,
396 3603 460 3654 uas.
481 3599 579 3656 tte-²
596 3603 628 3656 sn
648 3601 693 3654 ru.
715 3601 743 3652 ιι
760 3600 837 3661 uae,
858 3597 922 3653 reos.
943 3592 980 3670 v,
