2475 3909
502 188 734 239 nrnsrnnoarn
1053 170 1111 240 185

81 278 144 342 lem
175 273 478 352 considerationem,
500 296 585 361 qnae
607 274 731 341 inducit
753 294 823 338 eam
838 270 877 339 ad
893 273 1079 352 volendum,
1100 278 1152 343 rel

79 357 316 425 considerando
342 359 555 442 oppositum,
589 356 716 423 scilicet
746 352 834 440 quod
857 358 941 435 boc,
968 356 1057 442 quod
1080 380 1155 445 pro-

78 442 211 591 ponitur
231 448 269 503 ut
289 438 431 516 bonum,
455 439 633 503 secundnm
656 437 780 524 aliquid
803 458 867 502 non
889 449 938 505 est
958 437 1103 505 bonum¹
1120 464 1150 506 n.

110 544 171 607 rgo
198 531 290 585 actus
310 519 487 587 voluntatis
511 541 552 584 ex
574 521 760 604 cognitione
782 518 860 583 boni
882 529 915 587 et
936 522 1026 598 mali,
1049 540 1067 582 a
1089 543 1154 607 qna

84 601 240 692 pendent,
262 602 486 667 necessitatem
506 623 570 666 non
593 602 770 687 accipiunt.

118 686 193 749 217.
215 683 325 749 Obiic.
347 680 382 747 6⁰
403 683 553 749 Admisso
567 704 645 748 vera
665 682 825 749 sententia
840 684 926 748 circo
942 684 1099 768 originem
1115 683 1154 748 li-

82 765 245 841 bertatis,
269 785 384 850 nempe
405 765 603 830 voluntatem
631 786 673 830 ex
695 764 820 829 iudicio
843 766 980 830 rationis
1000 765 1156 831 determi-

81 851 168 923 nari,
190 847 339 912 voluntas
352 868 393 910 er
406 846 534 912 duobus
548 846 654 922 bonis,
670 868 735 911 uno
751 847 884 921 maiori,
900 846 1001 912 altero
1016 849 1150 926 minori,

79 952 144 995 non
166 938 274 1014 potest
295 931 364 991 'non
386 929 538 1015 amplecti
562 928 682 993 bonum
707 929 840 1005 maius,·
860 938 910 1003 et,
932 930 960 993 si
982 930 1013 994 ei
1037 949 1154 1015 propo-

79 1023 199 1077 nantur
220 1008 286 1075 duo
308 1009 392 1073 bona
474 1011 579 1087 uella,
603 1022 755 1075 neutrum
776 1009 900 1093 eligere
922 1021 1051 1095 posset,
1074 1011 1152 1097 quia

79 1094 170 1158 nulla
192 1091 279 1158 l'orct
299 1091 384 1156 ratio
405 1112 442 1155 su
477 1092 589 1168 ciens,
611 1091 654 1156 ob
676 1111 773 1176 quam
796 1092 946 1156 voluntas
967 1094 1076 1157 minus
1093 1092 1155 1157 bo-

80 1196 158 1240 num
182 1175 312 1249 maiori,
334 1181 392 1238 aut
413 1172 583 1238 interduo
605 1171 755 1257 aequalia
768 1194 870 1237 unum
893 1172 987 1238 alteri
1011 1172 1154 1259 praeler-

74 1266 141 1321 ret.
158 1257 247 1341 Ergo
262 1255 410 1320 voluntas
432 1253 585 1323 facultate
600 1253 743 1339 eligendi
767 1252 968 1331 destituitur,
985 1276 1022 1319 ao
1045 1258 1155 1341 proin·

79 1337 121 1403 de
143 1337 292 1406 libertale
315 1335 552 1403 indifferentiae
574 1358 638 1400 non
661 1334 789 1420 gaudet.

119 1420 193 1487 248.
217 1422 329 1506 Resp„
356 1418 432 1500 Nep.
454 1430 521 1483 ont.
537 1419 633 1493 Sane,
655 1417 809 1482 voluntati
831 1416 993 1501 integrum
1017 1438 1080 1482 non
1104 1430 1153 1485 est

78 1501 205 1586 eligere
226 1499 372 1587 aliquid,
395 1500 482 1584 quod
506 1499 687 1565 intellectus
708 1500 825 1564 ultimo
852 1518 911 1563 suo
933 1497 1056 1565 iudicio
1080 1522 1155 1586 pra-

78 1584 165 1649 ctico
186 1584 344 1651 iudicavit
364 1602 434 1646 esse
457 1583 564 1647 minus
585 1580 725 1658 bonum,
748 1600 784 1643 ao
806 1578 941 1665 proinde
965 1582 1071 1646 minus
1093 1583 1154 1647 eli-

79 1664 197 1751 gibile,
218 1687 317 1752 quarn
338 1663 441 1741 aliud3
461 1674 497 1730 at
518 1684 598 1729 vero
619 1672 725 1749 potest
747 1663 817 1747 ipsa
837 1662 976 1737 efficere,
999 1672 1035 1728 ut
1057 1662 1151 1739 illud,

77 1746 169 1830 quod
191 1748 225 1812 in
248 1768 281 1813 se
302 1757 349 1813 est
370 1744 514 1813 deterius
534 1745 612 1822 alio,
635 1756 800 1830 tamqnam
821 1743 938 1808 melius
960 1743 1019 1807 boc
1041 1744 1082 1811 ab
1105 1745 1154 1809 in-

77 1827 211 1894 tellectu
240 1827 429 1904 iudicetur,
458 1838 619 1913 qnatenus
648 1826 751 1912 magis
783 1823 936 1891 conducit
964 1822 1004 1888 ad
1036 1825 1151 1903 linem,

76 1930 179 1994 quem
198 1921 394 1997 spectamus.
410 1910 458 1975 lta
482 1909 518 1985 ii,
533 1910 591 1994 qui
611 1916 758 1992 peccant,
774 1916 1018 1991 prosequuntur
1037 1928 1151 1986 unum,

100 1992 165 2057 uod
186 2004 237 2059 est
256 1993 402 2060 deterius
424 1992 503 2069 alio,
517 1990 573 2055 sed
587 1989 732 2055 iudicant
745 1990 805 2053 boc
819 2008 888 2052 esse
904 1988 1037 2064 melius,
1051 2004 1151 2074 quam

76 2011 174 2151 lltud,
195 2077 275 2162 quia
290 2074 421 2141 ridetur
440 2076 489 2139 eis
512 2073 728 2221 opportunius
749 2070 789 2135 ad
813 2067 1026 2136 obtinendum
1042 2070 1152 2149 linem,

77 2176 180 2241 quern
200 2156 264 2222 sibi
300 2158 510 2222 constituunt.
559 2164 643 2219 otest
667 2153 766 2217 etiam
787 2151 936 2217 voluntas
962 2172 1004 2216 ex
1025 2151 1153 2221 duobus

78 2236 177 2303 bonis
198 2237 390 2323 aequalibus
410 2259 513 2303 unum
536 2236 637 2303 veluti
661 2235 875 2320 praestantius
890 2232 992 2300 altero
1014 2234 1151 2321 eligere,

78 2340 168 2396 nam,
190 2322 294 2388 aiente
315 2342 342 2385 s.
359 2319 491 2395 Tboma,
507 2344 525 2383 n
542 2318 622 2383 nibil
647 2314 809 2403 probibet,
830 2316 856 2380 si
880 2315 991 2414 aliqua
1012 2314 1078 2383 duo
1097 2336 1152 2379 aa

78 2402 191 2487 qualia
229 2413 431 2488 roponantur
444 2400 620 2467 secundum
637 2420 734 2463 unam
749 2394 1055 2475 considerationem,
1070 2396 1153 2484 quin

77 2485 171 2548 circa
192 2424 331 2551 alterum
352 2483 576 2551 consideretur
596 2481 638 2547 ali
664 2502 704 2545 ua
727 2479 892 2552 conditio,
917 2500 1095 2565 perquam
1117 2499 1152 2542 e·

78 2568 227 2643 mineat,
250 2575 283 2633 et
306 2587 356 2629 ma
383 2566 409 2630 is
430 2564 578 2632 llectatnr
609 2502 759 2628 vdluntas
782 2562 815 2625 in
839 2562 972 2646 ipsum,
995 2581 1092 2645 quam
1115 2560 1150 2624 in

78 2645 172 2712 alind
194 2648 206 2683 ¹
231 2672 260 2711 a.
282 2586 381 2725 Quod
411 2648 440 2713 si
473 2657 546 2733 post
572 2648 666 2713 istam
693 2642 939 2729 inquisitionem
974 2643 1007 2706 in
1038 2652 1153 2709 neutro

77 2727 225 2795 inveniat
245 2750 361 2794 novam
385 2730 528 2816 aliquam
549 2726 740 2803 bonitatem,
764 2734 872 2810 potest
892 2723 1040 2789 voluntas
1061 2721 1101 2789 ad
1115 2744 1152 2788 n·

77 2832 159 2875 num
181 2810 302 2877 bonnm
324 2811 415 2877 alteri
440 2809 690 2898 praeferendum
712 2808 835 2872 moveri
858 2826 900 2870 ex
922 2826 974 2879 eo,
996 2803 1084 2891 quod
1105 2806 1154 2874 in-

78 2894 229 2961 tellectus
250 2892 382 2960 exbibet
402 2896 448 2970 ei,
463 2905 628 2978 tamquam
643 2890 777 2965 bonum,
792 2890 1060 2954 exercitationem
1076 2908 1154 2975 pro-

77 2976 174 3063 priae
195 2974 368 3043 libertatis.

511 3074 650 3142 capvt
671 3073 727 3139 Vl.

376 3201 438 3267 lta
457 3200 618 3266 traduto
639 3196 834 3265 locomotira

118 3331 194 3397 2d9.
219 3326 366 3393 Facultas
386 3326 573 3390 locomotrix
594 3333 643 3390 est
664 3320 822 3409 quaedam
843 3321 992 3409 specialis
1013 3320 1151 3389 facultas

116 3598 125 3632 ⁸
148 3593 198 3659 Oq.
219 3596 325 3658 dtepp..
349 3593 387 3643 De
406 3594 489 3648 molo,
512 3590 566 3640 loc.
586 3592 634 3640 ott.
654 3588 687 3639 ad
710 3588 752 3640 ld.

117 3667 130 3707 ²
152 3668 180 3721 l²
197 3666 250 3727 2³²,
270 3681 297 3733 q.
319 3662 391 3727 lllll,
411 3679 438 3714 a.
459 3664 476 3715 o
494 3664 528 3715 ad
548 3662 577 3716 3.
