2475 3909
375 223 561 272 rusououia
583 223 770 272 limitans
1011 203 1070 273 375

39 303 126 371 darn
148 305 260 372 modos
282 307 483 392 producunt3
506 308 593 376 Deus
622 321 729 376 autern
759 311 867 396 ipsum
890 330 950 374 esse
972 310 1110 396 largitur

40 392 221 466 creaturis,
243 410 325 474 quae
347 392 483 476 proinde
505 413 523 456 a
542 391 613 458 'Deo
636 391 840 479 dependent,
862 412 926 456 non
949 394 1054 459 solum
1077 406 1112 458 ut

43 472 152 548 fiant,
175 472 232 538 sed
261 483 295 537 ut
316 485 525 558 permaneant
551 476 585 539 io
613 496 701 552 esse,
731 472 817 560 quod
846 495 921 540 acce
946 485 1052 540 erunt.
1076 475 1111 537 ln

43 556 113 619 hoc
134 567 241 622 autem
254 553 339 619 Deus
361 565 410 621 est
430 577 526 622 causa
550 556 804 643 perfectissima,
826 568 896 624 etc
932 557 1111 628 cecissima,

44 639 129 722 quia
150 636 221 758 lpsp
242 638 330 703 solus
351 651 398 706 est
420 659 439 702 a
460 660 511 716 se;
534 650 640 707 cetera
662 661 739 707 vero
761 641 830 704 sine
852 640 926 725 lpso
954 662 1022 706 esse
1052 661 1114 703 non

76 731 187 783 ossunt
214 770 222 782 .

47 741 164 865 ⁹172.
186 800 295 868 Obiic.
321 800 357 866 2⁰
379 801 551 879 Quaelibet
578 824 629 868 res
661 803 816 869 naturalis
845 801 948 869 tendit
975 801 1016 868 ad
1043 821 1112 866 esse.

47 885 142 968 Ergo
165 893 268 966 potest
289 885 478 950 naturaliter
498 885 684 950 conservari
707 887 842 962 inesse,
866 883 1004 970 ideoque
1026 885 1116 949 Divi·

47 987 115 1029 nae
137 968 273 1031 actionis
295 967 421 1032 influxu
443 989 506 1033 non
529 968 665 1054 indiget.

97 1048 166 1113 173.
191 1049 307 1113 Paucis
328 1052 375 1114 sic
396 1049 569 1134 respondet
589 1071 615 1114 s.
639 1049 794 1114 Thomas:
810 1072 828 1113 n
842 1047 932 1114 Licet
952 1046 1116 1134 quaelibet

48 1149 109 1193 res
124 1132 313 1197 naturaliter
325 1143 454 1218 appetat
468 1133 518 1197 sui
534 1131 823 1208 conservationem,
837 1151 900 1195 non
913 1141 1018 1197 tamen
1030 1129 1115 1217 quod

49 1231 74 1273 a
98 1233 131 1276 se
153 1225 374 1290 conservetur,
398 1214 453 1280 sed
476 1236 495 1279 a
515 1236 573 1279 sua
597 1215 715 1279 causa²
731 1237 759 1277 n.

344 1341 412 1392 Aur.
425 1340 469 1394 ΙΙΙ.
482 1371 515 1381 -
525 1342 563 1394 lla
582 1357 713 1394 concursu
733 1341 825 1394 Divino

99 1450 168 1513 174.
192 1449 414 1535 Dependentia
436 1461 657 1518 creaturarum
680 1449 715 1514 in
736 1447 860 1534 agendo
881 1448 921 1512 ab
944 1459 1016 1513 actu
1032 1448 1121 1513 Divi-

53 1553 118 1596 nae
148 1531 331 1597 Voluntatis
355 1553 542 1598 concursum
569 1533 724 1597 Divinum
746 1533 915 1598 constituit
931 1579 939 1608 ,
951 1531 1020 1698 'pul
1050 1551 1121 1615 pro-

53 1614 134 1678 inde
153 1614 282 1679 doliniri
311 1625 434 1699 potest:
458 1616 557 1679 Actus
576 1615 711 1679 Diuinae
740 1613 908 1678 uoluntatis
935 1635 950 1676 e
984 1613 1122 1678 cienter³

50 1696 189 1842 {nilacus
212 1699 244 1761 in
268 1707 485 1762 deuterorum
506 1700 656 1774 actiones,
681 1717 755 1782 quus
777 1696 817 1760 ud
837 1695 974 1760 ordinem
995 1707 1122 1759 nutura-

71 1799 119 1841 σπι
166 1788 320 1845 sectant.

102 1861 171 1926 175.
220 1861 409 1946 istinguitur
428 1870 536 1927 autem
557 1861 610 1926 lsic
631 1879 807 1927 concursus
830 1861 865 1924 in
879 1858 1062 1934 mediatum,
1078 1866 1123 1921 at·

84 1963 124 2007 ue
143 1945 368 2010 immediatum.
392 1943 550 2008 Modiolus
573 1943 606 2008 in
627 1963 666 2008 eo
688 1951 812 2008 tanturn
837 1943 1010 2016 consistit,
1036 1937 1123 2025 quod

92 2047 150 2091 eus
171 2030 269 2104 vires,
292 2024 412 2110 quihus
433 2036 601 2092 creaturae
624 2034 735 2110 agunt,
758 2032 943 2099 conservet3
959 2023 1123 2088 immedin-

55 2120 113 2172 tus
138 2111 169 2174 in
191 2131 242 2187 eo,
264 2107 352 2194 quod
368 2106 466 2185 Deus,
481 2117 517 2174 ut
538 2127 635 2173 causa
656 2108 773 2190 prima,
788 2127 862 2172 cuns
886 2106 955 2190 ipsa
977 2114 1125 2169 creatura

54 2203 225 2274 operante,
248 2203 285 2257 ut
304 2211 402 2255 causa
423 2187 572 2266 secunda,
595 2197 765 2286 operetur,
789 2197 884 2274 atque
908 2185 1059 2252 eumdem
1079 2185 1126 2250 el-

60 2269 185 2339 lectum
217 2295 291 2338 cum
315 2273 369 2338 illa
391 2271 572 2358 producat3
594 2291 660 2336 sive
682 2270 888 2337 existentiam
909 2269 1041 2334 allectus
1069 2289 1127 2332 sua

56 2363 97 2420 et
120 2354 189 2441 ipse
211 2355 298 2421 Deus
323 2356 449 2421 actione
471 2353 656 2419 immediate
679 2351 830 2437 attingit3
854 2373 896 2416 ex
922 2372 988 2435 quo
1009 2349 1068 2426 lit,
1090 2359 1128 2444 ut

55 2457 238 2584 copcursus
267 2436 473 2504 immediatus
505 2435 603 2501 etiam
627 2433 832 2500 simultaneus
857 2435 891 2499 in
912 2433 1028 2499 scholis
1060 2430 1127 2496 dics

59 2529 178 2586 sucat.

484 2670 766 2684 ·--—-——-——

103 2758 111 2796 ¹
132 2751 169 2808 Cl
182 2769 205 2806 s.
225 2751 332 2814 Thoan„
354 2759 384 2806 ln
402 2757 448 2808 titi.
468 2759 587 2815 isson,
607 2753 673 2806 Dist.
693 2751 834 2813 xxxvii,
854 2768 882 2818 q.
904 2751 931 2812 l,
951 2765 977 2801 a.
1002 2753 1011 2800 t
1034 2752 1083 2801 sot,
1103 2755 1130 2800 et

61 2831 99 2880 ad
119 2828 145 2878 a.
167 2826 233 2878 llinc
252 2843 275 2878 s.
295 2825 457 2892 Augustinus
475 2831 574 2879 aiebat.
605 2848 617 2874 ι
640 2825 729 2892 Neque
748 2829 842 2885 euim,
863 2829 933 2875 sicut
951 2828 1067 2874 structor
1085 2835 1130 2872 ae-

61 2905 140 2954 dium
158 2915 220 2950 eum
240 2899 427 2960 lubricaverit,
453 2901 590 2960 abscedit,
610 2905 690 2963 atque
715 2899 762 2949 illo
781 2904 920 2956 cessante,
941 2902 1021 2960 atque
1041 2895 1132 2946 absco-

61 2978 160 3029 deute.
179 2979 232 3023 stat
249 2987 316 3035 opus
334 2975 408 3032 eius;
427 2975 463 3023 ita
484 2974 597 3024 mundus
615 2975 658 3023 rel
682 2975 735 3022 istu
755 2973 825 3022 oculi
844 2976 913 3021 stare
933 2970 1044 3032 poterit,
1065 2969 1086 3018 sl
1106 2968 1131 3016 ei

63 3047 137 3100 Deus
157 3047 273 3109 regimen
290 3048 331 3096 soi
350 3046 506 3097 subtraxerit
522 3065 547 3104 η
562 3050 601 3096 ils
613 3047 677 3096 Gen.
692 3047 726 3094 nd
745 3045 803 3104 nn..
821 3042 867 3093 lib.
882 3040 927 3101 Ν,
941 3056 967 3092 c.
985 3039 1028 3099 12,
1042 3055 1069 3090 n.
1083 3039 1130 3090 22.

103 3120 183 3183 ²Qq.
203 3121 299 3182 diepp..
321 3121 357 3169 lte
378 3121 447 3177 Pet..
467 3134 494 3182 q.
517 3116 549 3178 V,
568 3134 595 3169 a.
618 3119 629 3167 l
651 3117 684 3167 sd
706 3117 749 3166 ta.

104 3192 117 3228 ³
136 3189 253 3241 Diximus
272 3193 416 3259 efficicitur,
437 3197 466 3240 ut
486 3192 650 3254 intelligatur
667 3202 838 3246 concussum,
857 3187 891 3237 de
909 3199 963 3250 quo
983 3184 1027 3234 hie
1047 3183 1133 3247 loqui-

67 3278 150 3323 mur,
168 3276 227 3314 esse
243 3265 397 3327 physicum,
417 3277 464 3312 ssu
482 3263 644 3320 huiusmodi,
666 3267 695 3310 nt
716 3260 784 3311 Deus
800 3275 848 3326 psr
866 3260 970 3310 modum
989 3262 1086 3320 opuntis
1106 3257 1133 3304 in

65 3338 188 3389 actiones
207 3341 392 3385 creaturarum
411 3336 514 3386 influat.
534 3334 583 3401 Qui
602 3334 711 3398 quidem
732 3346 876 3384 consonus
894 3331 927 3381 ab
946 3330 1009 3387 illo,
1030 3331 1074 3393 qui
1093 3329 1134 3377 di-

67 3413 142 3461 citnr
158 3409 277 3462 narniis,
297 3414 324 3457 st
344 3409 369 3457 in
388 3408 539 3468 alliciendo,
554 3407 728 3466 consulendo,
744 3404 917 3463 adhortando,
931 3401 1055 3453 terrendo
1070 3413 1134 3451 con-

67 3481 150 3537 sistit,
169 3480 289 3544 apprlme
307 3480 487 3544 distinguitur.

106 3551 118 3590 ⁴
138 3551 254 3603 lttsimns
273 3555 308 3602 ud
326 3556 443 3604 ordinem
461 3554 626 3612 notorulsns,
647 3551 709 3616 quis
728 3550 945 3614 supernaturales
964 3550 1041 3597 actus
1059 3558 1135 3596 crea-

68 3634 193 3676 turarum
211 3625 330 3691 speciali,
349 3630 378 3678 ut
395 3626 589 3691 supernaturali
608 3624 717 3682 auxilio,
738 3623 808 3688 quod
827 3624 914 3688 aratio
932 3620 1041 3680 dicitur,
1054 3629 1135 3680 erpo-

68 3698 182 3754 stolam.
