2475 3909
470 206 724 257 currumocoout
1029 191 1091 259 275

63 286 146 357 Gom
168 290 271 377 igitur
292 289 356 357 sint
378 287 418 353 aii
445 312 484 355 uu
510 294 715 378 pronuntiata
737 290 818 355 adeo
838 312 879 355 ex
900 312 934 356 se
959 292 1038 378 ipsis
1060 316 1132 381 per-

62 375 190 458 spicua,
214 385 251 439 ut
271 394 308 437 ea
331 374 364 436 in
386 310 522 438 dubium
546 394 700 438 revocare
716 372 810 437 uobis
824 393 886 436 non
909 373 1014 453 liceat,
1032 375 1132 462 liquet

63 476 127 519 non
151 456 255 520 sotum
280 476 342 521 non
368 468 517 540 oportere
546 455 677 521 iliorum
704 453 1011 520 demonstrationem
1040 458 1132 522 exhi·

62 534 153 613 bere,
170 536 225 603 sed
248 560 287 603 ne
307 536 408 602 uliam
433 536 566 623 quidem
588 537 841 603 controversiam
863 536 903 601 de
924 538 1055 602 iilorum
1077 560 1131 603 re·

64 620 161 685 ritate
185 640 276 705 posse
299 618 436 685 institui.
461 620 544 684 Hinc
573 618 654 684 iilud
676 617 945 686 scholasticorum
971 620 1128 695 effatum,

65 701 266 767 eoncedente·
282 704 447 785 principio
466 702 646 787 respondere
666 702 759 786 nesus.

197 824 263 875 bnt.
278 822 326 875 111.
339 854 371 862 -
383 824 571 891 Scepticismus
590 829 700 878 criticos
719 828 856 891 speciatim
875 827 1007 878 refutatur

107 934 176 1000 119.
200 933 266 1009 lis,
290 954 373 1017 quae
394 934 546 1001 adversus
567 935 725 1001 Kantium
747 933 826 1000 aiibi
849 932 1129 1011 observavimus¹,

62 1018 148 1083 hanc
168 1013 339 1081 adiicimus
361 1015 632 1103 Propositiouem,
654 1037 738 1106 quae
761 1017 801 1081 ad
823 1015 1037 1082 refellendum
1059 1017 1131 1081 eius

62 1098 306 1245 scepticismum
328 1101 463 1186 propius
486 1110 618 1184 spectat:

134 1180 312 1245 riticiamus
335 1191 400 1245 tom
424 1182 459 1244 in
479 1202 603 1257 exorsu,
619 1193 686 1246 tum
708 1182 744 1243 in
762 1181 912 1258 metbodo,
929 1191 996 1243 tum
1012 1182 1049 1243 in
1062 1201 1132 1244 coc-

63 1262 202 1327 cluaione
223 1275 354 1348 systema
374 1262 436 1327 sibi
456 1284 629 1349 repugnans
649 1286 680 1329 se
695 1263 814 1349 prodit.

109 1344 272 1409 Probatur
293 1344 326 1409 1⁸
350 1364 435 1429 pars;
457 1367 583 1433 nempe,
606 1348 747 1412 Kantius
766 1365 842 1408 cum
857 1345 891 1409 iu
905 1364 982 1411 suae
1004 1346 1131 1409 criticae

63 1446 186 1492 exorsu
209 1428 405 1512 investigare
432 1428 564 1505 nititur,
591 1440 701 1495 utrum
725 1427 866 1511 cognitio
891 1428 933 1491 sit
954 1426 1130 1512 possibilis,

63 1506 240 1574 absurdam
272 1512 495 1595 quaestionem
527 1511 712 1577 solvendam
750 1509 895 1593 suscipit.
924 1509 972 1574 Re
997 1508 1132 1594 quidem

66 1612 161 1669 vera,
185 1591 241 1676 qui
264 1592 421 1677 inquirit,
445 1602 554 1657 utrum
576 1590 700 1679 utiquid
722 1591 804 1655 scire
827 1591 944 1671 possit,
968 1612 1078 1667 necne,
1103 1592 1131 1653 is

63 1685 155 1739 certe
178 1683 264 1740 tenet
284 1694 317 1738 se
343 1674 422 1740 nihii
445 1677 538 1740 scire.
563 1677 662 1763 Atqui
684 1675 757 1752 itte,
779 1676 838 1759 qui
860 1673 943 1737 nihil
966 1675 1037 1749 scit,
1061 1672 1132 1739 nui-

64 1756 133 1819 lam
155 1754 399 1840 inquisitionem
421 1759 589 1824 instituere
611 1768 732 1844 potest,
755 1776 829 1819 uam
851 1775 981 1820 necesse
1001 1768 1072 1830 est,
1094 1765 1132 1819 ut

65 1839 126 1922 qui
150 1836 272 1922 aliquid
296 1838 442 1923 inquirit,
459 1841 683 1917 instrumenta,
706 1859 766 1923 per
786 1858 870 1922 quac
892 1837 1061 1923 inquisitio
1083 1835 1129 1911 fit,

64 1930 251 2004 cognoscat.
274 1920 361 2005 Ergo
390 1919 528 1987 absurda
550 1930 599 1987 est
621 1921 698 1996 itta,
721 1940 819 2005 quam
839 1919 981 1985 Kantius
1007 1918 1132 1985 soivec-

65 2000 143 2065 dam
165 2001 315 2086 suscipit,
338 2006 499 2087 quaestio,
522 2026 563 2067 cn
583 2004 715 2086 cognitio
736 2004 776 2066 eit
794 2002 963 2087 possibilis.

111 2081 181 2148 tao.
197 2083 356 2149 Probatur
368 2082 405 2149 2⁸
420 2106 507 2172 pars;
530 2107 647 2172 nempe
669 2084 830 2150 absurdus
851 2093 900 2149 est
921 2082 1050 2159 modus,
1063 2106 1130 2171 quo

64 2162 207 2231 Kantius
228 2167 375 2231 criticam
403 2188 494 2234 suam
521 2166 680 2233 conficere
707 2166 841 2232 studuit.
865 2167 1039 2232 Enimvero
1060 2168 1131 2255 ipsa

64 2244 234 2313 contendit
255 2249 321 2312 vim
342 2250 539 2335 cognitionis
560 2272 580 2314 o
597 2250 704 2334 priori
720 2247 975 2334 investigandam
989 2270 1070 2326 esse,
1085 2250 1132 2315 ita

65 2339 106 2393 ut
126 2330 255 2393 animus
277 2330 378 2429 ipsam
400 2332 637 2417 experientiam
659 2333 851 2397 existentiae
872 2331 923 2395 sui
949 2354 967 2397 a
989 2351 1023 2394 se
1048 2331 1131 2396 abii-

65 2411 146 2475 ciat.
168 2412 269 2495 Atqui
290 2411 323 2478 rd
350 2411 434 2477 haud
459 2414 610 2499 possibile
633 2424 697 2493 est,
714 2422 784 2478 tum
798 2410 882 2500 quod
906 2411 977 2478 fieri
999 2417 1132 2478 omnino

66 2493 196 2576 nequit,
213 2504 251 2558 ut
270 2493 365 2559 homo
387 2514 421 2561 se·
440 2495 550 2580 ipsum
572 2496 684 2582 aliquo
706 2494 805 2561 modo
820 2494 971 2561 affectum
992 2516 1055 2560 non
1075 2516 1132 2559 ex·

66 2576 229 2660 periatur,
251 2586 319 2641 tum
341 2576 428 2661 quud
449 2578 505 2662 qui
531 2600 564 2645 sc
579 2599 646 2643 esse
669 2598 732 2644 nou
755 2579 833 2653 scit,
860 2578 973 2663 utique
1001 2578 1131 2643 ratioci-

64 2656 142 2721 nari
166 2678 230 2721 nou
245 2668 360 2743 potest,
372 2661 449 2745 quia
465 2660 526 2725 nisi
542 2659 696 2725 sciremus
720 2681 777 2723 uos
798 2680 879 2738 esse,
892 2659 949 2745 qui
964 2660 1129 2746 principia

65 2740 307 2824 cognoscimus,
322 2740 559 2807 conclusionem
581 2742 679 2807 exiis
697 2740 783 2806 haud
805 2740 926 2806 inferre
946 2762 1125 2828 possemus.

66 2822 158 2906 Ergo
182 2821 306 2899 modus,
322 2844 388 2908 quo
402 2824 540 2889 Kantius
554 2826 701 2891 criticum
716 2822 947 2889 conficiendam
967 2846 1036 2891 esse
1057 2844 1131 2889 con·

70 2903 193 2982 tendit,
206 2903 365 3050 pluribus
386 2913 487 2974 scatet
507 2905 667 2971 absurdis.

110 2984 181 3049 121.
236 2984 363 3053 robatur
383 2987 417 3057 3⁸
463 3008 527 3065 ars;
549 3009 623 3053 nem
687 2987 809 3052 nuliam
831 2988 897 3052 vim
919 2989 1022 3054 inesse
1038 3008 1131 3074 posse

67 3066 269 3133 conclusioni
285 3071 408 3136 critices
423 3010 613 3135 lbantianae.
626 3009 674 3135 blot
687 3090 761 3134 sane
783 3069 897 3133 critico
917 3073 1052 3137 rationis
1067 3091 1133 3135 uon

65 3149 133 3215 uisi
156 3150 227 3233 ipsa
249 3152 372 3218 ratione
394 3151 464 3218 fieri
486 3161 601 3237 potest,
624 3150 723 3237 idque
744 3153 894 3236 exempto
918 3153 1020 3237 ipsius
1043 3153 1131 3218 Kan-

70 3232 108 3297 tii
132 3230 325 3311 declaratur,
346 3236 405 3321 qui
426 3256 487 3321 ope
516 3234 650 3300 rationis
677 3244 821 3299 evertere
842 3247 978 3300 conatur
997 3237 1131 3302 certitu-

68 3311 180 3379 dinem
212 3312 403 3383 obiectivam
433 3316 589 3393 rationis,
613 3325 647 3383 et
668 3314 881 3396 facultatum,
903 3338 988 3402 quae
1008 3316 1132 3383 rationi

68 3394 273 3463 antecedunt.
297 3399 395 3485 Atqui
418 3398 525 3475 ratio,
548 3420 621 3463 cum
642 3400 695 3465 sui
716 3396 822 3485 ipsius
843 3409 1010 3477 naturam,
1032 3412 1064 3468 et
1085 3400 1132 3467 ri·

69 3498 122 3543 res
142 3478 323 3566 investigat,
348 3480 458 3566 procul
480 3477 580 3545 dubio
601 3482 714 3567 nequit
739 3482 1042 3567 investigationibus
1064 3484 1132 3549 suis

416 3604 734 3615 *mu——

107 3676 116 3711 ¹
139 3668 174 3725 Cf
190 3689 217 3739 p.
240 3676 303 3739 238,
323 3682 350 3728 ot
369 3678 492 3742 tdectop„
513 3690 538 3727 o.
559 3674 580 3737 1,
601 3690 627 3728 a.
649 3676 677 3740 1,
698 3692 726 3743 p.
746 3677 795 3730 20¹
818 3691 860 3743 sq.
928 3745 949 3785 *
