2475 3909
474 172 747 223 nnrnaorouocra
1032 158 1088 223 251

66 257 180 323 Primo
206 267 356 324 contactu
389 263 553 343 tangentia
579 256 736 323 dicuntur
761 279 797 322 ea
825 281 842 321 o
864 278 947 343 quae
973 260 1135 325 uniuntur

67 339 246 405 secundum
268 341 385 405 ultima
407 340 599 425 quantitatis
624 360 653 415 »;
676 339 761 404 unde
777 341 809 404 in
824 338 1018 424 corporibus
1039 362 1134 426 opor·

66 432 112 486 tet
134 444 151 481 c
176 432 326 486 mutuum
341 442 410 487 esse
433 434 552 488 tactum
569 421 580 460 ¹
597 445 626 485 n.
648 422 821 488 Contactus
843 422 971 487 virtutis
993 425 1135 507 pertinet

65 501 107 565 ad
128 522 177 576 ea,
201 523 297 587 quae,
318 504 378 570 etsi
401 526 419 567 u
442 505 476 568 in
490 504 680 589 quantitatis
700 502 823 568 ultimis
843 523 907 567 non
930 512 1072 585 tangant,
1087 503 1134 568 di·

65 592 184 647 cuntur
204 584 416 651 nibilominus
448 597 601 681 tangere,
626 587 819 671 inquantum
847 595 948 668 agunt
970 586 983 620 ¹
1009 605 1038 647 n.
1065 584 1134 675 Huc

64 674 175 731 autem
199 675 283 731 tactu
305 667 482 733 substantia
506 667 751 742 immaterialis,
775 686 856 751 quae
878 678 927 729 est
948 665 1134 730 indivisibi-

65 745 118 821 lis,
152 756 233 811 otest
249 768 377 814 movere
393 768 523 831 corpus,
539 748 625 831 quod
640 759 688 815 cst
701 746 859 833 quaedam
874 747 1034 843 quantitas
1049 746 1135 813 divi-

64 767 183 892 sibilis.
200 828 283 893 Nam
299 840 385 896 tactu
407 850 566 913 corporeo
584 829 629 905 id,
654 829 740 915 quod
757 841 805 894 est
827 826 1041 903 indivisibile,
1056 839 1134 913 puta

65 919 244 995 punctum,
267 932 332 975 non
360 921 465 996 potest
491 922 645 996 tangere,
670 912 732 975 nisi
756 908 889 994 aliquod
914 908 1133 987 indivisibile;

63 1002 99 1057 at
118 1000 205 1056 tactu
227 993 360 1057 virtutis
387 991 563 1058 substantia
598 993 828 1057 immaterialis
861 1001 965 1076 potest
997 1002 1132 1077 tangere

65 1074 276 1156 quantitatem
292 1073 501 1140 divisibilem.
524 1099 541 1135 u
565 1073 750 1139 Substantia
768 1074 1005 1149 intellectualis,
1021 1093 1136 1157 quam-

66 1155 118 1218 vis
139 1157 182 1217 sit
204 1153 439 1230 indivisibilis,
468 1166 571 1252 potest
593 1167 723 1241 tangere
746 1158 959 1241 quantitatem
988 1154 1136 1220 divisibi-

65 1236 153 1309 lem,
177 1236 370 1319 inquantum
397 1240 465 1321 agit
489 1259 520 1301 in
545 1239 658 1321 ipsam.
682 1237 758 1301 Alio
782 1238 868 1301 enim
898 1234 993 1300 modo
1016 1247 1065 1301 est
1088 1239 1136 1302 io-

65 1315 233 1381 divisibile
257 1329 430 1399 punctum,
454 1329 486 1382 et
507 1316 686 1382 substantia
710 1318 947 1383 intellectualis.
975 1318 1134 1383 Punctum

64 1397 200 1483 quidem
222 1409 269 1463 est
290 1400 375 1464 sicut
402 1401 592 1483 quantitatis
620 1401 799 1477 terminus,
823 1410 855 1463 et
876 1396 952 1463 ideo
978 1398 1072 1464 babet
1093 1401 1136 1465 si-

66 1489 138 1544 tum
160 1479 410 1547 determinatum
440 1484 473 1545 in
496 1482 673 1555 continuo,
696 1481 901 1565 ultraquam
924 1482 1047 1565 porrigi
1072 1503 1134 1545 non

66 1570 195 1647 potcst;
225 1562 403 1629 substantia
436 1573 545 1627 autern
579 1560 804 1628 intellectualis
836 1572 885 1626 est
911 1559 1135 1637 indivisibilis,

66 1644 161 1728 quasi
183 1657 275 1710 extra
299 1664 401 1740 penus
422 1645 612 1727 quantitatis
634 1645 788 1719 existens3
804 1642 890 1707 unde
907 1662 970 1705 non
984 1640 1135 1707 determi-

66 1726 217 1790 naturai
242 1723 442 1790 indivisibile
470 1724 594 1810 aliquid
621 1726 810 1820 quantitatis
836 1722 878 1789 ad
899 1723 1061 1807 agendum
1076 1725 1087 1761 ⁸
1103 1748 1134 1788 n.

67 1808 138 1871 lam
160 1808 302 1871 animam
324 1827 388 1870 non
411 1806 472 1869 nisi
497 1816 583 1871 tactu
605 1808 736 1872 virtutis
764 1826 893 1872 movere
914 1825 1033 1890 corpus
1055 1805 1134 1871 alibi

67 1910 87 1953 a
110 1887 205 1952 nobis
226 1899 389 1954 ostensum
410 1897 459 1951 est
473 1889 497 1950 ⁴.
521 1890 573 1953 Ex
594 1908 634 1951 co
656 1888 770 1971 igitur,
793 1886 879 1972 quod
901 1887 1008 1949 anima
1031 1898 1137 1953 movet

67 1989 203 2053 corpus,
224 1968 303 2033 nibil
327 1969 398 2033 eius
420 1969 621 2054 simplicitati
643 1989 827 2053 repugnans
848 1969 1067 2051 consequitur.

111 2051 180 2117 146.
203 2052 280 2116 lnst.
297 2052 330 2117 Si
347 2050 452 2113 anima
469 2053 570 2118 instar
581 2050 840 2120 «ubstantiarum
863 2050 1132 2114 immaterialium

67 2153 186 2217 corpus
201 2141 355 2206 moveret,
371 2131 555 2196 huiusmodi
581 2144 687 2197 motus
701 2153 742 2196 ex
758 2133 846 2195 nulla
868 2130 1050 2198 resistentia
1065 2153 1138 2195 cor·

69 2236 169 2300 porea
191 2214 276 2278 vinci
299 2224 416 2298 posset.
433 2217 534 2298 Atqui
553 2226 670 2289 motus,
686 2235 785 2298 quem
807 2214 914 2279 anima
937 2210 1089 2297 producit
1104 2214 1136 2277 in

68 2314 229 2379 corpore,
251 2296 396 2360 vincitur
420 2315 438 2358 a
465 2296 649 2360 resistentia
680 2296 847 2361 materiae.
870 2297 909 2360 E.
934 2313 987 2376 g.,
1008 2296 1034 2359 si
1064 2294 1138 2358 bra-

67 2377 143 2443 cbio
166 2377 279 2524 iqlgens
302 2376 430 2462 pondus
462 2375 688 2463 appendatur,
703 2376 826 2461 ipsum
853 2375 998 2443 attollere
1024 2376 1138 2462 nequi·

69 2479 157 2524 mus.
211 2478 280 2521 ro.

112 2539 181 2606 tar.
205 2478 303 2624 disp.
327 2538 413 2602 Dist.
436 2537 528 2614 moi„
550 2537 578 2602 si
600 2539 644 2604 sit
665 2536 844 2604 substantia
873 2558 961 2603 mero
990 2537 1138 2601 immate-

67 2620 174 2699 rialis,
195 2630 329 2685 transeat
349 2621 439 2695 moi,
463 2620 491 2683 si
513 2622 556 2684 sit
577 2620 623 2685 ita
645 2620 893 2697 immaterialis,
916 2630 953 2684 ut
973 2618 1071 2683 simul
1094 2619 1137 2684 sit

66 2702 218 2788 corporis
239 2702 357 2778 forma,
384 2722 451 2784 nep.
474 2702 551 2765 moi.
574 2702 658 2766 Dist.
682 2703 781 2769 etiam
808 2703 903 2778 mim,
926 2696 959 2765 e't
980 2700 1039 2765 boc
1060 2721 1137 2764 eve-

67 2783 119 2851 nit
131 2785 256 2850 ratione
280 2784 383 2866 ipsius
396 2784 536 2856 animae,
549 2802 616 2864 nep.
632 2786 726 2859 mim,
742 2784 866 2850 ratione
885 2782 1044 2867 corporis,
1060 2801 1135 2845 curn

65 2886 135 2949 quo
155 2866 227 2951 ipsa
239 2865 461 2948 coniungitur,
476 2885 561 2928 cone.
578 2864 657 2929 mio.
673 2866 753 2946 Nep.
768 2886 851 2930 coos.
868 2864 1022 2929 Diximus
1035 2875 1136 2927 trans-

67 2960 144 3022 eat,
164 2968 239 3011 nam
270 2946 297 3010 si
331 2946 514 3030 propositio
543 2945 602 3009 boc
629 2966 724 3011 sensu
751 2946 951 3031 accipiatur,
979 2953 1138 3031 quatenus

67 3025 250 3093 substantia
264 3026 502 3103 immaterialis,
516 3027 575 3091 etsi
597 3024 701 3102 linita,
723 3027 952 3112 quodcumque
974 3045 1070 3110 agere
1085 3042 1138 3087 va·

67 3107 146 3185 leat,
168 3107 404 3195 prorsus'lalsa
424 3118 474 3175 est
487 3111 512 3172 ⁵.
536 3105 585 3173 dd
607 3109 750 3174 animam
770 3108 942 3177 humanam
963 3104 1051 3193 quud
1065 3104 1138 3168 atti-

110 3344 122 3384 ⁸
142 3348 231 3400 contr.
251 3348 338 3405 Geor..
358 3347 413 3397 loc.
432 3342 703 3397 otr.-²1ttu.-³
723 3344 788 3394 rota.
931 3394 932 3397 ,

108 3416 121 3456 ⁴
140 3414 177 3471 Gt
192 3421 321 3483 Duram„
343 3420 396 3469 loe.
415 3420 476 3474 otta
495 3418 624 3468 clettam
643 3428 671 3479 p·
691 3414 756 3473 228,
776 3418 834 3465 not.
853 3415 882 3466 t.

107 3487 178 3540 ³bd
197 3504 255 3539 rem
273 3504 296 3541 ι.
317 3486 443 3542 Thamari
467 3507 478 3537 ι
500 3484 568 3540 Cum
589 3490 674 3539 rtrtus
693 3488 726 3537 stt
745 3486 830 3536 media
851 3486 920 3535 tuter
937 3484 1091 3545 assentiam,
1112 3492 1141 3538 et

70 3562 271 3625 operationem,
291 3566 396 3629 oportet
413 3561 484 3627 quud
504 3562 607 3619 virtus,
627 3559 792 3621 vituperatio
811 3558 1012 3609 cuiuslibetrei
1033 3570 1142 3621 proper-

73 3638 191 3693 timetur
209 3635 341 3689 ementire
360 3634 510 3694 stanam
521 3632 669 3688 meandum
689 3632 740 3687 boc
760 3630 830 3688 aeuo
849 3627 944 3699 tono
963 3630 1094 3700 limitatur
1107 3629 1141 3685 td
