<?xml version="1.0" encoding="UTF-8"?>
<!DOCTYPE html PUBLIC "-//W3C//DTD XHTML 1.0 Transitional//EN"
    "http://www.w3.org/TR/xhtml1/DTD/xhtml1-transitional.dtd">
<html xmlns="http://www.w3.org/1999/xhtml" xml:lang="en" lang="en">
 <head>
  <title>
</title>
<meta http-equiv="Content-Type" content="text/html;charset=utf-8" />
  <meta name='ocr-system' content='tesseract 3.04.00' />
  <meta name='ocr-capabilities' content='ocr_page ocr_carea ocr_par ocr_line ocrx_word'/>
</head>
<body>
  <div class='ocr_page' id='page_1' title='image "./philosophiachri00sansgoog_0058.png"; bbox 0 0 2475 3909; ppageno 0'>
   <div class='ocr_carea' id='block_1_1' title="bbox 139 145 739 207">
    <p class='ocr_par' dir='ltr' id='par_1_1' title="bbox 139 145 739 207">
     <span class='ocr_line' id='line_1_1' title="bbox 139 145 739 207; baseline 0.013 -13"><span class='ocrx_word' id='word_1_1' title='bbox 139 145 181 207; x_wconf 70' lang='lat' dir='ltr'>ne</span> <span class='ocrx_word' id='word_1_2' title='bbox 368 170 370 179; x_wconf 73' lang='lat'>‹</span> <span class='ocrx_word' id='word_1_3' title='bbox 537 154 739 202; x_wconf 80' lang='lat' dir='ltr'>coorcnn</span> 
     </span>
    </p>
   </div>
   <div class='ocr_carea' id='block_1_2' title="bbox 99 236 1186 887">
    <p class='ocr_par' dir='ltr' id='par_1_2' title="bbox 99 236 1181 389">
     <span class='ocr_line' id='line_1_2' title="bbox 99 236 1181 331; baseline -0.006 -23"><span class='ocrx_word' id='word_1_4' title='bbox 99 241 324 331; x_wconf 70' lang='lat' dir='ltr'>hypotheticus</span> <span class='ocrx_word' id='word_1_5' title='bbox 347 239 378 299; x_wconf 90' lang='lat' dir='ltr'>in</span> <span class='ocrx_word' id='word_1_6' title='bbox 401 256 595 313; x_wconf 76' lang='lat' dir='ltr'>connexum,</span> <span class='ocrx_word' id='word_1_7' title='bbox 618 238 840 313; x_wconf 88' lang='lat' dir='ltr'>coniunctum,</span> <span class='ocrx_word' id='word_1_8' title='bbox 856 248 888 301; x_wconf 88' lang='lat' dir='ltr'>et</span> <span class='ocrx_word' id='word_1_9' title='bbox 908 236 1111 305; x_wconf 88' lang='lat' dir='ltr'>disiunctum</span> <span class='ocrx_word' id='word_1_10' title='bbox 1125 237 1181 302; x_wconf 94' lang='lat' dir='ltr'>di-</span> 
     </span>
     <span class='ocr_line' id='line_1_3' title="bbox 101 324 290 389; baseline -0.026 -2"><span class='ocrx_word' id='word_1_11' title='bbox 101 325 163 389; x_wconf 92' lang='lat' dir='ltr'>stin</span> <span class='ocrx_word' id='word_1_12' title='bbox 214 324 290 387; x_wconf 87' lang='lat' dir='ltr'>itur.</span> 
     </span>
    </p>

    <p class='ocr_par' dir='ltr' id='par_1_3' title="bbox 101 397 1186 887">
     <span class='ocr_line' id='line_1_4' title="bbox 142 397 1181 487; baseline -0.005 -19"><span class='ocrx_word' id='word_1_13' title='bbox 142 405 158 468; x_wconf 92' lang='lat'>1</span> <span class='ocrx_word' id='word_1_14' title='bbox 186 424 211 467; x_wconf 84' lang='grc' dir='ltr'><strong><em>ι.</em></strong></span> <span class='ocrx_word' id='word_1_15' title='bbox 236 404 348 487; x_wconf 87' lang='lat' dir='ltr'>ltaque</span> <span class='ocrx_word' id='word_1_16' title='bbox 370 397 574 485; x_wconf 75' lang='lat' dir='ltr'><strong>syllogismus</strong></span> <span class='ocrx_word' id='word_1_17' title='bbox 601 419 756 463; x_wconf 70' lang='lat' dir='ltr'>connexae</span> <span class='ocrx_word' id='word_1_18' title='bbox 779 399 834 463; x_wconf 92' lang='lat' dir='ltr'>ille</span> <span class='ocrx_word' id='word_1_19' title='bbox 856 407 929 474; x_wconf 91' lang='lat' dir='ltr'>est,</span> <span class='ocrx_word' id='word_1_20' title='bbox 953 400 1074 483; x_wconf 89' lang='lat' dir='ltr'>inquo</span> <span class='ocrx_word' id='word_1_21' title='bbox 1097 420 1181 483; x_wconf 88' lang='lat' dir='ltr'>pro-</span> 
     </span>
     <span class='ocr_line' id='line_1_5' title="bbox 103 479 1182 575; baseline -0.006 -27"><span class='ocrx_word' id='word_1_22' title='bbox 103 486 222 569; x_wconf 79' lang='lat' dir='ltr'><strong>positio</strong></span> <span class='ocrx_word' id='word_1_23' title='bbox 245 484 351 548; x_wconf 88' lang='lat' dir='ltr'>maior</span> <span class='ocrx_word' id='word_1_24' title='bbox 371 487 419 543; x_wconf 90' lang='lat' dir='ltr'>est</span> <span class='ocrx_word' id='word_1_25' title='bbox 439 499 595 543; x_wconf 81' lang='lat' dir='ltr'>connexa.</span> <span class='ocrx_word' id='word_1_26' title='bbox 622 482 661 545; x_wconf 89' lang='lat' dir='ltr'>E.</span> <span class='ocrx_word' id='word_1_27' title='bbox 680 500 730 575; x_wconf 59' lang='lat' dir='ltr'>g„</span> <span class='ocrx_word' id='word_1_28' title='bbox 746 481 786 545; x_wconf 83' lang='lat' dir='ltr'>Si</span> <span class='ocrx_word' id='word_1_29' title='bbox 806 480 870 543; x_wconf 81' lang='lat' dir='ltr'>dies</span> <span class='ocrx_word' id='word_1_30' title='bbox 891 489 945 555; x_wconf 87' lang='grc' dir='ltr'><strong><em>εει,</em></strong></span> <span class='ocrx_word' id='word_1_31' title='bbox 967 479 1025 542; x_wconf 80' lang='lat' dir='ltr'>lux</span> <span class='ocrx_word' id='word_1_32' title='bbox 1047 490 1105 555; x_wconf 85' lang='lat' dir='ltr'>est;</span> <span class='ocrx_word' id='word_1_33' title='bbox 1126 490 1182 543; x_wconf 87' lang='grc' dir='ltr'><strong><em>αι-</em></strong></span> 
     </span>
     <span class='ocr_line' id='line_1_6' title="bbox 101 559 1183 651; baseline -0.004 -22"><span class='ocrx_word' id='word_1_34' title='bbox 101 568 157 651; x_wconf 78' lang='lat' dir='ltr'>qui</span> <span class='ocrx_word' id='word_1_35' title='bbox 177 566 242 629; x_wconf 79' lang='lat' dir='ltr'>dies</span> <span class='ocrx_word' id='word_1_36' title='bbox 265 573 320 639; x_wconf 84' lang='lat' dir='ltr'>est;</span> <span class='ocrx_word' id='word_1_37' title='bbox 341 581 411 643; x_wconf 76' lang='lat' dir='ltr'>erpo</span> <span class='ocrx_word' id='word_1_38' title='bbox 433 561 491 624; x_wconf 74' lang='lat' dir='ltr'>tax</span> <span class='ocrx_word' id='word_1_39' title='bbox 505 571 561 622; x_wconf 86' lang='grc' dir='ltr'><strong><em>εει.</em></strong></span> <span class='ocrx_word' id='word_1_40' title='bbox 585 560 621 623; x_wconf 94' lang='lat' dir='ltr'>ln</span> <span class='ocrx_word' id='word_1_41' title='bbox 637 559 824 625; x_wconf 80' lang='lat' dir='ltr'>huiusmodi</span> <span class='ocrx_word' id='word_1_42' title='bbox 838 560 1045 647; x_wconf 72' lang='lat' dir='ltr'>syllogismis,</span> <span class='ocrx_word' id='word_1_43' title='bbox 1062 561 1089 624; x_wconf 90' lang='lat' dir='ltr'>si</span> <span class='ocrx_word' id='word_1_44' title='bbox 1105 562 1183 625; x_wconf 86' lang='lat' dir='ltr'>sola</span> 
     </span>
     <span class='ocr_line' id='line_1_7' title="bbox 101 639 1184 725; baseline -0.004 -16"><span class='ocrx_word' id='word_1_45' title='bbox 101 647 151 710; x_wconf 81' lang='lat' dir='ltr'>nis</span> <span class='ocrx_word' id='word_1_46' title='bbox 173 646 297 709; x_wconf 82' lang='lat' dir='ltr'>formae</span> <span class='ocrx_word' id='word_1_47' title='bbox 320 639 556 715; x_wconf 81' lang='lat' dir='ltr'>consideretur,</span> <span class='ocrx_word' id='word_1_48' title='bbox 572 640 702 705; x_wconf 84' lang='lat' dir='ltr'>duobus</span> <span class='ocrx_word' id='word_1_49' title='bbox 725 640 829 705; x_wconf 91' lang='lat' dir='ltr'>modis</span> <span class='ocrx_word' id='word_1_50' title='bbox 845 641 969 725; x_wconf 90' lang='lat' dir='ltr'>aliquid</span> <span class='ocrx_word' id='word_1_51' title='bbox 991 651 1078 705; x_wconf 86' lang='lat' dir='ltr'>recte</span> <span class='ocrx_word' id='word_1_52' title='bbox 1100 662 1184 705; x_wconf 90' lang='lat' dir='ltr'>con·</span> 
     </span>
     <span class='ocr_line' id='line_1_8' title="bbox 103 720 1185 866; baseline -0.006 -75"><span class='ocrx_word' id='word_1_53' title='bbox 103 726 270 802; x_wconf 82' lang='lat' dir='ltr'>cluditur3</span> <span class='ocrx_word' id='word_1_54' title='bbox 296 744 411 807; x_wconf 88' lang='lat' dir='ltr'><strong>nempe</strong></span> <span class='ocrx_word' id='word_1_55' title='bbox 435 723 467 786; x_wconf 78' lang='lat'>1⁰</span> <span class='ocrx_word' id='word_1_56' title='bbox 493 724 596 866; x_wconf 90' lang='lat' dir='ltr'>posito</span> <span class='ocrx_word' id='word_1_57' title='bbox 620 720 822 787; x_wconf 76' lang='lat' dir='ltr'>antecedenti</span> <span class='ocrx_word' id='word_1_58' title='bbox 846 722 1080 807; x_wconf 85' lang='lat' dir='ltr'>propositionis</span> <span class='ocrx_word' id='word_1_59' title='bbox 1101 743 1185 785; x_wconf 90' lang='lat' dir='ltr'>con-</span> 
     </span>
     <span class='ocr_line' id='line_1_9' title="bbox 104 802 1186 887; baseline -0.005 -15"><span class='ocrx_word' id='word_1_60' title='bbox 104 828 205 872; x_wconf 84' lang='lat' dir='ltr'>nexae</span> <span class='ocrx_word' id='word_1_61' title='bbox 229 807 263 870; x_wconf 92' lang='lat' dir='ltr'>in</span> <span class='ocrx_word' id='word_1_62' title='bbox 287 804 418 879; x_wconf 90' lang='lat' dir='ltr'>minori,</span> <span class='ocrx_word' id='word_1_63' title='bbox 441 802 490 867; x_wconf 91' lang='lat' dir='ltr'>col</span> <span class='ocrx_word' id='word_1_64' title='bbox 506 804 608 887; x_wconf 81' lang='lat' dir='ltr'>igitur</span> <span class='ocrx_word' id='word_1_65' title='bbox 628 822 828 887; x_wconf 88' lang='lat' dir='ltr'>consequens</span> <span class='ocrx_word' id='word_1_66' title='bbox 849 806 920 868; x_wconf 89' lang='lat' dir='ltr'>eius</span> <span class='ocrx_word' id='word_1_67' title='bbox 941 806 976 868; x_wconf 89' lang='lat' dir='ltr'>in</span> <span class='ocrx_word' id='word_1_68' title='bbox 997 802 1186 867; x_wconf 91' lang='lat' dir='ltr'>conclusio-</span> 
     </span>
    </p>
   </div>
   <div class='ocr_carea' id='block_1_3' title="bbox 103 882 1185 980">
    <p class='ocr_par' dir='ltr' id='par_1_4' title="bbox 103 882 1185 980">
     <span class='ocr_line' id='line_1_10' title="bbox 103 882 1185 980; baseline -0.005 -28"><span class='ocrx_word' id='word_1_69' title='bbox 103 910 154 955; x_wconf 86' lang='lat' dir='ltr'>ne.</span> <span class='ocrx_word' id='word_1_70' title='bbox 179 888 275 951; x_wconf 84' lang='lat' dir='ltr'>Ratio</span> <span class='ocrx_word' id='word_1_71' title='bbox 298 895 357 960; x_wconf 88' lang='lat' dir='ltr'>est,</span> <span class='ocrx_word' id='word_1_72' title='bbox 380 885 468 980; x_wconf 84' lang='lat' dir='ltr'>quod</span> <span class='ocrx_word' id='word_1_73' title='bbox 490 882 681 948; x_wconf 81' lang='lat' dir='ltr'>antecedens</span> <span class='ocrx_word' id='word_1_74' title='bbox 701 904 832 948; x_wconf 88' lang='lat' dir='ltr'>causam</span> <span class='ocrx_word' id='word_1_75' title='bbox 851 886 1080 969; x_wconf 88' lang='lat' dir='ltr'>consequentis</span> <span class='ocrx_word' id='word_1_76' title='bbox 1101 904 1185 948; x_wconf 88' lang='lat' dir='ltr'>con-</span> 
     </span>
    </p>
   </div>
   <div class='ocr_carea' id='block_1_4' title="bbox 21 965 1193 3073">
    <p class='ocr_par' dir='ltr' id='par_1_5' title="bbox 21 965 1191 2105">
     <span class='ocr_line' id='line_1_11' title="bbox 104 965 1187 1049; baseline -0.006 -16"><span class='ocrx_word' id='word_1_77' title='bbox 104 970 199 1033; x_wconf 85' lang='lat' dir='ltr'>tinet.</span> <span class='ocrx_word' id='word_1_78' title='bbox 223 969 261 1032; x_wconf 87' lang='lat' dir='ltr'>E.</span> <span class='ocrx_word' id='word_1_79' title='bbox 287 986 337 1048; x_wconf 77' lang='lat' dir='ltr'>g.,</span> <span class='ocrx_word' id='word_1_80' title='bbox 360 967 399 1031; x_wconf 82' lang='lat' dir='ltr'>Sc</span> <span class='ocrx_word' id='word_1_81' title='bbox 421 979 464 1029; x_wconf 86' lang='grc' dir='ltr'>εει</span> <span class='ocrx_word' id='word_1_82' title='bbox 486 966 587 1043; x_wconf 79' lang='lat' dir='ltr'>domo,</span> <span class='ocrx_word' id='word_1_83' title='bbox 601 975 643 1029; x_wconf 90' lang='grc' dir='ltr'>εει</span> <span class='ocrx_word' id='word_1_84' title='bbox 665 966 795 1043; x_wconf 81' lang='lat' dir='ltr'>animul;</span> <span class='ocrx_word' id='word_1_85' title='bbox 808 967 897 1049; x_wconf 82' lang='lat' dir='ltr'>atqui</span> <span class='ocrx_word' id='word_1_86' title='bbox 917 979 960 1030; x_wconf 86' lang='grc' dir='ltr'>εει</span> <span class='ocrx_word' id='word_1_87' title='bbox 983 965 1086 1042; x_wconf 64' lang='lat' dir='ltr'>domm</span> <span class='ocrx_word' id='word_1_88' title='bbox 1107 986 1187 1047; x_wconf 74' lang='lat' dir='ltr'>erqo</span> 
     </span>
     <span class='ocr_line' id='line_1_12' title="bbox 105 1045 1186 1132; baseline -0.005 -19"><span class='ocrx_word' id='word_1_89' title='bbox 105 1062 148 1113; x_wconf 84' lang='grc' dir='ltr'>εει</span> <span class='ocrx_word' id='word_1_90' title='bbox 171 1048 301 1112; x_wconf 83' lang='lat' dir='ltr'>animal.</span> <span class='ocrx_word' id='word_1_91' title='bbox 325 1045 359 1109; x_wconf 77' lang='lat'>2⁰</span> <span class='ocrx_word' id='word_1_92' title='bbox 384 1046 516 1111; x_wconf 90' lang='lat' dir='ltr'>Sublato</span> <span class='ocrx_word' id='word_1_93' title='bbox 539 1048 747 1130; x_wconf 89' lang='lat' dir='ltr'>consequenti</span> <span class='ocrx_word' id='word_1_94' title='bbox 764 1045 993 1132; x_wconf 84' lang='lat' dir='ltr'>propositionis</span> <span class='ocrx_word' id='word_1_95' title='bbox 1011 1067 1186 1110; x_wconf 81' lang='lat' dir='ltr'>connexae</span> 
     </span>
     <span class='ocr_line' id='line_1_13' title="bbox 105 1126 1184 1211; baseline -0.003 -17"><span class='ocrx_word' id='word_1_96' title='bbox 105 1132 139 1194; x_wconf 92' lang='lat' dir='ltr'>in</span> <span class='ocrx_word' id='word_1_97' title='bbox 164 1130 297 1205; x_wconf 90' lang='lat' dir='ltr'>minori,</span> <span class='ocrx_word' id='word_1_98' title='bbox 320 1127 511 1191; x_wconf 85' lang='lat' dir='ltr'>antecedens</span> <span class='ocrx_word' id='word_1_99' title='bbox 533 1130 605 1192; x_wconf 89' lang='lat' dir='ltr'>eius</span> <span class='ocrx_word' id='word_1_100' title='bbox 632 1129 757 1193; x_wconf 88' lang='lat' dir='ltr'>tollitur</span> <span class='ocrx_word' id='word_1_101' title='bbox 779 1130 812 1193; x_wconf 90' lang='lat' dir='ltr'>in</span> <span class='ocrx_word' id='word_1_102' title='bbox 834 1126 1051 1191; x_wconf 78' lang='lat' dir='ltr'>conclusione.</span> <span class='ocrx_word' id='word_1_103' title='bbox 1074 1129 1114 1191; x_wconf 89' lang='lat' dir='ltr'>E.</span> <span class='ocrx_word' id='word_1_104' title='bbox 1133 1148 1184 1211; x_wconf 68' lang='lat' dir='ltr'>g„</span> 
     </span>
     <span class='ocr_line' id='line_1_14' title="bbox 77 1210 1186 1294; baseline 0.001 -26"><span class='ocrx_word' id='word_1_105' title='bbox 77 1262 82 1268; x_wconf 93' lang='lat'>.</span> <span class='ocrx_word' id='word_1_106' title='bbox 104 1211 144 1277; x_wconf 83' lang='lat' dir='ltr'>St</span> <span class='ocrx_word' id='word_1_107' title='bbox 166 1222 209 1273; x_wconf 86' lang='grc' dir='ltr'>εει</span> <span class='ocrx_word' id='word_1_108' title='bbox 234 1211 335 1281; x_wconf 79' lang='lat' dir='ltr'>homo,</span> <span class='ocrx_word' id='word_1_109' title='bbox 359 1222 401 1271; x_wconf 87' lang='lat' dir='ltr'>est</span> <span class='ocrx_word' id='word_1_110' title='bbox 424 1210 553 1285; x_wconf 71' lang='lat' dir='ltr'>animae</span> <span class='ocrx_word' id='word_1_111' title='bbox 567 1210 654 1294; x_wconf 82' lang='lat' dir='ltr'>atqui</span> <span class='ocrx_word' id='word_1_112' title='bbox 674 1230 736 1271; x_wconf 82' lang='lat' dir='ltr'>non</span> <span class='ocrx_word' id='word_1_113' title='bbox 748 1222 791 1272; x_wconf 88' lang='grc' dir='ltr'>εει</span> <span class='ocrx_word' id='word_1_114' title='bbox 811 1210 943 1286; x_wconf 83' lang='lat' dir='ltr'>onimol;</span> <span class='ocrx_word' id='word_1_115' title='bbox 964 1230 1033 1290; x_wconf 77' lang='lat' dir='ltr'>erpo</span> <span class='ocrx_word' id='word_1_116' title='bbox 1053 1228 1116 1271; x_wconf 78' lang='lat' dir='ltr'>eoo</span> <span class='ocrx_word' id='word_1_117' title='bbox 1136 1220 1186 1270; x_wconf 85' lang='grc' dir='ltr'>εει</span> 
     </span>
     <span class='ocr_line' id='line_1_15' title="bbox 105 1290 1188 1374; baseline -0.004 -19"><span class='ocrx_word' id='word_1_118' title='bbox 105 1292 207 1355; x_wconf 80' lang='lat' dir='ltr'>tomo.</span> <span class='ocrx_word' id='word_1_119' title='bbox 230 1294 259 1356; x_wconf 83' lang='grc' dir='ltr'>Ε</span> <span class='ocrx_word' id='word_1_120' title='bbox 281 1290 461 1366; x_wconf 81' lang='lat' dir='ltr'>contrario,</span> <span class='ocrx_word' id='word_1_121' title='bbox 486 1291 592 1374; x_wconf 92' lang='lat' dir='ltr'>posito</span> <span class='ocrx_word' id='word_1_122' title='bbox 613 1290 825 1373; x_wconf 88' lang='lat' dir='ltr'>consequenti</span> <span class='ocrx_word' id='word_1_123' title='bbox 846 1291 1082 1355; x_wconf 89' lang='lat' dir='ltr'>enunciationis</span> <span class='ocrx_word' id='word_1_124' title='bbox 1104 1310 1188 1352; x_wconf 91' lang='lat' dir='ltr'>con-</span> 
     </span>
     <span class='ocr_line' id='line_1_16' title="bbox 105 1370 1187 1456; baseline -0.002 -22"><span class='ocrx_word' id='word_1_125' title='bbox 105 1394 209 1436; x_wconf 78' lang='lat' dir='ltr'>nexae</span> <span class='ocrx_word' id='word_1_126' title='bbox 235 1375 268 1437; x_wconf 90' lang='lat' dir='ltr'>in</span> <span class='ocrx_word' id='word_1_127' title='bbox 290 1372 436 1447; x_wconf 88' lang='lat' dir='ltr'>minori;</span> <span class='ocrx_word' id='word_1_128' title='bbox 460 1390 523 1438; x_wconf 92' lang='lat' dir='ltr'>non</span> <span class='ocrx_word' id='word_1_129' title='bbox 546 1381 652 1453; x_wconf 89' lang='lat' dir='ltr'>potest</span> <span class='ocrx_word' id='word_1_130' title='bbox 674 1372 751 1456; x_wconf 93' lang='lat' dir='ltr'>poni</span> <span class='ocrx_word' id='word_1_131' title='bbox 774 1370 965 1435; x_wconf 78' lang='lat' dir='ltr'>antecedens</span> <span class='ocrx_word' id='word_1_132' title='bbox 994 1373 1027 1436; x_wconf 94' lang='lat' dir='ltr'>in</span> <span class='ocrx_word' id='word_1_133' title='bbox 1048 1370 1187 1435; x_wconf 90' lang='lat' dir='ltr'>conclu-</span> 
     </span>
     <span class='ocr_line' id='line_1_17' title="bbox 105 1450 1187 1529; baseline -0.002 -12"><span class='ocrx_word' id='word_1_134' title='bbox 105 1456 223 1529; x_wconf 80' lang='lat' dir='ltr'>sione3</span> <span class='ocrx_word' id='word_1_135' title='bbox 247 1462 290 1529; x_wconf 86' lang='lat' dir='ltr'>et,</span> <span class='ocrx_word' id='word_1_136' title='bbox 314 1450 442 1516; x_wconf 87' lang='lat' dir='ltr'>sublato</span> <span class='ocrx_word' id='word_1_137' title='bbox 469 1452 670 1517; x_wconf 87' lang='lat' dir='ltr'>antecedenti</span> <span class='ocrx_word' id='word_1_138' title='bbox 692 1452 932 1517; x_wconf 88' lang='lat' dir='ltr'>enunciationis</span> <span class='ocrx_word' id='word_1_139' title='bbox 957 1473 1122 1517; x_wconf 82' lang='lat' dir='ltr'>connexae</span> <span class='ocrx_word' id='word_1_140' title='bbox 1149 1453 1187 1515; x_wconf 92' lang='lat' dir='ltr'>in</span> 
     </span>
     <span class='ocr_line' id='line_1_18' title="bbox 107 1531 1188 1619; baseline -0.002 -22"><span class='ocrx_word' id='word_1_141' title='bbox 107 1536 242 1609; x_wconf 89' lang='lat' dir='ltr'>minori,</span> <span class='ocrx_word' id='word_1_142' title='bbox 266 1552 465 1617; x_wconf 89' lang='lat' dir='ltr'>consequens</span> <span class='ocrx_word' id='word_1_143' title='bbox 480 1531 578 1595; x_wconf 90' lang='lat' dir='ltr'>huius</span> <span class='ocrx_word' id='word_1_144' title='bbox 593 1533 628 1595; x_wconf 89' lang='lat' dir='ltr'>in</span> <span class='ocrx_word' id='word_1_145' title='bbox 650 1532 856 1596; x_wconf 90' lang='lat' dir='ltr'>conclusione</span> <span class='ocrx_word' id='word_1_146' title='bbox 870 1532 939 1597; x_wconf 88' lang='lat' dir='ltr'>tolli</span> <span class='ocrx_word' id='word_1_147' title='bbox 960 1536 1086 1619; x_wconf 87' lang='lat' dir='ltr'>nequit,</span> <span class='ocrx_word' id='word_1_148' title='bbox 1101 1533 1188 1618; x_wconf 86' lang='lat' dir='ltr'>quia</span> 
     </span>
     <span class='ocr_line' id='line_1_19' title="bbox 107 1611 1187 1707; baseline 0.002 -31"><span class='ocrx_word' id='word_1_149' title='bbox 107 1634 307 1700; x_wconf 89' lang='lat' dir='ltr'>consequens</span> <span class='ocrx_word' id='word_1_150' title='bbox 329 1614 467 1679; x_wconf 81' lang='lat' dir='ltr'>connexi</span> <span class='ocrx_word' id='word_1_151' title='bbox 490 1611 610 1676; x_wconf 89' lang='lat' dir='ltr'>habere</span> <span class='ocrx_word' id='word_1_152' title='bbox 627 1622 733 1707; x_wconf 89' lang='lat' dir='ltr'>potest</span> <span class='ocrx_word' id='word_1_153' title='bbox 748 1615 904 1677; x_wconf 89' lang='lat' dir='ltr'>rationem</span> <span class='ocrx_word' id='word_1_154' title='bbox 919 1617 969 1678; x_wconf 91' lang='lat' dir='ltr'>sui</span> <span class='ocrx_word' id='word_1_155' title='bbox 993 1617 1026 1679; x_wconf 92' lang='lat' dir='ltr'>in</span> <span class='ocrx_word' id='word_1_156' title='bbox 1049 1614 1187 1690; x_wconf 85' lang='lat' dir='ltr'>aliare,</span> 
     </span>
     <span class='ocr_line' id='line_1_20' title="bbox 106 1690 1188 1792; baseline 0 -33"><span class='ocrx_word' id='word_1_157' title='bbox 106 1716 205 1779; x_wconf 88' lang='lat' dir='ltr'>quam</span> <span class='ocrx_word' id='word_1_158' title='bbox 222 1715 306 1792; x_wconf 78' lang='lat' dir='ltr'>quae</span> <span class='ocrx_word' id='word_1_159' title='bbox 328 1690 529 1758; x_wconf 89' lang='lat' dir='ltr'>antecedenti</span> <span class='ocrx_word' id='word_1_160' title='bbox 551 1692 770 1777; x_wconf 82' lang='lat' dir='ltr'>significatur,</span> <span class='ocrx_word' id='word_1_161' title='bbox 795 1695 840 1758; x_wconf 86' lang='lat' dir='ltr'>ita</span> <span class='ocrx_word' id='word_1_162' title='bbox 863 1704 898 1758; x_wconf 95' lang='lat' dir='ltr'>ut</span> <span class='ocrx_word' id='word_1_163' title='bbox 920 1695 989 1758; x_wconf 87' lang='lat' dir='ltr'>sine</span> <span class='ocrx_word' id='word_1_164' title='bbox 1013 1694 1070 1760; x_wconf 89' lang='lat' dir='ltr'>illo</span> <span class='ocrx_word' id='word_1_165' title='bbox 1092 1708 1188 1761; x_wconf 88' lang='lat' dir='ltr'>ante·</span> 
     </span>
     <span class='ocr_line' id='line_1_21' title="bbox 107 1774 1188 1863; baseline 0.003 -25"><span class='ocrx_word' id='word_1_166' title='bbox 107 1775 234 1842; x_wconf 82' lang='lat' dir='ltr'>cedenti</span> <span class='ocrx_word' id='word_1_167' title='bbox 257 1796 326 1841; x_wconf 91' lang='lat' dir='ltr'>esse</span> <span class='ocrx_word' id='word_1_168' title='bbox 359 1796 422 1839; x_wconf 93' lang='lat' dir='ltr'>non</span> <span class='ocrx_word' id='word_1_169' title='bbox 444 1785 614 1857; x_wconf 73' lang='lat' dir='ltr'>repugnet.</span> <span class='ocrx_word' id='word_1_170' title='bbox 639 1775 725 1838; x_wconf 87' lang='lat' dir='ltr'>llinc</span> <span class='ocrx_word' id='word_1_171' title='bbox 747 1776 858 1839; x_wconf 88' lang='lat' dir='ltr'>vitiosi</span> <span class='ocrx_word' id='word_1_172' title='bbox 881 1787 956 1839; x_wconf 87' lang='lat' dir='ltr'>sunt</span> <span class='ocrx_word' id='word_1_173' title='bbox 976 1778 1007 1840; x_wconf 89' lang='lat' dir='ltr'>hi</span> <span class='ocrx_word' id='word_1_174' title='bbox 1030 1774 1096 1839; x_wconf 93' lang='lat' dir='ltr'>duo</span> <span class='ocrx_word' id='word_1_175' title='bbox 1118 1778 1188 1863; x_wconf 72' lang='lat' dir='ltr'>syl·</span> 
     </span>
     <span class='ocr_line' id='line_1_22' title="bbox 107 1855 1189 1942; baseline 0.001 -21"><span class='ocrx_word' id='word_1_176' title='bbox 107 1856 250 1942; x_wconf 78' lang='lat' dir='ltr'>logismi:</span> <span class='ocrx_word' id='word_1_177' title='bbox 276 1857 313 1923; x_wconf 80' lang='lat' dir='ltr'>st</span> <span class='ocrx_word' id='word_1_178' title='bbox 337 1868 377 1919; x_wconf 86' lang='grc' dir='ltr'>εει</span> <span class='ocrx_word' id='word_1_179' title='bbox 399 1855 512 1926; x_wconf 79' lang='lat' dir='ltr'>domo,</span> <span class='ocrx_word' id='word_1_180' title='bbox 534 1866 578 1918; x_wconf 88' lang='grc' dir='ltr'>εει</span> <span class='ocrx_word' id='word_1_181' title='bbox 601 1856 720 1919; x_wconf 79' lang='lat' dir='ltr'>animal</span> <span class='ocrx_word' id='word_1_182' title='bbox 728 1879 739 1932; x_wconf 90' lang='grc'><em>;</em></span> <span class='ocrx_word' id='word_1_183' title='bbox 761 1857 848 1940; x_wconf 77' lang='lat' dir='ltr'>etqui</span> <span class='ocrx_word' id='word_1_184' title='bbox 879 1867 923 1920; x_wconf 87' lang='grc' dir='ltr'>εει</span> <span class='ocrx_word' id='word_1_185' title='bbox 944 1856 1090 1932; x_wconf 61' lang='lat' dir='ltr'>animm,-</span> <span class='ocrx_word' id='word_1_186' title='bbox 1110 1879 1189 1940; x_wconf 74' lang='lat' dir='ltr'>erqo</span> 
     </span>
     <span class='ocr_line' id='line_1_23' title="bbox 109 1936 1191 2024; baseline 0.004 -25"><span class='ocrx_word' id='word_1_187' title='bbox 109 1949 153 2003; x_wconf 85' lang='grc' dir='ltr'>εει</span> <span class='ocrx_word' id='word_1_188' title='bbox 173 1938 291 2014; x_wconf 81' lang='grc' dir='ltr'><strong><em>1ιοεηο;</em></strong></span> <span class='ocrx_word' id='word_1_189' title='bbox 314 1945 366 2012; x_wconf 85' lang='grc' dir='ltr'>ει,</span> <span class='ocrx_word' id='word_1_190' title='bbox 395 1938 432 2002; x_wconf 84' lang='lat' dir='ltr'>Si</span> <span class='ocrx_word' id='word_1_191' title='bbox 453 1949 494 2000; x_wconf 86' lang='grc' dir='ltr'>εει</span> <span class='ocrx_word' id='word_1_192' title='bbox 513 1936 729 2020; x_wconf 74' lang='lat' dir='ltr'>philosophus,</span> <span class='ocrx_word' id='word_1_193' title='bbox 750 1949 791 1999; x_wconf 86' lang='grc' dir='ltr'>εει</span> <span class='ocrx_word' id='word_1_194' title='bbox 814 1937 929 2015; x_wconf 80' lang='lat' dir='ltr'>domo,·</span> <span class='ocrx_word' id='word_1_195' title='bbox 948 1940 1036 2024; x_wconf 76' lang='lat' dir='ltr'>atqui</span> <span class='ocrx_word' id='word_1_196' title='bbox 1057 1960 1118 2002; x_wconf 81' lang='lat' dir='ltr'>nou</span> <span class='ocrx_word' id='word_1_197' title='bbox 1139 1953 1191 2005; x_wconf 83' lang='grc' dir='ltr'>εει</span> 
     </span>
     <span class='ocr_line' id='line_1_24' title="bbox 21 2018 715 2105; baseline -0.003 -23"><span class='ocrx_word' id='word_1_198' title='bbox 21 2070 26 2075; x_wconf 91' lang='grc'>.</span> <span class='ocrx_word' id='word_1_199' title='bbox 105 2019 322 2105; x_wconf 66' lang='lat' dir='ltr'>philosophus·</span> <span class='ocrx_word' id='word_1_200' title='bbox 344 2038 413 2099; x_wconf 79' lang='lat' dir='ltr'>erpo</span> <span class='ocrx_word' id='word_1_201' title='bbox 435 2039 496 2080; x_wconf 81' lang='lat' dir='ltr'>uon</span> <span class='ocrx_word' id='word_1_202' title='bbox 518 2030 560 2081; x_wconf 87' lang='grc' dir='ltr'>εει</span> <span class='ocrx_word' id='word_1_203' title='bbox 583 2018 671 2080; x_wconf 78' lang='lat' dir='ltr'>domo</span> <span class='ocrx_word' id='word_1_204' title='bbox 693 2019 715 2080; x_wconf 85' lang='lat'>¹.</span> 
     </span>
    </p>

    <p class='ocr_par' dir='ltr' id='par_1_6' title="bbox 110 2096 1193 3073">
     <span class='ocr_line' id='line_1_25' title="bbox 151 2096 1192 2185; baseline 0.002 -22"><span class='ocrx_word' id='word_1_205' title='bbox 151 2100 222 2166; x_wconf 90' lang='lat'>108.</span> <span class='ocrx_word' id='word_1_206' title='bbox 245 2098 454 2184; x_wconf 80' lang='lat' dir='ltr'>Syllogismus</span> <span class='ocrx_word' id='word_1_207' title='bbox 477 2100 661 2161; x_wconf 81' lang='lat' dir='ltr'>coniunctas</span> <span class='ocrx_word' id='word_1_208' title='bbox 675 2110 724 2163; x_wconf 89' lang='lat' dir='ltr'>est</span> <span class='ocrx_word' id='word_1_209' title='bbox 745 2096 810 2176; x_wconf 89' lang='lat' dir='ltr'>ille,</span> <span class='ocrx_word' id='word_1_210' title='bbox 826 2099 941 2183; x_wconf 89' lang='lat' dir='ltr'>inquo</span> <span class='ocrx_word' id='word_1_211' title='bbox 962 2100 1066 2185; x_wconf 84' lang='lat' dir='ltr'>prima</span> <span class='ocrx_word' id='word_1_212' title='bbox 1080 2122 1192 2165; x_wconf 90' lang='lat' dir='ltr'>enun-</span> 
     </span>
     <span class='ocr_line' id='line_1_26' title="bbox 110 2179 1192 2263; baseline 0.003 -20"><span class='ocrx_word' id='word_1_213' title='bbox 110 2181 210 2245; x_wconf 88' lang='lat' dir='ltr'>ciatio</span> <span class='ocrx_word' id='word_1_214' title='bbox 236 2190 285 2249; x_wconf 85' lang='lat' dir='ltr'>est</span> <span class='ocrx_word' id='word_1_215' title='bbox 311 2180 494 2244; x_wconf 92' lang='lat' dir='ltr'>coniuncta.</span> <span class='ocrx_word' id='word_1_216' title='bbox 517 2181 556 2242; x_wconf 80' lang='lat' dir='ltr'>E.</span> <span class='ocrx_word' id='word_1_217' title='bbox 587 2200 638 2263; x_wconf 80' lang='lat' dir='ltr'>g.,</span> <span class='ocrx_word' id='word_1_218' title='bbox 660 2180 735 2243; x_wconf 80' lang='lat' dir='ltr'>Nou</span> <span class='ocrx_word' id='word_1_219' title='bbox 753 2179 819 2243; x_wconf 83' lang='lat' dir='ltr'>dies</span> <span class='ocrx_word' id='word_1_220' title='bbox 841 2192 894 2257; x_wconf 86' lang='grc' dir='ltr'><strong><em>εει,</em></strong></span> <span class='ocrx_word' id='word_1_221' title='bbox 917 2194 945 2244; x_wconf 90' lang='grc' dir='ltr'>ει</span> <span class='ocrx_word' id='word_1_222' title='bbox 977 2200 1067 2258; x_wconf 54' lang='lat' dir='ltr'>noem</span> <span class='ocrx_word' id='word_1_223' title='bbox 1093 2192 1126 2246; x_wconf 85' lang='lat' dir='ltr'>ot</span> <span class='ocrx_word' id='word_1_224' title='bbox 1149 2185 1192 2246; x_wconf 77' lang='lat' dir='ltr'>ai</span> 
     </span>
     <span class='ocr_line' id='line_1_27' title="bbox 110 2204 1191 2408; baseline 0.003 -84"><span class='ocrx_word' id='word_1_225' title='bbox 110 2260 176 2325; x_wconf 80' lang='lat' dir='ltr'>dica</span> <span class='ocrx_word' id='word_1_226' title='bbox 199 2271 265 2335; x_wconf 87' lang='lat' dir='ltr'>est,·</span> <span class='ocrx_word' id='word_1_227' title='bbox 286 2279 355 2342; x_wconf 75' lang='lat' dir='ltr'>erpo</span> <span class='ocrx_word' id='word_1_228' title='bbox 376 2278 440 2321; x_wconf 77' lang='lat' dir='ltr'>nocr</span> <span class='ocrx_word' id='word_1_229' title='bbox 461 2280 522 2321; x_wconf 77' lang='lat' dir='ltr'>awo</span> <span class='ocrx_word' id='word_1_230' title='bbox 544 2271 596 2321; x_wconf 85' lang='grc' dir='ltr'><strong><em>εει.</em></strong></span> <span class='ocrx_word' id='word_1_231' title='bbox 627 2260 690 2323; x_wconf 82' lang='grc' dir='ltr'><strong><em>Ιειε</em></strong></span> <span class='ocrx_word' id='word_1_232' title='bbox 712 2259 916 2408; x_wconf 61' lang='lat' dir='ltr'>spllogismus</span> <span class='ocrx_word' id='word_1_233' title='bbox 937 2263 970 2325; x_wconf 89' lang='lat' dir='ltr'>vi</span> <span class='ocrx_word' id='word_1_234' title='bbox 993 2262 1095 2328; x_wconf 87' lang='lat' dir='ltr'>solius</span> <span class='ocrx_word' id='word_1_235' title='bbox 1117 2204 1191 2328; x_wconf 67' lang='lat' dir='ltr'>llar-</span> 
     </span>
     <span class='ocr_line' id='line_1_28' title="bbox 110 2338 1192 2410; baseline 0.004 -4"><span class='ocrx_word' id='word_1_236' title='bbox 110 2363 183 2407; x_wconf 89' lang='lat' dir='ltr'>mae</span> <span class='ocrx_word' id='word_1_237' title='bbox 205 2350 290 2406; x_wconf 92' lang='lat' dir='ltr'>recte</span> <span class='ocrx_word' id='word_1_238' title='bbox 313 2338 478 2404; x_wconf 85' lang='lat' dir='ltr'>concludit</span> <span class='ocrx_word' id='word_1_239' title='bbox 499 2340 558 2405; x_wconf 80' lang='lat' dir='ltr'>hoc</span> <span class='ocrx_word' id='word_1_240' title='bbox 581 2339 702 2405; x_wconf 90' lang='lat' dir='ltr'>modo:</span> <span class='ocrx_word' id='word_1_241' title='bbox 748 2342 832 2406; x_wconf 90' lang='lat' dir='ltr'>osito</span> <span class='ocrx_word' id='word_1_242' title='bbox 855 2344 889 2406; x_wconf 91' lang='lat' dir='ltr'>in</span> <span class='ocrx_word' id='word_1_243' title='bbox 911 2342 1034 2406; x_wconf 90' lang='lat' dir='ltr'>minori</span> <span class='ocrx_word' id='word_1_244' title='bbox 1056 2365 1122 2409; x_wconf 93' lang='lat' dir='ltr'>uno</span> <span class='ocrx_word' id='word_1_245' title='bbox 1146 2345 1192 2410; x_wconf 90' lang='lat' dir='ltr'>il-</span> 
     </span>
     <span class='ocr_line' id='line_1_29' title="bbox 111 2421 1189 2503; baseline 0.005 -16"><span class='ocrx_word' id='word_1_246' title='bbox 111 2423 247 2499; x_wconf 88' lang='lat' dir='ltr'>lorum,</span> <span class='ocrx_word' id='word_1_247' title='bbox 304 2442 364 2485; x_wconf 86' lang='lat' dir='ltr'>uae</span> <span class='ocrx_word' id='word_1_248' title='bbox 398 2422 431 2484; x_wconf 94' lang='lat' dir='ltr'>in</span> <span class='ocrx_word' id='word_1_249' title='bbox 457 2421 626 2487; x_wconf 87' lang='lat' dir='ltr'>coniuncta</span> <span class='ocrx_word' id='word_1_250' title='bbox 649 2422 877 2487; x_wconf 88' lang='lat' dir='ltr'>enunciatione</span> <span class='ocrx_word' id='word_1_251' title='bbox 906 2432 1077 2488; x_wconf 88' lang='lat' dir='ltr'>numerata</span> <span class='ocrx_word' id='word_1_252' title='bbox 1097 2436 1189 2503; x_wconf 87' lang='lat' dir='ltr'>sunt,</span> 
     </span>
     <span class='ocr_line' id='line_1_30' title="bbox 112 2442 1193 2585; baseline 0.001 -16"><span class='ocrx_word' id='word_1_253' title='bbox 112 2500 228 2579; x_wconf 86' lang='lat' dir='ltr'>aliud,</span> <span class='ocrx_word' id='word_1_254' title='bbox 252 2442 301 2566; x_wconf 68' lang='lat' dir='ltr'>vdl</span> <span class='ocrx_word' id='word_1_255' title='bbox 325 2502 450 2585; x_wconf 85' lang='lat' dir='ltr'>reliqua</span> <span class='ocrx_word' id='word_1_256' title='bbox 473 2502 506 2564; x_wconf 91' lang='lat' dir='ltr'>in</span> <span class='ocrx_word' id='word_1_257' title='bbox 529 2504 735 2569; x_wconf 88' lang='lat' dir='ltr'>conclusione</span> <span class='ocrx_word' id='word_1_258' title='bbox 764 2504 974 2579; x_wconf 88' lang='lat' dir='ltr'>reiiciuntur;</span> <span class='ocrx_word' id='word_1_259' title='bbox 997 2525 1027 2567; x_wconf 93' lang='lat' dir='ltr'>e.</span> <span class='ocrx_word' id='word_1_260' title='bbox 1076 2552 1104 2583; x_wconf 92' lang='lat'>.,</span> <span class='ocrx_word' id='word_1_261' title='bbox 1126 2506 1193 2570; x_wconf 86' lang='lat' dir='ltr'>Pe-</span> 
     </span>
     <span class='ocr_line' id='line_1_31' title="bbox 112 2526 1190 2670; baseline 0.004 -23"><span class='ocrx_word' id='word_1_262' title='bbox 112 2594 180 2647; x_wconf 83' lang='lat' dir='ltr'>trus</span> <span class='ocrx_word' id='word_1_263' title='bbox 200 2603 261 2647; x_wconf 79' lang='lat' dir='ltr'>nou</span> <span class='ocrx_word' id='word_1_264' title='bbox 283 2583 381 2646; x_wconf 85' lang='lat' dir='ltr'>simul</span> <span class='ocrx_word' id='word_1_265' title='bbox 405 2593 477 2659; x_wconf 86' lang='grc' dir='ltr'><strong><em>ειαι,</em></strong></span> <span class='ocrx_word' id='word_1_266' title='bbox 495 2592 520 2645; x_wconf 88' lang='grc' dir='ltr'>ει</span> <span class='ocrx_word' id='word_1_267' title='bbox 543 2585 635 2661; x_wconf 76' lang='lat' dir='ltr'>aedet3</span> <span class='ocrx_word' id='word_1_268' title='bbox 649 2587 739 2670; x_wconf 80' lang='lat' dir='ltr'>utqui</span> <span class='ocrx_word' id='word_1_269' title='bbox 752 2593 825 2663; x_wconf 84' lang='grc' dir='ltr'><strong><em>ειει;</em></strong></span> <span class='ocrx_word' id='word_1_270' title='bbox 838 2604 908 2667; x_wconf 73' lang='lat' dir='ltr'>erpo</span> <span class='ocrx_word' id='word_1_271' title='bbox 930 2605 992 2648; x_wconf 77' lang='lat' dir='ltr'>uon</span> <span class='ocrx_word' id='word_1_272' title='bbox 1013 2526 1104 2662; x_wconf 62' lang='lat' dir='ltr'>sedern</span> <span class='ocrx_word' id='word_1_273' title='bbox 1119 2588 1190 2665; x_wconf 83' lang='lat' dir='ltr'>vel,</span> 
     </span>
     <span class='ocr_line' id='line_1_32' title="bbox 113 2664 1192 2752; baseline 0.003 -24"><span class='ocrx_word' id='word_1_274' title='bbox 113 2665 201 2750; x_wconf 76' lang='lat' dir='ltr'>atqui</span> <span class='ocrx_word' id='word_1_275' title='bbox 222 2664 313 2743; x_wconf 65' lang='lat' dir='ltr'>sedet·</span> <span class='ocrx_word' id='word_1_276' title='bbox 334 2684 404 2746; x_wconf 75' lang='lat' dir='ltr'>erpo</span> <span class='ocrx_word' id='word_1_277' title='bbox 424 2683 485 2727; x_wconf 82' lang='lat' dir='ltr'>non</span> <span class='ocrx_word' id='word_1_278' title='bbox 508 2676 576 2729; x_wconf 82' lang='lat' dir='ltr'>stat.</span> <span class='ocrx_word' id='word_1_279' title='bbox 593 2668 621 2731; x_wconf 86' lang='lat' dir='ltr'>E</span> <span class='ocrx_word' id='word_1_280' title='bbox 644 2666 819 2741; x_wconf 88' lang='lat' dir='ltr'>contrario,</span> <span class='ocrx_word' id='word_1_281' title='bbox 842 2666 869 2729; x_wconf 90' lang='lat' dir='ltr'>si</span> <span class='ocrx_word' id='word_1_282' title='bbox 885 2665 1068 2731; x_wconf 90' lang='lat' dir='ltr'>membrum</span> <span class='ocrx_word' id='word_1_283' title='bbox 1082 2667 1192 2752; x_wconf 89' lang='lat' dir='ltr'>quod-</span> 
     </span>
     <span class='ocr_line' id='line_1_33' title="bbox 111 2744 1192 2832; baseline 0.004 -23"><span class='ocrx_word' id='word_1_284' title='bbox 111 2744 187 2809; x_wconf 85' lang='lat' dir='ltr'>dam</span> <span class='ocrx_word' id='word_1_285' title='bbox 210 2745 407 2828; x_wconf 81' lang='lat' dir='ltr'>praemissae</span> <span class='ocrx_word' id='word_1_286' title='bbox 432 2745 624 2810; x_wconf 90' lang='lat' dir='ltr'>coniunctae</span> <span class='ocrx_word' id='word_1_287' title='bbox 647 2747 682 2810; x_wconf 87' lang='lat' dir='ltr'>in</span> <span class='ocrx_word' id='word_1_288' title='bbox 705 2748 823 2811; x_wconf 89' lang='lat' dir='ltr'>minori</span> <span class='ocrx_word' id='word_1_289' title='bbox 846 2747 1039 2832; x_wconf 72' lang='lat' dir='ltr'>rejiciatur,</span> <span class='ocrx_word' id='word_1_290' title='bbox 1060 2768 1126 2811; x_wconf 92' lang='lat' dir='ltr'>non</span> <span class='ocrx_word' id='word_1_291' title='bbox 1149 2748 1192 2813; x_wconf 93' lang='lat' dir='ltr'>li-</span> 
     </span>
     <span class='ocr_line' id='line_1_34' title="bbox 112 2823 1193 2911; baseline 0.006 -20"><span class='ocrx_word' id='word_1_292' title='bbox 112 2834 163 2891; x_wconf 92' lang='lat' dir='ltr'>cet</span> <span class='ocrx_word' id='word_1_293' title='bbox 184 2828 325 2893; x_wconf 88' lang='lat' dir='ltr'>retinere</span> <span class='ocrx_word' id='word_1_294' title='bbox 348 2826 485 2889; x_wconf 90' lang='lat' dir='ltr'>alterum</span> <span class='ocrx_word' id='word_1_295' title='bbox 507 2826 540 2889; x_wconf 92' lang='lat' dir='ltr'>in</span> <span class='ocrx_word' id='word_1_296' title='bbox 563 2826 784 2902; x_wconf 78' lang='lat' dir='ltr'>conclusione,</span> <span class='ocrx_word' id='word_1_297' title='bbox 807 2823 877 2891; x_wconf 89' lang='lat' dir='ltr'>lieri</span> <span class='ocrx_word' id='word_1_298' title='bbox 898 2828 989 2892; x_wconf 90' lang='lat' dir='ltr'>enim</span> <span class='ocrx_word' id='word_1_299' title='bbox 1010 2836 1127 2911; x_wconf 88' lang='lat' dir='ltr'>potest,</span> <span class='ocrx_word' id='word_1_300' title='bbox 1149 2840 1193 2897; x_wconf 82' lang='lat' dir='ltr'>ut</span> 
     </span>
     <span class='ocr_line' id='line_1_35' title="bbox 113 2906 1191 2992; baseline 0.003 -19"><span class='ocrx_word' id='word_1_301' title='bbox 113 2908 148 2973; x_wconf 90' lang='lat' dir='ltr'>in</span> <span class='ocrx_word' id='word_1_302' title='bbox 169 2908 340 2971; x_wconf 91' lang='lat' dir='ltr'>coniuncta</span> <span class='ocrx_word' id='word_1_303' title='bbox 362 2906 588 2979; x_wconf 86' lang='lat' dir='ltr'>enunciatione</span> <span class='ocrx_word' id='word_1_304' title='bbox 603 2910 807 2972; x_wconf 88' lang='lat' dir='ltr'>enumeratio</span> <span class='ocrx_word' id='word_1_305' title='bbox 822 2909 966 2992; x_wconf 87' lang='lat' dir='ltr'>partium</span> <span class='ocrx_word' id='word_1_306' title='bbox 987 2929 1051 2972; x_wconf 91' lang='lat' dir='ltr'>nou</span> <span class='ocrx_word' id='word_1_307' title='bbox 1072 2908 1116 2973; x_wconf 86' lang='lat' dir='ltr'>sit</span> <span class='ocrx_word' id='word_1_308' title='bbox 1136 2907 1191 2976; x_wconf 89' lang='lat' dir='ltr'>iu·</span> 
     </span>
     <span class='ocr_line' id='line_1_36' title="bbox 114 2984 1191 3073; baseline 0 -18"><span class='ocrx_word' id='word_1_309' title='bbox 114 2997 231 3073; x_wconf 78' lang='lat' dir='ltr'>tegra,</span> <span class='ocrx_word' id='word_1_310' title='bbox 255 3006 292 3050; x_wconf 90' lang='lat' dir='ltr'>ac</span> <span class='ocrx_word' id='word_1_311' title='bbox 313 2984 450 3071; x_wconf 88' lang='lat' dir='ltr'>proinde</span> <span class='ocrx_word' id='word_1_312' title='bbox 471 2987 653 3072; x_wconf 86' lang='lat' dir='ltr'>quidquam</span> <span class='ocrx_word' id='word_1_313' title='bbox 680 2986 769 3053; x_wconf 88' lang='lat' dir='ltr'>aliud</span> <span class='ocrx_word' id='word_1_314' title='bbox 791 2987 986 3054; x_wconf 89' lang='lat' dir='ltr'>attributum</span> <span class='ocrx_word' id='word_1_315' title='bbox 1019 2989 1191 3055; x_wconf 82' lang='lat' dir='ltr'>diversum</span> 
     </span>
    </p>
   </div>
   <div class='ocr_carea' id='block_1_5' title="bbox 113 3150 1195 3653">
    <p class='ocr_par' dir='ltr' id='par_1_7' title="bbox 113 3150 1195 3653">
     <span class='ocr_line' id='line_1_37' title="bbox 151 3150 1194 3216; baseline -0.001 -9"><span class='ocrx_word' id='word_1_316' title='bbox 151 3160 159 3196; x_wconf 84' lang='lat'>¹</span> <span class='ocrx_word' id='word_1_317' title='bbox 180 3156 314 3215; x_wconf 81' lang='lat' dir='ltr'>lllxlmus,</span> <span class='ocrx_word' id='word_1_318' title='bbox 335 3158 358 3205; x_wconf 86' lang='lat' dir='ltr'>rt</span> <span class='ocrx_word' id='word_1_319' title='bbox 376 3156 433 3205; x_wconf 78' lang='lat' dir='ltr'>arlo</span> <span class='ocrx_word' id='word_1_320' title='bbox 452 3158 490 3205; x_wconf 86' lang='grc' dir='ltr'>υιε</span> <span class='ocrx_word' id='word_1_321' title='bbox 507 3155 610 3216; x_wconf 70' lang='lat' dir='ltr'>former</span> <span class='ocrx_word' id='word_1_322' title='bbox 628 3156 812 3204; x_wconf 75' lang='lat' dir='ltr'>consideretur.</span> <span class='ocrx_word' id='word_1_323' title='bbox 833 3150 957 3214; x_wconf 83' lang='lat' dir='ltr'>lltenlm,</span> <span class='ocrx_word' id='word_1_324' title='bbox 978 3155 1000 3203; x_wconf 84' lang='lat' dir='ltr'>sl</span> <span class='ocrx_word' id='word_1_325' title='bbox 1017 3158 1123 3205; x_wconf 79' lang='lat' dir='ltr'>constet</span> <span class='ocrx_word' id='word_1_326' title='bbox 1142 3168 1194 3206; x_wconf 83' lang='lat' dir='ltr'>an-</span> 
     </span>
     <span class='ocr_line' id='line_1_38' title="bbox 114 3226 1194 3290; baseline -0.004 -9"><span class='ocrx_word' id='word_1_327' title='bbox 114 3230 239 3281; x_wconf 81' lang='lat' dir='ltr'>tecedens</span> <span class='ocrx_word' id='word_1_328' title='bbox 253 3229 363 3278; x_wconf 80' lang='lat' dir='ltr'>connexi</span> <span class='ocrx_word' id='word_1_329' title='bbox 383 3240 441 3277; x_wconf 82' lang='lat' dir='ltr'>esse</span> <span class='ocrx_word' id='word_1_330' title='bbox 462 3227 568 3276; x_wconf 77' lang='lat' dir='ltr'>unicam</span> <span class='ocrx_word' id='word_1_331' title='bbox 583 3226 926 3289; x_wconf 77' lang='lat' dir='ltr'>rationem-consequentis,</span> <span class='ocrx_word' id='word_1_332' title='bbox 941 3230 1005 3276; x_wconf 90' lang='lat' dir='ltr'>tnnc</span> <span class='ocrx_word' id='word_1_333' title='bbox 1019 3226 1194 3290; x_wconf 66' lang='lat' dir='ltr'>syllogismus</span> 
     </span>
     <span class='ocr_line' id='line_1_39' title="bbox 115 3296 1194 3355; baseline -0.003 -3"><span class='ocrx_word' id='word_1_334' title='bbox 115 3314 249 3352; x_wconf 81' lang='lat' dir='ltr'>connexus</span> <span class='ocrx_word' id='word_1_335' title='bbox 269 3300 349 3349; x_wconf 85' lang='lat' dir='ltr'>etlam</span> <span class='ocrx_word' id='word_1_336' title='bbox 369 3298 410 3347; x_wconf 81' lang='lat' dir='ltr'>his</span> <span class='ocrx_word' id='word_1_337' title='bbox 430 3298 532 3347; x_wconf 80' lang='lat' dir='ltr'>duobus</span> <span class='ocrx_word' id='word_1_338' title='bbox 558 3298 642 3346; x_wconf 86' lang='lat' dir='ltr'>modis</span> <span class='ocrx_word' id='word_1_339' title='bbox 667 3302 740 3346; x_wconf 82' lang='lat' dir='ltr'>reete</span> <span class='ocrx_word' id='word_1_340' title='bbox 766 3296 919 3355; x_wconf 82' lang='lat' dir='ltr'>concludit,</span> <span class='ocrx_word' id='word_1_341' title='bbox 939 3301 968 3346; x_wconf 87' lang='lat' dir='ltr'>at</span> <span class='ocrx_word' id='word_1_342' title='bbox 987 3298 1012 3345; x_wconf 82' lang='lat' dir='ltr'>ri</span> <span class='ocrx_word' id='word_1_343' title='bbox 1032 3309 1086 3346; x_wconf 87' lang='lat' dir='ltr'>uon</span> <span class='ocrx_word' id='word_1_344' title='bbox 1106 3297 1194 3349; x_wconf 82' lang='lat' dir='ltr'>soltus</span> 
     </span>
     <span class='ocr_line' id='line_1_40' title="bbox 115 3364 1194 3431; baseline -0.004 -9"><span class='ocrx_word' id='word_1_345' title='bbox 115 3372 228 3430; x_wconf 75' lang='lat' dir='ltr'>tonnae,</span> <span class='ocrx_word' id='word_1_346' title='bbox 249 3372 293 3420; x_wconf 87' lang='lat' dir='ltr'>sed</span> <span class='ocrx_word' id='word_1_347' title='bbox 314 3370 416 3419; x_wconf 88' lang='lat' dir='ltr'>ratione</span> <span class='ocrx_word' id='word_1_348' title='bbox 437 3370 576 3419; x_wconf 85' lang='lat' dir='ltr'>materiae.</span> <span class='ocrx_word' id='word_1_349' title='bbox 597 3364 631 3418; x_wconf 83' lang='lat' dir='ltr'>ll.</span> <span class='ocrx_word' id='word_1_350' title='bbox 645 3380 685 3431; x_wconf 65' lang='lat' dir='ltr'>g„</span> <span class='ocrx_word' id='word_1_351' title='bbox 705 3369 734 3419; x_wconf 77' lang='lat' dir='ltr'>St</span> <span class='ocrx_word' id='word_1_352' title='bbox 753 3377 791 3418; x_wconf 85' lang='grc' dir='ltr'>εει</span> <span class='ocrx_word' id='word_1_353' title='bbox 809 3370 896 3426; x_wconf 74' lang='lat' dir='ltr'>domo,</span> <span class='ocrx_word' id='word_1_354' title='bbox 910 3375 949 3417; x_wconf 87' lang='grc' dir='ltr'>εει</span> <span class='ocrx_word' id='word_1_355' title='bbox 965 3369 1068 3421; x_wconf 80' lang='lat' dir='ltr'>calmet</span> <span class='ocrx_word' id='word_1_356' title='bbox 1085 3372 1194 3420; x_wconf 73' lang='lat' dir='ltr'>ratione</span> 
     </span>
     <span class='ocr_line' id='line_1_41' title="bbox 113 3440 1195 3509; baseline -0.002 -17"><span class='ocrx_word' id='word_1_357' title='bbox 113 3446 271 3509; x_wconf 66' lang='lat' dir='ltr'>praeditatur,¹</span> <span class='ocrx_word' id='word_1_358' title='bbox 290 3444 360 3506; x_wconf 81' lang='lat' dir='ltr'>atqui</span> <span class='ocrx_word' id='word_1_359' title='bbox 378 3447 415 3491; x_wconf 90' lang='grc' dir='ltr'>εει</span> <span class='ocrx_word' id='word_1_360' title='bbox 434 3441 535 3491; x_wconf 77' lang='lat' dir='ltr'>animal</span> <span class='ocrx_word' id='word_1_361' title='bbox 553 3443 655 3490; x_wconf 80' lang='grc' dir='ltr'><strong><em>εειιοεεε</em></strong></span> <span class='ocrx_word' id='word_1_362' title='bbox 671 3440 835 3502; x_wconf 64' lang='lat' dir='ltr'>praeditum</span> <span class='ocrx_word' id='word_1_363' title='bbox 854 3452 914 3503; x_wconf 74' lang='lat' dir='ltr'>erpo</span> <span class='ocrx_word' id='word_1_364' title='bbox 933 3446 971 3489; x_wconf 93' lang='grc' dir='ltr'>εει</span> <span class='ocrx_word' id='word_1_365' title='bbox 989 3440 1084 3502; x_wconf 76' lang='lat' dir='ltr'>domo,-</span> <span class='ocrx_word' id='word_1_366' title='bbox 1102 3443 1141 3498; x_wconf 86' lang='lat' dir='ltr'>et,</span> <span class='ocrx_word' id='word_1_367' title='bbox 1162 3443 1195 3492; x_wconf 82' lang='lat' dir='ltr'>Si</span> 
     </span>
     <span class='ocr_line' id='line_1_42' title="bbox 116 3511 1195 3585; baseline 0 -21"><span class='ocrx_word' id='word_1_368' title='bbox 116 3522 154 3565; x_wconf 87' lang='grc' dir='ltr'>εει</span> <span class='ocrx_word' id='word_1_369' title='bbox 172 3516 258 3571; x_wconf 80' lang='lat' dir='ltr'>domo,</span> <span class='ocrx_word' id='word_1_370' title='bbox 279 3520 316 3562; x_wconf 91' lang='grc' dir='ltr'>εει</span> <span class='ocrx_word' id='word_1_371' title='bbox 334 3512 437 3562; x_wconf 84' lang='lat' dir='ltr'>animal</span> <span class='ocrx_word' id='word_1_372' title='bbox 454 3513 555 3560; x_wconf 78' lang='lat' dir='ltr'>ratione</span> <span class='ocrx_word' id='word_1_373' title='bbox 572 3513 729 3575; x_wconf 64' lang='lat' dir='ltr'>praeditum</span> <span class='ocrx_word' id='word_1_374' title='bbox 748 3513 818 3585; x_wconf 70' lang='lat' dir='ltr'>otpul</span> <span class='ocrx_word' id='word_1_375' title='bbox 835 3522 890 3560; x_wconf 77' lang='lat' dir='ltr'>uon</span> <span class='ocrx_word' id='word_1_376' title='bbox 909 3516 948 3564; x_wconf 80' lang='grc' dir='ltr'>εει</span> <span class='ocrx_word' id='word_1_377' title='bbox 965 3511 1053 3580; x_wconf 58' lang='lat' dir='ltr'>domm·</span> <span class='ocrx_word' id='word_1_378' title='bbox 1064 3524 1126 3579; x_wconf 71' lang='lat' dir='ltr'>erpo</span> <span class='ocrx_word' id='word_1_379' title='bbox 1138 3524 1195 3571; x_wconf 72' lang='lat' dir='ltr'>uon</span> 
     </span>
     <span class='ocr_line' id='line_1_43' title="bbox 114 3583 567 3653; baseline -0.02 -11"><span class='ocrx_word' id='word_1_380' title='bbox 114 3594 154 3643; x_wconf 88' lang='grc' dir='ltr'>ειι</span> <span class='ocrx_word' id='word_1_381' title='bbox 172 3586 273 3640; x_wconf 78' lang='lat' dir='ltr'>enimet</span> <span class='ocrx_word' id='word_1_382' title='bbox 292 3587 394 3637; x_wconf 74' lang='lat' dir='ltr'>cottone</span> <span class='ocrx_word' id='word_1_383' title='bbox 410 3583 567 3653; x_wconf 72' lang='lat' dir='ltr'>praeduram.</span> 
     </span>
    </p>
   </div>
   <div class='ocr_carea' id='block_1_6' title="bbox 0 0 1257 3909">
    <p class='ocr_par' dir='ltr' id='par_1_8' title="bbox 0 0 1257 3909">
     <span class='ocr_line' id='line_1_44' title="bbox 0 0 1257 3909; baseline 0 0"><span class='ocrx_word' id='word_1_384' title='bbox 0 0 1257 3909; x_wconf 95' lang='lat' dir='ltr'> </span> 
     </span>
    </p>
   </div>
  </div>
 </body>
</html>
