2475 3909
145 156 185 223 18
542 172 726 221 ceronnam

104 276 233 353 quoqpe
255 262 401 353 spectat,
421 254 501 339 quia
523 253 632 352 illud,
654 252 743 351 quod
765 264 813 321 est
827 254 1079 352 necessarium,
1102 274 1171 320 esse

104 346 216 422 nequit
238 338 346 415 ahter,
368 357 405 401 ac
426 348 486 415 est,
508 345 541 402 et
563 335 638 401 ideo
661 334 868 404 immutabile
890 346 938 401 est
953 338 977 400 ⁴.

506 454 686 521 CAPVT
718 454 775 519 111.

190 576 235 642 lte
258 577 522 659 proprietatibus
543 579 685 645 omnium
705 579 830 644 anuum
851 578 1091 654 communibus,
1126 622 1132 629 -

431 663 468 725 et
489 662 629 742 primum
650 662 691 725 da
712 662 847 724 unitate

143 776 194 841 51.
218 776 297 842 Tres
319 798 337 841 a
364 776 569 863 Philosophis
598 778 740 841 maxime
764 776 931 861 generales
954 778 1173 921 proprietates

105 858 186 923 entis
208 857 467 944 distinguuntur,
483 860 590 923 unitor
613 879 748 943 nempe,
764 858 891 934 ceritas,
907 871 940 923 et
973 871 1086 935 outtos,
1100 882 1174 925 cum

127 960 168 1005 ua
187 940 368 1022 pulcritudo
391 953 477 1005 arcte
498 943 723 1025 coniungitur.
749 940 820 1004 Hae
842 951 999 1005 vocantur
1019 953 1175 1007 troarcen-

104 961 250 1097 dentatas,
265 1033 302 1087 ut
322 1020 567 1105 distinguantur
582 1021 623 1086 ab
638 1022 804 1088 attributis
817 1023 1011 1103 categoricis,
1027 1024 1069 1087 iis
1085 1046 1172 1088 nem-

48 1136 55 1150 ·
105 1124 157 1189 pe,
173 1124 256 1187 quae
279 1114 369 1169 certo
391 1104 533 1188 quodam
557 1124 689 1189 genere,
703 1106 771 1170 sive
786 1105 940 1186 categoria
954 1106 1172 1171 continentur.

159 1232 226 1283 dea.
249 1230 268 1283 Ι.
282 1246 315 1269 -·-
327 1229 366 1283 Ea
384 1224 562 1297 adponuntur,
582 1248 651 1297 quae
670 1237 776 1297 proprie
794 1234 828 1283 ad
848 1236 978 1283 unitatem
998 1240 1119 1297 spectant

143 1346 195 1411 52.
219 1344 350 1422 Unum,
374 1354 411 1409 ut
432 1365 457 1409 a.
481 1344 618 1409 Thomas
640 1344 805 1423 advertit,
830 1344 912 1408 nihii
934 1343 1024 1408 aliud
1049 1344 1174 1428 signiti-

105 1440 181 1505 cat,
203 1448 302 1511 quam
322 1446 375 1490 eno
396 1426 621 1503 indiuioom¹;
643 1428 729 1491 unde
752 1427 831 1491 haec
851 1436 900 1491 est
923 1446 999 1490 vera
1024 1424 1174 1491 definitio

104 1512 217 1574 unius:
243 1510 347 1573 tinum
368 1520 410 1571 est
434 1528 508 1583 ear,
532 1508 613 1593 quod
633 1530 694 1572 non
715 1509 874 1573 dividitor
889 1509 911 1570 ⁸.
934 1505 1062 1573 Exinde
1083 1510 1176 1573 intei-

105 1590 223 1689 ligitur
242 1610 342 1653 unum
365 1610 429 1654 non
455 1588 575 1655 addere
596 1592 665 1655 euti
687 1591 812 1677 aliquid
833 1590 945 1667 reale,
968 1588 1025 1654 sed
1047 1599 1172 1657 tautum

105 1674 248 1757 aliquam
269 1672 488 1758 negationem,
510 1671 589 1756 quia
613 1672 731 1769 ipsum,
754 1692 830 1737 cum
852 1691 915 1736 non
937 1668 1029 1737 aliud
1050 1670 1175 1756 signifi·

105 1766 180 1833 cet,
205 1754 268 1819 nisi
291 1775 348 1819 ens
377 1752 581 1830 indivisum,
605 1753 800 1820 divisionem
821 1753 906 1819 entis
926 1762 1024 1838 negat
1037 1754 1062 1815 ⁴.
1086 1753 1173 1821 Care

106 1849 211 1903 tamen
234 1858 273 1901 ne
296 1834 372 1901 inde
394 1834 517 1901 inieras
545 1847 737 1922 conceptum
758 1837 854 1901 unior
879 1854 949 1900 esse
971 1836 1171 1920 negativum.

104 1920 188 1985 Nam
210 1938 325 1995 unum,
347 1938 422 1981 eum
443 1916 605 2003 significet
626 1940 704 1996 ens,
727 1918 814 2003 quod
836 1929 885 1982 est
907 1916 1109 1993 indivisum,
1129 1919 1175 1981 si-

105 2000 236 2087 gnificat
256 1999 484 2084 principaliter
505 2020 574 2076 ens,
590 2004 658 2065 sive
681 2000 908 2074 substantiam,
924 2009 957 2065 et
978 1996 1175 2066 secundario

105 2084 311 2177 negationem
334 2078 520 2158 divisionis,
530 2102 572 2179 ao
594 2082 730 2199 ppoinde
752 2082 825 2148 eius
847 2090 1023 2167 conceptus
1046 2094 1176 2148 nonest

105 2175 202 2311 uegit
203 2185 276 2309 1ΙΙΙΙ
280 2160 815 2340 ’ρετῖΙΙιεΙΙΙΙΙΙΙΙΙΙΙΙΙΙΙῐΙοΙεΙηυᾶυω
836 2242 931 2308 nobis
945 2253 994 2309 est
1012 2200 1175 2310 unitatem

105 2348 175 2393 esse
198 2334 434 2412 proprietatem
455 2326 546 2391 omni
568 2328 635 2391 enti
657 2347 876 2391 communem.

145 2411 209 2474 Pro
236 2457 243 2471 .
268 2407 365 2473 onoc
386 2427 438 2470 eor
461 2419 504 2473 est
526 2428 637 2472 onom.

145 2429 316 2556 Prodotur.
339 2488 443 2554 Omne
467 2510 524 2554 ens
547 2508 604 2575 per
627 2510 719 2555 suam
741 2488 912 2555 essentiam
934 2499 982 2554 est
1004 2488 1060 2565 id,
1083 2488 1176 2573 quod

104 2585 163 2637 est.
187 2574 287 2657 Atqui
309 2570 446 2635 essentia
468 2578 517 2637 est
537 2570 584 2650 id,
599 2592 665 2656 quo
688 2570 943 2655 unumquodque
964 2591 1020 2634 eus
1042 2569 1083 2634 ab
1099 2569 1178 2635 aliia

104 2652 330 2739 distinguitur,
353 2661 385 2717 et
407 2672 464 2717 ens
482 2674 524 2718 ex
545 2654 605 2720 hoc
626 2656 713 2740 ipso,
735 2653 823 2738 quod
843 2651 885 2717 ab
907 2651 980 2717 aliis
1001 2650 1179 2738 distingui·

94 2906 97 2908 .
141 2850 153 2889 ¹
173 2850 213 2905 Ex
231 2854 283 2913 hia,
303 2864 373 2917 quae
392 2850 645 2908 demonstravimus,
659 2848 739 2900 tacite
752 2855 793 2902 est
806 2853 965 2917 redarguere
977 2867 1097 2905 errorem
1111 2852 1180 2907 Car-

105 2928 175 2983 teeii‚
195 2927 241 2989 qui
261 2927 342 2975 sensit
360 2920 485 2991 (napum.
505 2936 560 2973 oua
578 2921 682 2973 atettm.
702 2923 833 2984 object.,s
852 2922 882 2993 6)
900 2929 1029 2977 aasentias
1049 2942 1139 2978 rernm
1161 2944 1179 2979 a

103 2999 186 3049 libera
208 2998 343 3048 rotuntate
363 2994 409 3046 Dei
430 2994 554 3056 pendere,
569 2995 604 3044 ita
625 2998 655 3043 ut
672 2996 803 3045 essentiae
822 3010 1004 3061 aerumpnas
1023 2996 1092 3050 Dent
1110 3014 1181 3051 enn-

103 3072 179 3129 didit,
200 3075 306 3133 possent
325 3070 402 3119 aliter
422 3079 450 3115 sc
469 3065 577 3125 habere,
597 3080 680 3130 quam
698 3081 727 3116 ae
746 3066 855 3119 habent.
869 3066 921 3120 Sed
939 3072 971 3119 de
991 3071 1032 3121 hio
1051 3072 1076 3120 in
1096 3074 1181 3122 Ἠκο-

104 3145 173 3209 topic
191 3144 317 3192 naturali.
348 3138 397 3191 Hic
421 3142 525 3188 tontum
551 3137 707 3189 adnotatum
733 3138 875 3197 rotamur.
897 3140 965 3191 hanc
984 3136 1095 3193 Cartesii
1115 3156 1182 3193 sen·

104 3216 238 3270 tentiam,
259 3220 289 3264 ut
308 3214 363 3277 ipae
383 3208 492 3274 noritur
513 3207 606 3278 (ittet,
626 3216 679 3260 art.
699 3209 826 3275 Spinozo)
845 3215 970 3276 scripsit,
991 3214 1024 3263 ad
1042 3217 1183 3266 interitione

103 3288 292 3351 metoptnaiooc
310 3287 382 3335 riam
402 3288 531 3334 sternere.
551 3278 619 3333 Nam
638 3284 823 3342 scientiarum,
842 3298 911 3348 quae
930 3287 1005 3337 eirca
1024 3299 1114 3336 rernm
1134 3301 1184 3337 ea-

105 3362 204 3411 sentiar
224 3363 373 3417 vereantur,
393 3356 529 3405 obiectum
542 3367 595 3404 non
608 3355 661 3404 iam
674 3356 857 3406 neceesarium
872 3362 902 3407 et
914 3357 1080 3408 immutabile
1094 3358 1182 3421 toret,

103 3432 149 3482 aed
168 3430 297 3481 mutabile
314 3436 343 3481 at
361 3429 528 3491 contingere
541 3425 696 3477 huiusmodi
713 3427 785 3478 enim
803 3432 845 3479 est
863 3429 890 3480 id
907 3430 979 3494 guod
996 3444 1014 3480 a
1031 3430 1116 3481 tibere
1130 3446 1185 3483 ro·

102 3503 207 3552 luntate
227 3498 272 3550 liei
291 3502 398 3564 pendet.
991 3541 995 3552 .
1122 3547 1126 3566 ξ
1166 3535 1172 3542 -

139 3572 151 3609 ²
171 3570 192 3629 Ι,
212 3586 239 3634 q.
260 3570 308 3630 ΙΙΙ,
328 3588 355 3623 a.
378 3574 388 3622 t
411 3568 488 3622 e.·-³
508 3571 539 3621 in
558 3570 603 3620 tto.
619 3573 726 3630 tsenc,
742 3568 806 3621 utet.
822 3569 917 3630 ΙΙΙΙΝ,
932 3588 960 3637 q.
976 3571 997 3632 Ι,
1011 3587 1037 3623 a.
1053 3574 1070 3623 3
1089 3577 1124 3626 ad
1147 3578 1184 3631 3,

141 3642 151 3681 Ι
172 3640 192 3704 Ι,
214 3658 241 3707 q.
262 3640 310 3702 ΙΙΙ,
331 3646 383 3699 icc.
403 3644 451 3697 eit.
467 3642 519 3679 -5
539 3644 587 3707 Qq.
608 3645 707 3710 otrpp,
726 3644 766 3695 Dr
784 3646 856 3706 Pet,
876 3660 904 3709 q.
924 3642 970 3709 ΙΙ,
990 3658 1017 3696 a.
1040 3647 1055 3694 7
1073 3660 1100 3697 e.
