2475 3909
161 176 200 245 32
545 190 745 243 contere

122 278 213 343 Picto
234 279 413 357 unitatum,
435 276 507 357 vei,
531 282 672 346 Socrate
698 276 856 357 ambulet,
884 290 912 344 et
933 278 1186 367 philosophetur,
1223 281 1224 306 ³

121 360 194 436 vei,
215 362 376 441 Socrates,
399 372 425 426 et
447 363 541 427 Plato
560 358 735 435 ambulant,
757 374 784 425 et
803 362 1073 449 philosophantur.
1098 368 1186 430 Hine

120 442 210 507 vides
224 443 407 509 huiusmodi
424 446 682 510 enunciationem
698 444 789 511 multi
816 446 911 509 iicem
926 448 1092 533 appellari,
1106 452 1186 532 quia

120 545 185 589 non
206 536 254 592 est
273 528 368 591 unica
389 529 585 603 enunciatio,
601 548 684 610 quac
706 548 748 591 ex
770 467 931 612 piurihus,
946 531 1038 614 quasi
1054 552 1097 595 ex
1112 550 1187 615 par-

121 606 207 672 tibus
229 610 318 685 auia,
340 608 518 685 conflatur,
541 608 596 674 sed
624 618 671 673 est
691 612 901 688 enunciatio,
930 633 1012 697 quae
1034 613 1185 677 diversas

121 690 362 757 enunciationes
383 692 523 757 exhibet.

161 772 211 837 75.
235 772 427 839 Enunciatio
448 788 555 849 autem
581 792 645 836 aaa
665 767 805 859 duplicis
831 777 958 859 generis
977 797 1044 841 ease
1065 786 1186 861 poteat;

120 874 236 941 nempe
258 855 308 920 vel
329 866 377 920 est
397 878 459 921 aaa
485 862 545 923 eim
568 856 683 931 liciter,
705 856 756 919 vel
777 865 827 921 est
846 877 978 941 uoaprr
991 861 1187 923 coniunctio

119 956 200 999 mm.
223 934 292 1001 Una
317 938 503 1022 simpliciter
551 938 649 1003 icitur
668 958 728 1014 ea,
751 958 832 1023 quae
853 959 955 1003 unum
975 938 1015 1006 de
1037 960 1104 1005 uno
1126 942 1187 1006 ab·

120 1017 224 1083 cointe
246 1016 426 1105 significat,
454 1042 483 1085 e.
509 1043 558 1107 g.,
588 1019 676 1083 homo
702 1021 887 1084 eatretinere
911 1023 1084 1105 praeditat.
1111 1021 1187 1089 Una

120 1108 230 1166 autem
247 1122 305 1185 per
326 1103 567 1167 coniunctionem
588 1098 641 1166 vel
660 1111 708 1167 eat
727 1124 777 1178 ea,
799 1122 882 1188 quae
904 1124 944 1167 ex
967 1116 1056 1203 parte
1073 1103 1188 1171 subie-

120 1186 188 1259 cti,
210 1196 267 1249 aut
287 1184 485 1270 praedicati,
508 1194 563 1250 aut
584 1186 753 1270 utriusque
775 1186 869 1271 ptura
889 1185 1071 1270 significat,
1097 1208 1186 1273 quae

121 1265 161 1330 ad
183 1267 316 1331 unicum
336 1279 525 1362 conceptum
540 1264 691 1342 subiecti,
706 1275 762 1331 aut
774 1266 953 1352 praedicati
966 1268 1183 1347 reducuntur,

119 1368 150 1413 e.
197 1394 218 1426 .,
242 1350 366 1414 Animal
387 1348 534 1414 rationale
554 1349 684 1413 mortale
703 1350 817 1426 σηπίη
840 1350 892 1414 vel
913 1360 961 1417 eat
981 1372 1030 1428 ea,
1052 1372 1116 1437 qua
1139 1356 1188 1419 si-

121 1368 292 1516 gniiicatur
313 1434 499 1497 coniunctio
522 1430 666 1517 plurium
686 1432 958 1508 enunciationum,
974 1454 1057 1519 quae
1071 1435 1117 1499 ita
1133 1436 1188 1499 in-

120 1526 171 1579 ter
191 1536 224 1579 se
246 1512 445 1592 referuntur,
467 1523 503 1579 ut
523 1533 622 1577 unam
644 1515 902 1578 enunciationem
923 1516 1128 1591 constituant;
1150 1538 1184 1581 e.

145 1642 166 1674 .‚
189 1598 228 1664 Si
248 1596 312 1661 dier
337 1609 403 1675 ert,
425 1595 483 1660 tue
504 1606 558 1659 ert.
581 1594 857 1673 Euunciationes,
884 1616 968 1681 quae
999 1608 1074 1663 sunt
1100 1618 1187 1663 unae

118 1615 179 1745 Eoo
199 1678 301 1745 altero
323 1678 429 1755 modo,
451 1698 567 1762 nempe
589 1696 647 1761 per
667 1679 901 1743 connexionem
919 1678 1064 1765 plurium
1078 1700 1188 1744 enun-

119 1762 308 1839 ciationum,
331 1758 484 1826 dicuntur
506 1759 726 1844 hypotheticae,
744 1770 841 1845 atque
860 1759 921 1825 hoe
940 1762 1068 1827 nomine
1091 1782 1109 1824 a
1130 1784 1189 1827 ce-

119 1848 200 1911 teris
221 1844 393 1923 omnibus,
415 1862 499 1929 quae
520 1853 677 1907 vocantur
697 1846 900 1925 categoricae,
923 1842 1184 1930 distinguuntur.

121 1926 267 1995 Praestat
288 1946 400 1993 earum
422 1935 569 1991 naturam
590 1922 710 1989 clarius
731 1944 905 2008 exponere,
926 1926 1095 2012 ramaeque
1111 1946 1187 2013 spe-

119 2010 187 2074 cies
208 2030 390 2075 numerare.

159 2092 211 2156 76.
234 2092 344 2177 ltaque
373 2087 557 2155 enunciatio
591 2087 784 2173 hypothetico
814 2086 923 2154 differt
949 2111 967 2154 a
994 2090 1185 2173 categorico,

119 2172 206 2257 quod
227 2172 323 2239 huius
344 2181 450 2257 partes
471 2180 545 2235 sunt
565 2189 704 2247 nomeu,
725 2180 759 2236 et
780 2169 937 2248 verbum,
961 2168 1047 2238 ittius
1067 2180 1184 2238 antem

119 2266 195 2321 sunt
214 2255 456 2319 enunciationes
477 2252 697 2398 categoricae,
719 2273 859 2336 quarum
879 2254 1019 2319 secunda
1043 2274 1101 2339 per
1121 2255 1188 2321 ali-

118 2356 217 2435 quam
238 2337 498 2403 coniunctionem
519 2354 537 2397 a
581 2336 722 2419 primam
740 2335 893 2401 retertur.
909 2338 947 2401 E.
965 2358 1009 2421 g„
1024 2336 1189 2435 hypothe-

118 2430 183 2485 trca
204 2429 253 2487 aot
272 2420 328 2485 itta
358 2417 561 2489 enunciatio,
584 2414 623 2511 δι’
642 2416 709 2483 dier
732 2428 798 2496 ert,
830 2418 888 2482 tax
909 2432 973 2494 eet,
999 2440 1075 2505 quta
1105 2420 1186 2486 eius

142 2514 227 2569 artes
249 2512 322 2567 sunt
342 2500 424 2565 duae
450 2500 713 2576 commotiones,
735 2498 800 2566 dier
820 2510 886 2575 eat,
908 2500 966 2563 lua
987 2512 1052 2580 eat,
1080 2511 1112 2568 at
1135 2525 1185 2569 ue

118 2520 178 2651 Rae
198 2586 318 2649 coniun
365 2592 440 2648 ntur
461 2601 519 2667 per
538 2580 731 2667 particulam
752 2582 794 2659 ai,
815 2603 898 2668 quae
919 2584 1024 2647 officio
1041 2524 1185 2668 coptiiae

118 2664 278 2753 fungitur.
342 2668 393 2731 ino
424 2665 621 2751 perspicitur
651 2664 910 2731 enunciationem
941 2666 1185 2752 hypotheticam

118 2770 154 2814 re
178 2753 246 2835 ipsa
261 2771 329 2815 esse
348 2768 457 2823 unam,
479 2749 558 2832 quia
579 2764 644 2810 nou
664 2743 824 2830 significat
844 2769 899 2826 ea,
922 2767 1005 2832 qnae
1027 2749 1188 2812 enuncia-

117 2830 224 2897 tiooes
245 2833 444 2918 categoricae
469 2832 572 2915 ipsam
593 2840 820 2913 componentes
847 2829 1019 2905 denotant,
1047 2830 1102 2894 sed
1123 2828 1188 2894 de-

142 2913 336 2991 endentiam,
359 2932 442 2999 quae
464 2912 548 2978 inter
566 2910 765 2995 categoricas
779 2912 960 2990 intercedit;
975 2913 1052 2977 haec
1066 2922 1182 2977 autem

117 2933 331 3084 Rependentia
354 3015 417 3061 non
439 2994 503 3059 nisi
524 3004 689 3079 tamquam
714 3014 818 3060 uuum
838 2994 1042 3080 intelligitur.
1064 2994 1103 3060 E.
1129 3014 1183 3081 g.,

117 3078 177 3145 itta
196 3078 403 3157 enunciatio,
424 3075 463 3143 Si
484 3076 546 3141 diet
566 3086 634 3151 eat,
655 3076 713 3140 tun
733 3088 799 3156 eat,
822 3098 885 3142 non
907 3074 1068 3163 significat
1092 3076 1183 3141 diem

118 3181 196 3242 erra,
217 3173 250 3229 et
268 3162 365 3226 iucem
385 3178 464 3235 aare,
485 3158 537 3225 sed
561 3167 686 3223 tautum
707 3160 940 3226 connexionem
960 3162 1076 3225 harum
1096 3158 1184 3227 dna-

117 3262 193 3311 rum
213 3242 489 3310 enunciationum.
1088 3272 1095 3288 ·

158 3330 209 3393 71.
232 3326 311 3391 Trea
332 3334 439 3391 autem
460 3330 534 3389 sunt
553 3321 677 3407 species
691 3323 926 3389 enunciationis
939 3323 1180 3413 hypotheticae,

117 3408 242 3476 scilicet
262 3428 418 3483 connexo,
441 3408 624 3485 coniuncta,
647 3413 679 3470 et
697 3405 862 3471 disiuncta.
888 3408 1079 3473 Enunciatio
1100 3428 1184 3473 cou-

116 3512 200 3557 nexa
222 3499 340 3567 anast,
362 3491 397 3555 in
418 3490 482 3575 qua
503 3487 744 3553 enuntiationes
764 3492 963 3577 categoricae
976 3491 1183 3571 coniungun-

118 3588 174 3643 tur
194 3594 252 3661 por
273 3570 464 3673 particulam
484 3572 525 3647 εἰ,
547 3590 576 3634 e.
594 3591 639 3655 g.,
654 3570 692 3637 Si
712 3570 775 3636 dieo
796 3586 850 3647 ert,
873 3573 931 3636 tae
950 3581 1002 3635 ert.
1026 3573 1075 3636 Ex
1096 3564 1182 3637 dara-

99 3658 178 3724 ¹hun
200 3654 362 3745 partibus,
385 3653 563 3740 exquibus
584 3653 932 3719 enunciatioconnena
954 3664 1096 3729 constat,
1120 3676 1176 3732 ea,
