2475 3909
10 3352 11 3377 l

10 3390 12 3421 l

159 138 199 201 26
550 151 750 199 noorcnr

160 240 211 304 57.
233 238 302 301 lam
329 237 465 301 verbum
493 238 527 301 in
554 238 778 303 enunciatione
807 237 893 304 modi
925 238 1112 315 indicativi,
1143 249 1180 305 et

121 320 276 406 temporis
298 321 475 404 praesentis
496 320 538 387 sit
558 331 696 405 oportet.
719 322 761 386 Et
782 321 909 406 primo,
931 321 1066 390 verbnm
1089 321 1178 386 modi

122 399 290 467 indicativi
318 422 385 467 esse
409 413 557 488 oportere
583 403 740 499 probatur
766 405 824 468 hoc
852 403 943 468 brevi
972 414 1178 489 argumento:

122 484 314 550 Enunoiatio
335 494 383 550 est
404 484 507 551 oratio
526 484 712 563 indicativa,
734 486 812 571 quia
834 507 961 565 rerum,
982 499 1038 551 aut
1059 484 1182 549 salsum

122 566 291 651 significat.
315 568 413 652 Atqui
435 567 620 632 enunciatio
642 569 742 633 sumit
768 590 809 634 ex
836 566 935 633 verbo
961 570 1027 634 vim
1054 566 1185 663 signifi-

45 718 52 731 ,
122 647 214 713 caudi
239 670 371 724 verum,
396 658 450 714 aut
471 648 597 715 lalsurn.
621 651 708 736 Ergo
729 650 863 715 verbum
891 650 925 713 in
952 651 1182 714 evruncratione

123 732 274 795 nonnisi
299 731 385 796 modi
413 730 579 799 indicativi
606 753 674 797 esse
703 742 817 817 potest.
845 732 1012 810 Secundo,
1042 729 1182 795 verbnm

124 832 192 877 esse
214 822 361 899 oportere
383 815 530 911 temporis
546 817 716 899 praeseutia
734 816 896 880 evincitur
915 814 975 878 hoo
995 814 1061 879 alio
1083 834 1185 960 arpo-

124 904 253 959 mento:
278 894 421 961 Verbum
442 918 477 960 rn
498 898 721 962 enunciatione
743 895 903 982 significat
923 908 1030 963 actum
1055 897 1123 960 inte
1140 895 1187 959 le-

125 988 216 1051 ctus,
239 997 303 1062 quo
326 979 466 1062 aliquam
488 980 715 1063 proprietatem
736 998 809 1042 cum
831 976 976 1047 subiecto
997 977 1187 1063 coniungit,

125 1068 180 1123 aut
207 1058 246 1121 ab
274 1057 330 1124 illo
354 1070 492 1146 separat.
519 1062 616 1146 Atqui
647 1058 831 1126 huiusmodi
858 1070 948 1126 actus
975 1060 1008 1123 in
1035 1071 1188 1144 tempore

125 1144 286 1226 praesenti
307 1142 453 1208 efficitur.
477 1144 564 1229 Ergo
586 1144 722 1209 verbum
737 1144 771 1206 in
787 1143 1010 1209 enunciatioue
1025 1143 1188 1227 temporis

127 1226 302 1307 praesentis
323 1246 391 1290 esse
414 1224 517 1289 debet.
540 1224 633 1301 Quod
662 1228 689 1291 si
718 1225 837 1289 multae
865 1225 1107 1290 enunciationes
1132 1244 1192 1288 oc-

126 1316 272 1384 currunt,
296 1308 329 1371 in
351 1307 470 1392 quihus
492 1308 712 1393 praeteritum,
729 1306 777 1372 vel
793 1305 940 1373 loturum
956 1301 1082 1393 temp'us
1096 1304 1191 1371 adhi-

128 1386 233 1467 betur,
258 1390 478 1475 praetoritum,
494 1401 526 1455 et
540 1389 689 1455 futurum
704 1409 767 1453 non
781 1388 968 1456 releruntur
981 1386 1021 1452 ad
1034 1386 1191 1464 verbum,

128 1471 195 1535 sive
218 1470 257 1535 ad
279 1471 442 1557 copulam,
458 1470 511 1535 sed
528 1469 567 1534 ad
582 1481 711 1546 statum,
728 1472 762 1535 in
776 1492 841 1556 quo
855 1472 1036 1537 subiectum
1055 1490 1194 1557 reprae-

129 1563 274 1619 sentatur
292 1552 407 1631 luisse,
429 1552 478 1617 vel
502 1551 661 1618 luturum.
685 1554 723 1617 E.
741 1574 785 1649 g,
808 1554 835 1616 si
859 1553 995 1627 dicatur,
1011 1551 1091 1649 lupis
1112 1553 1193 1633 [nir.

128 1634 179 1699 vel
201 1636 260 1699 erit
282 1636 413 1712 calidus,
436 1633 569 1730 perinde
590 1644 648 1711 est,
672 1654 708 1697 ac
729 1656 756 1698 sr
778 1634 966 1699 diceremus:
984 1635 1075 1719 iopes,
1097 1657 1193 1720 quem

128 1737 211 1783 nuuc
232 1719 411 1801 copitnmus,
434 1739 463 1781 rs
485 1728 540 1795 cst,
563 1719 617 1803 qui
638 1717 712 1797 suit,
735 1716 786 1781 vel
807 1719 866 1781 erit
886 1717 1016 1781 calidus.

356 1844 423 1899 Aer.
445 1842 564 1897 ll.-l)c
583 1846 710 1902 nominis,
730 1850 757 1894 et
777 1846 848 1896 verbi
868 1851 962 1895 natura

171 1955 223 2021 58.
248 1952 342 2030 Duo,
366 1964 403 2020 ut
423 1952 587 2028 diximus,
610 1959 684 2016 sunt
705 1948 862 2015 elementa
886 1948 1124 2015 enunciationis
1148 1947 1199 2011 lo-

156 2036 203 2100 ice
225 2047 396 2121 spectatae,
420 2036 542 2099 scilicet
563 2054 690 2109 nomen,
713 2043 744 2098 et
765 2031 910 2097 verbum.
928 2032 1053 2097 Horum
1073 2039 1199 2095 natura

132 2056 186 2183 iic
206 2115 396 2201 explicanda
418 2116 511 2181 nobis
531 2126 589 2180 est.

173 2198 382 2267 Grammatici
405 2197 563 2262 deliniunt
583 2216 717 2270 nomen,
740 2196 774 2258 id
814 2197 874 2260 uod
895 2195 1116 2269 substantiam,
1138 2208 1199 2257 out

133 2278 313 2366 qualitatem
332 2280 378 2344 rei
400 2279 566 2423 sipopcot.
583 2276 765 2344 Secundum
786 2217 922 2363 liogioos
942 2289 1049 2343 antem
1069 2294 1196 2340 nomen

133 2370 181 2429 est
203 2383 264 2426 oon
283 2362 425 2446 simplem,
448 2383 468 2424 o
509 2360 629 2445 aliquid
650 2361 715 2423 sine
737 2362 885 2423 uarietate
905 2362 1051 2444 temporis
1072 2359 1201 2442 cipnifi-

134 2444 264 2507 candum
284 2446 436 2508 instituto.
460 2444 606 2519 Quarum
632 2440 856 2507 definitionum
884 2440 1067 2507 differentia
1086 2464 1130 2505 ex
1153 2463 1198 2505 eo

134 2526 258 2604 oritur,
280 2524 367 2611 quod
393 2524 621 2610 grammaticus
646 2522 828 2589 considerat
856 2544 972 2599 voces,
1001 2544 1065 2587 non
1094 2538 1202 2608 prout

135 2605 286 2672 denotant
305 2608 529 2692 conceptiones
550 2606 741 2682 intellectus,
756 2603 812 2671 sed
826 2616 924 2691 prout
941 2605 1093 2670 denotant
1107 2606 1202 2690 ipsas

135 2708 199 2765 res;
222 2690 347 2775 logicus
369 2697 477 2755 autem
498 2686 680 2754 considerat
698 2710 805 2766 voces,
821 2700 917 2775 prout
932 2685 1114 2773 significant
1131 2710 1202 2753 non

134 2770 219 2855 ipsas
240 2791 303 2851 res,
326 2769 381 2837 sed
403 2772 626 2857 conceptiones
648 2768 837 2836 intellectus.

175 2852 226 2919 59.
249 2852 316 2917 lam
337 2874 452 2917 nomen
470 2852 572 2937 logice
595 2853 773 2937 spectatum
788 2851 908 2918 dicitur
928 2872 990 2915 occ
1010 2849 1051 2914 cd
1072 2850 1202 2936 aliquid

135 2935 371 3021 ripuificoudum
393 2935 559 3010 instituto,
589 2938 656 2999 sive
684 2934 827 3000 adhibita
848 2932 890 3000 ad
911 2933 1055 3019 aliquem
1080 2952 1201 2997 conce-

137 3031 229 3102 ptum
258 3018 437 3083 intellectus
465 3014 702 3094 denotandum3
736 3038 810 3081 nam
838 3036 956 3081 nomeu
983 3022 1032 3078 est
1058 3033 1124 3077 una
1150 3035 1199 3078 ex

364 3098 487 3163 artibus
508 3100 681 3177 orationis,
697 3120 782 3183 quae
803 3096 841 3162 ad
856 3095 1082 3181 conceptiones
1103 3094 1204 3161 intel-

137 3118 490 3268 lldcliacdlildlseldcieudas
504 3190 626 3266 spectat
638 3182 662 3243 ¹.
679 3182 849 3246 Praeterea
863 3199 980 3244 nomen
994 3176 1115 3241 dicitur
1131 3197 1200 3242 vox

140 3266 293 3351 simplex,
318 3265 396 3351 qnia
416 3262 596 3329 destinatur
616 3261 658 3326 ad
679 3259 926 3347 significandum
946 3268 1138 3344 conceptum
1161 3280 1206 3324 u-

181 3540 187 3577 ¹
209 3536 315 3598 Oratio,
335 3535 480 3588 secundum
498 3531 669 3587 Aristotelem
688 3529 738 3601 (llo
757 3532 881 3595 interpr„
901 3543 928 3579 c.
947 3529 981 3588 l,
1002 3532 1017 3589 s
1038 3524 1082 3595 l),
1105 3527 1205 3593 etipsud

143 3613 265 3679 alpntficot
284 3626 316 3663 ec
334 3624 466 3663 consensu.
