2475 3909
162 152 223 217 1011
449 173 633 222 nunonoom
654 173 842 227 ussvnsnss

127 267 299 338 utramque
321 273 390 318 rem
411 274 486 320 cum
507 257 704 342 cogitatione
725 279 827 323 nnnm
851 257 1003 348 idemque
1024 283 1095 329 esse
1111 285 1178 328 con·
1230 271 1231 276 ’

128 333 253 411 tendit,
278 334 357 399 illud
380 339 624 420 pronuntiatum
653 348 816 406 statuens:
841 343 1003 430 Quidquid
1017 360 1070 417 ‚est
1091 347 1175 419 recle,

124 427 168 481 est
189 417 299 494 ideole,
313 428 342 481 et
355 419 507 504 quidquid
529 433 573 484 est
586 420 695 500 merle,
710 437 754 488 est
767 425 846 488 reale
863 426 885 488 ¹.
907 428 1029 505 Quare,
1051 451 1095 494 ex
1105 431 1178 495 eins

122 503 291 573 sententia,
315 499 407 576 illud,
429 499 515 586 qnod
538 512 644 568 cetera
661 506 768 569 omnia
787 507 1028 592 complectitur,
1052 523 1179 578 nonest
1230 529 1231 532 ’

122 603 226 666 neque
248 581 443 659 subiectum,
467 604 573 668 nequa
594 584 769 664 obiectum,
794 610 905 654 rerum
927 613 966 657 co
992 595 1107 671 itatio,
1127 615 1178 660 seu

121 665 220 741 ldea,
244 666 295 732 rel
318 665 494 741 Idea-Eos,
517 687 600 750 quae
624 669 755 765 quidem
777 672 810 735 in
833 693 866 736 se
888 685 938 741 cst
958 697 976 739 a
1001 674 1131 754 soluta,
1151 689 1179 741 et

88 758 96 784 ¹*
125 745 396 820 indeterminata,
419 747 473 813 sed
496 768 571 812 cum
594 770 735 835 seipsam
761 753 938 820 secundnm
966 759 1128 842 quasdam
1142 759 1180 823 la·

123 849 191 914 ges,
211 851 294 914 qnae
317 827 358 892 ab
380 830 536 914 lleghelio
558 841 711 897 momenta
731 835 946 921 appellantur,
970 841 1107 918 evolsit,
1122 863 1179 924 eps,

121 912 273 974 mundum
300 920 333 977 et
357 912 456 974 Deum
485 912 673 998 producit².

160 993 231 1060 233.
256 992 479 1060 Pantheismus
506 1016 604 1080 opera
631 998 774 1062 Victoris
801 997 936 1066 Cousini
963 1025 981 1066 e
1008 1005 1180 1070 Ges-mama

123 1075 157 1138 in
178 1075 317 1142 Galliam
339 1078 589 1162 transmigravit.
615 1080 678 1143 Hic
705 1081 934 1147 eclecticornm
957 1085 1085 1152 Galliae
1119 1085 1178 1150 dux

121 1177 154 1221 se
177 1156 387 1242 pantheistam
409 1179 477 1223 esse
502 1160 683 1243 praefracte
705 1161 882 1242 inficiatum
906 1165 961 1230 sed
977 1169 1065 1253 quod
1084 1169 1180 1248 verbo

121 1250 225 1325 negat,
248 1260 283 1304 re
306 1239 434 1306 fatetur.
458 1239 582 1307 Revera
607 1245 676 1328 ipse
698 1243 791 1312 docet
812 1244 917 1311 Deum
938 1269 1007 1316 esse
1030 1251 1177 1318 unicum.

120 1332 153 1386 et
174 1321 396 1406 multiplicem,
419 1326 653 1401 aeternitatem,
676 1337 708 1390 et
725 1338 864 1474 tempus,
881 1351 1055 1408 summum,
1082 1346 1116 1398 at
1137 1335 1181 1396 iu·

122 1403 233 1468 limum
256 1404 392 1488 gradum
414 1407 508 1481 entis,
531 1405 671 1480 linitum,
694 1418 726 1473 at
749 1410 779 1474 in
807 1411 921 1486 nitum,
944 1413 1041 1479 simul
1057 1413 1177 1480 Deum.

121 1498 284 1561 naturam,
306 1498 337 1553 et
358 1489 587 1554 humanitatem
600 1492 624 1566 ⁸;
648 1490 775 1568 Deum,
800 1515 875 1556 cum
898 1495 1052 1560 muudum
1075 1509 1179 1562 creat.

121 1588 184 1632 non
204 1568 337 1653 quidem
359 1591 377 1633 e
400 1570 519 1646 nihilo,
542 1569 598 1636 sed
621 1595 638 1637 e
661 1576 767 1658 seipso
791 1574 883 1639 illum
905 1576 1066 1654 educere,
1096 1579 1183 1644 ideo-

120 1671 182 1734 que
205 1652 401 1716 creationem
424 1652 510 1717 alind
528 1675 589 1717 uon
604 1675 688 1729 esse,
702 1677 800 1739 quam
819 1658 1047 1735 evolutionem,
1071 1673 1109 1727 et
1131 1681 1183 1744 ap

122 1736 317 1817 paritionem
340 1734 399 1798 Dei
423 1735 455 1797 in
478 1737 611 1812 mnndoJ
636 1739 833 1804 creationem
849 1761 916 1805 osse
944 1745 1181 1814 necessariam,

120 1817 242 1902 quippe
263 1817 349 1900 qnod
374 1816 480 1893 Deus,
503 1838 577 1883 cnm
600 1822 643 1885 sit
664 1840 776 1884 caussa
799 1820 961 1899 absoluta,
986 1845 1047 1888 nou
1079 1838 1182 1911 potest

121 1919 183 1962 uon
206 1919 327 1977 creare,
344 1901 403 1964 hoc
423 1910 481 1976 est,
497 1901 641 1985 seipsum
657 1903 879 1980 manifestare,
899 1917 932 1969 et
945 1927 1019 1970 cnm
1034 1908 1077 1973 sit
1092 1927 1181 1973 caus

120 2001 154 2043 sa
178 1981 315 2057 infinita,
337 1981 523 2047 huiusmodi
547 1982 768 2051 manifestatio
789 1987 852 2052 erit
874 1999 1032 2066 constans,
1055 2000 1091 2055 et
1113 1989 1182 2056 ini

121 2064 200 2140 nita;
223 2062 328 2128 Deum
351 2064 474 2130 idcirco
496 2066 691 2143 necessario,
713 2079 745 2131 et
766 2087 893 2154 semper
914 2091 1024 2136 creare
1040 2073 1064 2134 ⁴.

476 2204 803 2220 m

156 2278 164 2312 ¹
186 2273 286 2328 Exinde
306 2275 482 2339 intelligitur,
502 2289 551 2324 cur
570 2273 714 2338 [leghelins
739 2289 820 2325 uisam
846 2289 902 2324 esse
923 2289 1031 2330 rernm,
1051 2281 1078 2325 st
1099 2279 1183 2326 scirn-

121 2353 172 2400 tiae
193 2362 282 2399 rernm
301 2350 440 2412 originem,
459 2353 487 2397 st
506 2349 532 2397 in
551 2348 661 2397 selentia
683 2347 808 2405 formam,
834 2352 861 2396 et
875 2347 911 2405 id,
925 2349 996 2409 qarod
1015 2347 1100 2398 lorma
1122 2363 1182 2400 aare

120 2424 230 2475 tinctor.
252 2435 345 2476 nuum,
365 2421 487 2483 idemque
505 2433 563 2470 esse
580 2420 738 2470 decreverit.
754 2417 928 2484 Quamobrem
948 2421 1002 2482 ipss
1023 2427 1108 2472 totam
1128 2421 1182 2484 plri-

120 2495 267 2556 iosopniam
287 2493 355 2543 intra
374 2493 476 2556 logicas
496 2492 630 2543 cancellos
650 2495 747 2556 coligit
762 2506 793 2542 er
807 2505 859 2555 quo
873 2493 1031 2555 sequebatur
1050 2495 1181 2543 rationem

120 2567 319 2631 philosophandi
339 2579 396 2616 esse
416 2564 498 2627 ipsam
519 2565 725 2629 philosophiam
746 2565 876 2628 siquidem
896 2565 991 2628 logica,
1006 2569 1036 2614 ut
1053 2565 1085 2614 ab
1109 2567 1180 2616 initio

120 2641 252 2696 diximus,
273 2651 324 2688 nou
343 2643 384 2688 ost
401 2638 494 2696 aliud,
520 2651 601 2701 quam
621 2639 770 2688 communis
791 2638 859 2686 ratio
877 2636 1101 2700 philosophandi,
1128 2641 1179 2688 sira

120 2713 269 2763 eommunis
294 2710 387 2760 modus
412 2710 523 2760 sciendi.
544 2704 581 2761 Cf
596 2704 687 2762 Carol.
709 2706 808 2766 Kulnn,
829 2712 868 2759 Ds
888 2709 1029 2760 Dialectira
1049 2712 1175 2764 Plutonis.

121 2782 234 2835 lierollni
256 2783 335 2833 1843.

155 2855 168 2892 ²
188 2858 247 2906 ldsu
267 2857 294 2906 in
313 2855 399 2917 primo
418 2858 553 2904 momento
572 2869 600 2904 ss
618 2859 647 2904 in
665 2867 692 2904 ss
711 2857 795 2916 ponit,
816 2857 897 2916 atqua
917 2858 956 2902 est
978 2855 1039 2903 iden
1052 2857 1130 2912 iuss,
1145 2855 1180 2904 id·

119 2935 159 2981 est
177 2943 264 2993 pura,
285 2929 339 2978 sire
358 2929 576 2986 indeterminata,
598 2929 624 2976 iu
644 2927 749 2983 altero,
769 2929 841 2977 extra
862 2937 890 2976 se
911 2925 1086 2988 progrediens,
1109 2929 1180 2989 ponit

121 3003 260 3060 mundum,
282 3005 309 3050 et
326 3003 366 3050 est
387 3002 446 3049 ldae
465 3006 538 3049 eastra
557 3015 594 3059 rs,
614 3004 642 3050 ot
660 3001 686 3047 in
707 3001 785 3048 terito
801 2998 826 3048 in
839 3011 867 3047 ss
880 2997 993 3056 rediens,
1007 3003 1033 3048 st
1044 3001 1180 3049 counias·

120 3077 184 3125 tiam
204 3075 244 3123 sui
264 3073 415 3136 adquirens,
430 3072 503 3134 pouit
523 3073 654 3134 spiritum,
675 3075 701 3119 et
720 3070 817 3121 dicitur
835 3071 894 3120 ldsn
911 3083 961 3133 pro
979 3084 1016 3119 rs.
1037 3066 1116 3121 Circa
1135 3071 1180 3120 lso·

120 3162 179 3198 rum
198 3144 418 3209 philosophorum
441 3148 582 3207 systemata
602 3144 633 3194 ci
648 3141 755 3202 Wilrn,
777 3144 892 3195 Histoire
909 3143 940 3192 ds
960 3143 985 3194 lu
1005 3143 1072 3194 Pilil.
1091 3145 1177 3195 ollem

120 3225 187 3278 etc„
207 3219 262 3267 rol.
284 3215 330 3270 lV.
353 3216 424 3268 Paris
439 3216 519 3266 1849.

156 3291 269 3340 ³li'ono.
281 3289 392 3352 fragm..
413 3303 440 3348 p.
462 3287 554 3346 72-73,
576 3286 649 3339 Paris
670 3286 750 3338 1818.

156 3358 167 3396 ⁴
187 3363 269 3410 Coum
286 3362 317 3408 ds
334 3362 458 3410 l'iitstolrs
476 3361 507 3408 ds
524 3361 552 3409 ln
570 3362 648 3423 phil..
670 3361 719 3419 lec.
743 3355 776 3416 V,
797 3355 843 3415 Vl,
856 3353 892 3414 x,
907 3355 981 3407 Paris
1002 3357 1080 3408 ssia.
1101 3353 1177 3409 Com-

120 3434 225 3492 psrtum
244 3435 284 3479 est
304 3433 330 3479 in
349 3429 561 3481 Panthelsturnm
581 3438 667 3481 castra
688 3432 876 3493 commigrasse
889 3424 1100 3479 Lameuuaisinn
1120 3425 1176 3496 (Βι-

119 3502 203 3560 quires
220 3503 294 3550 d'uns
311 3502 482 3564 philosoplis,
503 3501 574 3553 Paris
595 3497 773 3567 teti-teta),
793 3502 837 3565 qui
857 3503 963 3552 unicam
986 3502 1099 3551 admittit
1118 3503 1177 3552 snb-

120 3569 243 3618 stauiirm
262 3570 341 3620 simul
362 3573 474 3630 linitam.
495 3579 521 3623 et
543 3573 692 3631 indultam,
713 3575 845 3637 donatque
862 3585 953 3623 omnes
973 3586 1015 3624 res
1033 3574 1176 3636 singulares

120 3649 177 3689 csse
196 3641 304 3693 totidem
322 3639 369 3695 liet
386 3643 533 3710 fluxiones,
552 3659 621 3712 queo
650 3651 703 3698 tros
721 3647 879 3716 praseipuas
901 3641 967 3700 llius
985 3647 1176 3717 proprietates,
