2475 3909
136 167 196 234 iot
513 178 746 228 uinauiiooia

95 271 141 337 ita
165 264 341 333 definitur:
368 263 535 342 Quaedam
563 284 627 328 non
655 263 889 348 repugnantia,
919 285 975 330 seu
1003 261 1166 350 quaedam

95 349 258 437 aptitudo,
270 369 355 433 quae
368 347 453 412 inest
464 357 596 412 naturae
610 357 848 422 creaturarum,
860 356 896 410 ut
906 368 923 409 a
935 344 1004 412 lleo
1016 346 1166 431 accipere

93 434 219 518 possint
241 432 392 496 virtutem
417 426 616 514 producendi
640 427 786 504 allectus,
801 428 859 511 qui
874 428 959 493 vires
982 450 1054 493 suas
1075 438 1169 492 natu-

93 514 178 579 rales
201 512 532 601 praetergrediuntur.
553 507 760 625 Quapropter
781 511 926 593 potentia
939 508 1169 577 obedientialis

94 616 112 660 a
135 596 195 662 reli
221 596 271 659 uis
294 591 625 680 potentiis'dillert:l
656 614 699 657 ex
712 612 752 656 co
765 591 851 677 quod
869 593 948 657 istac
971 591 1011 657 ad
1031 593 1167 659 effectus

95 617 262 745 naturdles
285 676 434 741 ordinem
456 673 587 749 babent,
605 674 660 740 illa
675 685 783 739 autem
805 674 845 739 ad
867 675 1000 739 effectus
1014 695 1170 759 superna·

95 759 241 837 turales;
264 757 299 821 2⁰
321 779 363 822 ex
388 779 427 823 eo
452 756 540 841 quod
568 757 648 822 istae
678 776 810 841 prorsus
840 758 873 821 in
901 757 1026 822 naturis
1052 777 1165 821 rerum

95 841 296 918 fundantur,
326 841 361 904 in
390 839 532 926 potentia
561 845 668 904 autem
697 837 906 904 obedientiali
936 837 1094 903 naturalis
1117 847 1168 902 est

93 932 219 988 tantum
236 943 300 987 non
314 921 542 1020 repugnantia,
559 940 613 986 seii
630 918 791 1008 aptitudo,
808 941 865 1006 per
878 941 975 1005 quain
996 932 1166 988 creaturae

94 1005 204 1069 alleo
227 1024 308 1070 nova
331 1012 451 1070 virtute
474 1014 646 1086 augentem
670 1001 723 1067 sed
748 1003 818 1098 ipsa
840 1004 943 1068 virtus
985 999 1166 1067 reducendi

94 1087 167 1152 illos
189 1087 322 1154 allectus
344 1097 393 1152 est
414 1084 681 1171 supernaturalis,
705 1083 906 1170 proindeque
928 1105 947 1148 a
999 1086 1029 1150 ei
1051 1084 1168 1151 volun·

94 1178 172 1248 tate,
197 1179 231 1235 et
251 1177 407 1255 potestate
429 1165 600 1232 dumtaxat
620 1165 740 1252 pendet
751 1166 773 1228 ¹.

330 1293 397 1346 dar.
421 1291 555 1346 iit-iia
574 1297 673 1344 conata
691 1294 816 1356 potentiis
833 1294 912 1344 insito
940 1303 943 1308 ·

131 1402 185 1469 23.
212 1401 347 1466 Coactus
375 1410 423 1467 est
450 1399 505 1464 illa
534 1401 693 1466 naturalis
714 1399 924 1486 proclivitas,
939 1423 1029 1488 quae
1043 1403 1086 1500 ,iu
1108 1425 1168 1501 P⁰T

94 1485 203 1551 tentiis
226 1482 266 1549 ad
289 1483 431 1549 actiones
453 1503 529 1547 suas
549 1483 747 1548 exercendas
768 1483 862 1550 inest.
886 1484 925 1548 Ε.
949 1507 996 1570 g„
1018 1505 1110 1551 visus
1131 1508 1165 1552 iii

94 1576 228 1632 conatus
250 1563 288 1630 ad
311 1563 489 1629 videndum
512 1563 650 1630 tendit¹.

134 1647 186 1711 al..
210 1649 311 1732 Prop.
337 1646 467 1711 Cunctis
487 1647 612 1710 unimur
632 1648 780 1730 potentiis
802 1657 929 1712 cramus
947 1649 1038 1712 inest.

136 1729 306 1795 Probatur.
328 1726 472 1806 Quaevis
493 1747 546 1794 res
566 1729 725 1804 naturalis
746 1740 872 1812 sponte,
895 1749 953 1794 seii
974 1741 1090 1796 natura
1108 1751 1168 1796 sua

94 1809 202 1877 fertur
230 1810 271 1877 ad
299 1807 535 1896 assequendum
561 1809 657 1876 finem
686 1809 750 1875 sibi
778 1831 797 1874 a
825 1810 894 1877 Deo
923 1813 1165 1899 praestitutum.

93 1894 198 1978 Atqui
220 1894 385 1979 potentiae
415 1892 542 1957 animae
563 1905 639 1958 sunt
660 1891 818 1990 quaedam
845 1913 898 1958 res
926 1895 1110 1972 naturales,
1132 1906 1166 1962 et

94 1974 169 2039 finis
190 1996 302 2040 earum
326 1974 460 2070 proprie
489 1975 636 2042 consistit
664 1997 697 2039 in
725 1975 957 2043 exercitatione
986 1977 1166 2054 actionum,

95 2054 136 2120 ad
159 2077 241 2152 quas
263 2054 464 2121 ordinantur.
494 2057 583 2140 Ergo
604 2057 637 2120 in
660 2057 813 2141 potentiis
840 2059 968 2123 animae
997 2058 1168 2125 inclinatio

94 2136 296 2204 admittenda
317 2146 366 2202 est
378 2185 388 2216 ,
411 2157 475 2221 qua
497 2135 538 2200 ad
561 2138 757 2203 exercendas
783 2139 927 2204 actiones
948 2141 1013 2204 sibi
1034 2161 1168 2205 consen·

93 2229 204 2285 taneas
226 2218 420 2284 naturaliter
438 2217 602 2284 seruntur.
626 2221 725 2304 Atqui
750 2220 828 2285 baec
854 2221 1025 2288 inclinatio
1046 2242 1084 2286 ea
1104 2233 1167 2298 est,

94 2321 178 2386 quae
200 2299 329 2365 nomine
351 2309 486 2366 conatus
507 2298 709 2386 designatur.
733 2303 821 2387 Ergo
842 2300 986 2369 dubitari
1009 2325 1073 2368 non
1095 2313 1169 2390 pot-

97 2392 156 2460 est,
179 2383 260 2468 quin
281 2392 414 2448 conatus
436 2380 589 2449 omnibus
610 2386 763 2469 potentiis
784 2385 913 2449 animae
934 2385 1048 2453 insit⁸.

135 2465 187 2531 25.
212 2463 324 2528 Praeci
349 2465 384 2528 ui
409 2463 544 2530 allectus
564 2475 698 2532 conatus
713 2465 745 2531 bi
761 2476 846 2532 sunt:
864 2463 897 2530 1ο
910 2465 985 2543 Quo
998 2467 1102 2533 maior
1116 2479 1170 2536 est

95 2559 231 2614 conatus
246 2485 424 2642 lacullatis,
440 2567 478 2612 eo
495 2547 673 2630 perfectior
686 2559 736 2614 est
748 2549 845 2626 actio,
860 2569 944 2634 quae
960 2550 1166 2648 producitur;

94 2649 124 2693 e.
150 2649 195 2715 g,
219 2627 397 2715 perfectior
418 2640 467 2695 est
488 2629 684 2708 intellectio,
708 2630 736 2695 si
760 2630 865 2695 maior
892 2632 935 2697 sit
961 2634 1098 2699 intentio
1126 2631 1169 2696 ad

94 2708 384 2797 intelligenduml.
411 2709 446 2775 2⁰
471 2709 544 2788 Quo
572 2712 807 2779 vehementiori
835 2722 952 2779 conatu
980 2716 1091 2801 aliqua
1119 2714 1170 2779 la·

95 2795 199 2860 cultas
221 2801 407 2870 exercetur,
429 2815 469 2860 eo
491 2792 669 2861 debiliores
691 2804 767 2861 sunt
787 2795 929 2860 actiones
950 2797 1166 2882 reliquarum3

95 2897 125 2942 e.
145 2897 192 2964 q„
214 2876 242 2941 si
265 2875 355 2940 risus
378 2875 557 2940 fortissime
579 2876 771 2956 intenditur,
793 2876 923 2943 auditus
946 2901 1009 2944 non
1025 2881 1170 2965 percipit

96 2981 147 3040 ea,
172 2977 256 3043 quae
278 2955 443 3023 dicuntur.
460 2957 562 3024 Cuius
583 2960 667 3024 ratio
681 2979 776 3027 exeo
790 2959 988 3027 desumenda
1002 2972 1062 3041 est,
1077 2961 1168 3049 quod

133 3133 139 3168 ¹
162 3131 208 3193 lll,
229 3148 257 3199 q.
278 3131 325 3194 xi,
346 3149 372 3186 a.
396 3135 407 3184 l
431 3151 456 3186 o.
476 3142 503 3186 et
517 3138 566 3202 Oq.
580 3140 678 3203 ἅψῃ..
701 3141 739 3190 De
751 3142 852 3190 Poterit.
868 3142 924 3200 Dei,
938 3155 967 3205 q.
981 3137 1004 3197 l,
1018 3153 1045 3189 a.
1059 3138 1075 3189 Ξ
1089 3138 1123 3189 nd
1141 3141 1167 3190 l.

94 3201 130 3258 Cf
147 3221 171 3255 s.
192 3205 274 3271 Aug„
297 3208 334 3258 Da
353 3208 417 3258 Gen.
438 3211 472 3258 ad
494 3210 554 3270 titt„
574 3211 621 3260 lib.
642 3208 689 3269 lX,
709 3226 735 3261 c.
758 3213 801 3270 li,
821 3218 850 3262 et
869 3212 913 3261 ts.

130 3275 142 3312 ²
161 3275 265 3330 Dicitur
282 3280 365 3329 etiam
385 3285 512 3343 appetitus
529 3285 661 3334 naturalis
680 3286 721 3334 rel
739 3287 855 3342 intentio,
875 3285 938 3347 quia
958 3297 1006 3346 per
1019 3284 1107 3346 ipsum
1119 3297 1170 3346 po-

94 3351 179 3399 tentia
199 3352 358 3403 naturaliter
376 3353 458 3402 tandit
477 3353 510 3402 ad
529 3353 609 3405 duam
628 3369 706 3406 snum
726 3356 933 3420 assequmdnm,
952 3357 999 3420 qui
1018 3358 1046 3404 ln
1063 3356 1171 3406 exerci-

95 3423 193 3473 tationa
213 3424 398 3487 operationum
419 3425 467 3474 sibi
487 3428 655 3488 propriarum
674 3429 806 3478 consistit.

130 3489 198 3546 ³Ci
211 3508 234 3546 a.
255 3494 337 3561 Aug..
358 3498 396 3549 De
414 3499 499 3556 lita..
521 3498 567 3548 lib.
590 3495 627 3550 lli
647 3503 757 3564 passim,
776 3507 804 3552 st
823 3514 845 3550 a.
866 3495 975 3558 Thera..
996 3501 1168 3568 Qq.di'sp1i.,

94 3569 133 3619 Be
156 3565 428 3631 ver..q.xxi1‚a.
454 3571 463 3620 l
486 3583 512 3620 e.

129 3634 196 3692 *ct
211 3636 297 3701 Soot„
317 3641 436 3706 orauit.
458 3639 517 3703 xv,
538 3655 565 3693 n.
586 3643 614 3694 8.
