2475 3909
451 220 533 269 rnns
553 222 658 270 ruina
1010 199 1050 264 17

27 312 94 376 esl,
117 310 277 389 quatenus
298 300 428 370 denotat
450 308 531 381 hoc,
553 304 604 370 vel
626 303 708 371 illud
731 302 956 379 individuum,
978 322 1009 367 e.
1033 321 1087 387 g„
1206 271 1208 350 i

28 386 172 463 Petrum,
194 397 250 451 aut
269 385 417 461 Paulum,
441 388 597 451 namhoc
620 386 716 453 modo
738 408 801 452 non
824 394 928 472 potest
947 404 1016 449 csse
1035 404 1089 449 su-

28 489 176 553 premum
199 466 405 551 praedicandi
428 488 541 615 qenus3
563 470 618 535 sed
641 467 832 566 accipienda
854 475 903 531 est
924 464 1090 552 prouide-

28 560 114 615 notat
144 549 276 616 modum
303 552 426 616 existen
452 554 461 617 i
489 552 640 618 omuibus
661 550 838 617 individuis
858 568 1086 622 communem,

28 652 142 717 nempe
165 630 403 698 subsistentiam
425 635 460 698 in
481 655 527 699 se.
551 634 622 699 Hoc
643 634 740 699 modo
760 632 923 779 cateqoria
943 630 1089 698 substau-

28 712 87 778 tiae
109 712 153 779 de
175 715 311 800 singulis
332 714 531 793 substantiis,
553 736 637 801 quac
658 730 749 784 extra
770 717 836 780 inte
851 713 968 779 lectum
990 720 1086 786 sunt,

30 796 243 875 praedicatur.

316 918 383 973 Aac.
404 922 561 977 Vll-lis
579 929 778 991 quantitate

64 1035 116 1103 31.
140 1033 312 1111 Quantitas
340 1035 470 1119 proprie
497 1036 643 1101 consistit
663 1038 697 1102 in
718 1034 953 1112 divisibilitate,
975 1050 1091 1119 nempe

32 1115 155 1202 aliquid
170 1113 293 1181 dicitur
306 1126 463 1199 quantum
476 1136 518 1181 ex
532 1118 671 1203 eoquod
685 1129 733 1184 est
747 1116 914 1184 divisibile
925 1118 959 1181 in
971 1122 1088 1201 partes.

31 1198 160 1265 Dicitur
181 1197 279 1262 etiam
301 1218 447 1261 mensura
467 1200 738 1278 mercationem
758 1199 808 1276 id,
832 1218 890 1299 per
910 1196 996 1285 quod
1017 1194 1092 1261 sub-
1218 1157 1220 1246 ἵ

31 1282 145 1347 stantia
167 1279 469 1355 estmeusuraltilis3
485 1302 542 1346 nos
569 1282 657 1347 enim
684 1283 895 1349 substanttam
923 1278 1089 1356 metimur,

32 1376 189 1448 quatenus
208 1362 367 1427 sumimus
388 1362 529 1447 aliquam
549 1365 719 1430 minimam
734 1374 858 1451 partem
877 1362 1089 1448 quantitatis,

33 1458 61 1510 at
82 1466 126 1511 ue
139 1444 230 1519 hnic,
246 1452 409 1528 tamquam
424 1445 549 1529 primae
565 1448 662 1533 parti,
674 1448 767 1525 alins,
780 1468 878 1513 unam
893 1444 1089 1532 postellam,

34 1466 104 1593 addi
122 1525 345 1620 intelligimus.

69 1610 119 1677 32.
144 1608 316 1685 Quantitas
336 1606 495 1674 dividitur
516 1610 549 1675 in
571 1610 749 1675 continuom
768 1623 801 1678 et
812 1611 988 1676 discretam.
1014 1605 1090 1671 Gon-

35 1694 122 1757 tiana
142 1711 182 1755 ea
203 1698 274 1765 est,
296 1690 388 1755 cuius
411 1699 517 1775 partes
546 1690 656 1777 aliquo
686 1695 851 1759 communi
877 1691 1016 1758 termino
1037 1710 1092 1753 ne·

36 1784 176 1847 ciuntur,
200 1771 256 1855 qui
279 1790 393 1857 nempe
408 1772 530 1839 nullius
547 1774 700 1858 partium,
715 1796 793 1862 quas
808 1776 920 1851 nectit,
936 1772 1090 1869 proprius

36 1869 89 1933 est,
112 1853 170 1922 sed
192 1852 265 1919 finis
286 1862 335 1918 est
356 1854 474 1939 prioris
493 1856 605 1942 partis,
621 1866 655 1922 et
667 1858 867 1944 principium
890 1854 1089 1941 posterioris.

37 1938 178 2005 discreto
197 1945 247 2001 est
266 1954 316 2011 ea,
338 1939 431 2002 cuius
452 1948 559 2024 partes
580 1940 670 2005 nullo
691 1941 855 2006 communi
878 1937 1016 2005 termino
1036 1954 1093 1999 ue·

37 2030 178 2094 ciuntur,
199 2016 253 2083 sed
275 2017 423 2101 singulae
443 2040 461 2084 a
483 2022 618 2107 singulis
638 2023 865 2107 seiunguntur.
929 2100 932 2105 ,

73 2104 122 2171 33.
147 2103 184 2167 lu
205 2100 382 2185 quantitate
399 2104 548 2169 continua
562 2115 628 2169 tres
641 2104 858 2170 dimensiones
872 2099 966 2167 nobis
979 2120 1092 2164 occur·

40 2198 131 2263 runt,
152 2203 275 2269 eaeque
297 2194 372 2249 sunt
384 2186 553 2269 torpitudo,
572 2186 704 2251 latitudo
724 2197 757 2252 et
775 2184 985 2271 profunditus.
1002 2182 1092 2247 llanc

40 2266 76 2331 ob
88 2267 246 2333 rationem
261 2266 424 2351 quantitas
437 2268 588 2333 continua
602 2268 723 2334 dicitur
735 2269 916 2333 dionensiae.
934 2266 1013 2340 lam,
1029 2264 1089 2329 etsi

40 2348 93 2415 hae
108 2360 174 2417 ires
189 2346 405 2415 dimensiones
418 2350 514 2415 simul
537 2351 666 2416 iunctae
680 2352 715 2416 in
729 2372 785 2416 cor
827 2372 862 2416 re
883 2367 1012 2432 semper
1024 2345 1093 2411 exi·

42 2442 131 2509 stant,
148 2440 252 2496 tamen
273 2426 349 2493 licet
369 2430 463 2498 nobis
483 2434 627 2518 cogitare
649 2434 702 2497 lon
727 2434 773 2499 itu
797 2435 881 2499 inem
901 2429 973 2494 siue
987 2428 1094 2496 latitu-

42 2512 128 2591 dine,
148 2522 182 2577 et
201 2509 439 2597 profunditate,
463 2525 496 2581 at
519 2536 559 2581 ue
582 2516 635 2580 lon
660 2453 817 2581 itudinem
832 2522 865 2580 et
890 2510 1092 2577 latitudinem

42 2596 104 2661 sine
118 2592 349 2683 profunditate.
365 2534 544 2684 longitudo
565 2534 829 2675 similitudine,
844 2607 877 2663 et
890 2591 1092 2681 profundita-

43 2688 70 2743 te
95 2688 144 2744 est
164 2697 202 2742 ea
215 2678 389 2761 quantitas,
426 2700 486 2745 uae
501 2680 624 2746 dicitur
641 2680 732 2756 linem
747 2677 916 2766 longitudo
937 2680 1092 2751 autem,et

44 2758 173 2827 latitudo
186 2758 254 2825 sine
269 2756 489 2844 profunditate
503 2764 647 2829 efficiunt
660 2763 750 2827 illam
763 2761 992 2848 quantitatem,
1006 2776 1090 2844 quae

21 2918 22 2923 ἵ
47 2854 172 2909 tucatur
191 2840 391 2927 superficiem
412 2848 572 2931 quantitas
597 2866 691 2919 rem,
720 2865 803 2930 quae
831 2840 1092 2927 longitudinem,

22 2974 24 3006 ,
46 2923 244 2991 latitudinem
265 2935 297 2990 et
317 2924 568 3010 profunditatem
591 2927 698 3004 habet,
713 2937 918 3025 nuncupatur
940 2943 1051 3007 eorpus
1067 2922 1090 2984 ¹.

23 3044 24 3049 κ
81 3008 129 3073 it.
151 3006 321 3084 Quantitas
340 3006 383 3073 ob
405 3020 470 3077 tres
490 3011 717 3086 dimensiones,
731 3030 811 3099 quas
826 3032 859 3074 ru
874 3030 912 3073 ea
926 3029 995 3074 esse
1010 3004 1093 3069 ridi-

50 3110 122 3169 nns,
138 3110 202 3156 non
216 3090 278 3153 nisi
293 3086 490 3159 substantiae
508 3114 695 3181 corporeae,
709 3113 791 3180 quae
805 3113 847 3157 ex
860 3089 1008 3177 partibus
1019 3108 1094 3152 con·

81 3314 87 3349 ¹
107 3314 229 3377 corporis
251 3311 357 3361 nomine
382 3310 426 3359 liic
449 3311 605 3375 intelligitur
629 3325 681 3362 non
705 3325 802 3375 corpus
823 3311 975 3376 plusieurs,
999 3322 1095 3372 mmps

54 3392 119 3447 put
134 3388 176 3437 est
193 3383 338 3435 subeuntia
357 3384 501 3446 composita
514 3396 546 3435 cn
559 3385 671 3435 materia
690 3388 718 3435 et
736 3384 832 3441 torma,
852 3397 884 3433 ae
902 3380 1011 3445 proinde
1024 3384 1096 3445 qnod

55 3472 95 3510 nn
110 3460 196 3511 tntum
215 3456 373 3520 quantitate,
386 3454 432 3505 sed
446 3456 527 3506 etia·
546 3456 718 3521 quailtatibm
730 3456 870 3507 sensilibus
881 3459 922 3505 est
934 3454 1095 3517 praeditam,

55 3534 89 3581 tri
104 3542 199 3594 cerpus
217 3528 440 3587 mammeam,
460 3528 529 3593 quod
549 3535 588 3581 est
606 3537 729 3595 minamur
746 3530 866 3593 praecisa
883 3530 1022 3585 summm,
1042 3526 1095 3576 laec

57 3611 103 3662 nt,
119 3609 260 3671 mmmm,
286 3602 313 3651 in
335 3612 389 3665 qno
411 3600 587 3655 dimensiones
605 3604 763 3666 quantitatis
780 3615 794 3653 a
814 3605 909 3652 natura
933 3604 962 3651 at
984 3599 1097 3651 amnti·

58 3678 170 3742 inmens,
188 3678 269 3739 atque
287 3686 302 3723 a
321 3672 493 3739 qualitatibus
510 3675 650 3729 sensilibus
668 3678 810 3729 minucias.
822 3672 1016 3737 intelligantur.

115 3770 218 3824 littus.
234 3762 342 3821 Cutius.
358 3770 495 3835 compend.
510 3768 532 3822 l.
965 3762 1008 3815 2⁸

1175 3819 1229 3828 4—
