2475 3909
458 157 731 207 anrunoronoorn
1027 137 1088 206 225

59 251 135 326 pote
156 243 353 330 simplicem,
376 242 502 308 nullum
524 262 684 329 occuparo
699 241 819 318 locum,
835 263 939 326 neque
955 242 1002 309 iiii
1017 242 1127 309 sedem

59 327 142 390 hano
166 327 283 410 magis,
305 346 401 410 quam
424 324 512 390 illam
534 324 707 391 convenire
730 322 892 409 putarint

132 453 200 506 Aur.
222 453 254 504 ΙΙ.
271 483 304 492 -
320 453 424 508 Veritas
443 457 588 506 sententiae
608 452 832 505 Scholasticorum
852 452 1047 504 demonstratur

99 566 149 632 86.
176 562 378 640 scholastici,
400 574 555 650 utsupra
578 561 740 638 diximuS,
762 583 803 625 ss.
827 561 958 626 Patrum
983 562 1127 646 vestigiis

57 647 262 720 insistentes,
285 645 350 711 duo
372 647 451 711 haee
472 645 512 710 de
535 647 661 709 animae
683 643 757 710 sede
779 641 979 709 docuerunt:
1004 642 1037 708 1⁰
1059 649 1127 710 ani-

55 750 144 792 mam
165 748 234 792 esse
256 737 355 792 totam
371 729 403 793 in
420 740 488 796 toto
510 747 658 812 corpore,
674 737 706 792 et
722 737 819 792 totam
841 727 873 790 in
896 726 1040 810 qualibet
1054 729 1127 793 eius

56 821 162 894 parte;
184 805 220 872 2⁰
244 809 332 874 iiiam
350 811 387 884 ‚in
411 821 477 876 toto
499 828 646 893 corpore,
669 819 702 873 et
722 808 755 872 in
778 806 923 903 qualibet
945 820 1034 893 parte
1056 829 1126 876 esse

57 904 159 955 totam
181 890 331 955 totalitate
352 893 523 966 essentiae,
547 904 579 958 at
600 912 663 955 non
687 891 827 957 virtutis

96 975 148 1040 87.
173 974 270 1057 Pron.
296 973 341 1038 1⁸.
365 976 481 1038 Anima
501 983 544 1036 est
576 975 611 1039 in
632 983 693 1036 toto
713 991 860 1057 corporo,
883 983 910 1036 et
937 973 973 1036 in
994 972 1126 1058 quolibet

53 1055 124 1119 eius
167 1064 234 1117 orte
250 1057 273 1118 ².

97 1072 253 1200 Priibatur
266 1137 371 1222 prima
387 1158 470 1222 pars.
484 1137 615 1213 Anima,
627 1133 899 1222 quemadmodum
910 1136 1126 1216 ostendimus,

52 1228 103 1282 est
124 1217 228 1284 forma
250 1216 470 1285 substantialis
491 1221 654 1317 corporis,
678 1240 734 1284 seu
756 1230 805 1285 est
826 1219 1036 1306 principium,
1060 1241 1126 1305 quo

54 1308 158 1365 totum
181 1319 300 1386 eorpus
321 1300 498 1366 humanum
521 1301 613 1378 vivit,
629 1312 662 1367 et
675 1308 845 1387 operatur:
864 1323 928 1366 nno
950 1299 1060 1379 verbo,
1076 1311 1127 1369 est

53 1381 209 1465 proprius
229 1392 320 1448 aetus
341 1385 441 1448 totius
462 1385 609 1469 corporis
630 1385 790 1530 orzanini,
805 1395 837 1450 et
853 1406 915 1449 non
939 1387 1037 1449 unius
1053 1405 1126 1469 par-

52 1464 97 1530 tis
113 1473 249 1530 tantum.
267 1465 378 1550 arqui,
393 1468 420 1530 si
437 1466 482 1531 ita
504 1487 538 1530 se
561 1487 612 1530 res
633 1467 673 1533 ha
698 1475 741 1544 et,
757 1467 898 1532 animam
924 1468 955 1532 in
973 1478 1039 1535 toto
1054 1487 1126 1532 nor·

53 1567 135 1632 pore
157 1566 227 1612 esse
249 1566 378 1612 necesse
399 1557 448 1613 est
462 1550 485 1612 ⁸.
509 1548 608 1633 Ergo.
1141 1581 1146 1588 ·

93 1629 145 1696 88.
169 1629 281 1694 Minor
306 1630 351 1694 ita
378 1628 637 1696 demonstratur:
664 1630 745 1696 Cum
775 1629 877 1695 forma
905 1630 1126 1698 substantiatis

52 1712 97 1775 sit
117 1720 208 1776 actus
230 1732 291 1797 pro
316 1714 383 1777 rins
408 1714 580 1791 materiae,
604 1713 682 1778 haee
704 1711 744 1777 ab
766 1712 821 1778 itta
843 1733 902 1776 esse
924 1735 1018 1779 suum
1042 1715 1125 1778 aeci-

51 1793 114 1878 pit,
131 1813 169 1857 ao
184 1795 279 1878 proin
303 1816 320 1859 e
336 1797 380 1859 ita
395 1793 582 1860 immediate
604 1795 710 1860 torma
732 1794 952 1860 substantialis
969 1815 1043 1860 cum
1059 1817 1125 1860 ma·

51 1876 136 1940 teria
162 1877 394 1963 coniungitur,
417 1886 454 1943 nt
473 1876 556 1942 nihii
578 1877 681 1962 magis
702 1878 726 1940 Ι.
755 1879 866 1962 Ergo,
889 1875 915 1942 si
938 1879 1045 1958 anima
1077 1887 1125 1947 est

50 1967 144 2023 actus
158 1959 256 2024 totius
275 1958 434 2045 eorporis,
449 1969 482 2023 et
495 1979 559 2025 non
581 1961 680 2024 unius
700 1959 801 2044 partis
822 1969 961 2037 tantum,
977 1962 1047 2044 ipsa
1064 1959 1125 2024 im·

51 2039 191 2105 mediate
212 2041 244 2104 in
268 2051 334 2106 toto
356 2061 503 2126 corpore,
524 2051 557 2107 et
578 2062 641 2107 non
665 2042 697 2105 in
720 2040 829 2188 aliana
850 2041 922 2106 aius
944 2053 1033 2138 parte
1056 2052 1124 2107 tan-

50 2131 122 2186 tum
141 2143 210 2188 esse
231 2122 337 2189 debet.
355 2125 406 2189 Ex
420 2144 484 2209 qno
498 2133 690 2210 argumento
706 2123 764 2188 iliu
800 2137 1020 2209 consequitur,
1035 2125 1124 2207 quod

49 2205 78 2266 si
95 2205 202 2270 anima
226 2207 259 2270 in
280 2226 345 2270 una
368 2217 460 2291 parte
473 2205 621 2292 corporis
644 2216 830 2291 poneretur,
852 2227 914 2270 non
928 2217 1011 2272 esset
1031 2216 1124 2274 antus

51 2287 150 2350 totins
175 2288 324 2373 corporis
351 2289 520 2374 organici,
543 2289 597 2354 sed
620 2289 716 2352 unius
736 2288 850 2374 organi
875 2298 1019 2366 tantum,
1043 2301 1124 2376 puta

49 2368 170 2445 cordis,
187 2381 243 2436 aut
264 2369 404 2434 alicuius
425 2370 571 2448 atterius,
587 2369 779 2456 etreliquae
802 2381 908 2454 partes
929 2380 1035 2436 essent
1049 2392 1122 2458 per-

51 2448 157 2515 fectae
178 2473 236 2536 per
257 2453 337 2517 alias
360 2451 480 2517 formas
496 2454 521 2531 ⁵3
536 2451 623 2518 unde
646 2472 708 2518 una
729 2453 837 2518 anima
853 2452 886 2516 in
902 2474 966 2519 uno
981 2473 1119 2538 corporo

48 2550 115 2596 non
134 2544 227 2599 esset.

89 2617 141 2681 89.
165 2616 324 2681 Probatur
338 2613 440 2684 altera
455 2637 540 2703 pars.
558 2613 810 2703 Principium
835 2614 927 2692 iliud,
949 2615 1036 2702 quod
1049 2637 1122 2714 per-

48 2695 118 2762 ficit
140 2707 253 2775 totum,
276 2709 309 2764 ot
329 2721 393 2764 non
415 2710 542 2785 partas,
565 2697 674 2763 forma
695 2697 902 2764 accidentalis
922 2709 993 2775 est,
1017 2708 1064 2764 utr
1086 2719 1121 2765 se

48 2801 103 2844 res
124 2780 221 2845 habet
243 2783 276 2845 in
300 2779 404 2846 iorma
426 2779 554 2859 domus,
577 2791 729 2865 quaeest
750 2780 853 2844 forma
877 2783 985 2856 totius,
1007 2790 1040 2846 et
1057 2803 1123 2847 non

47 2863 252 2946 singularum
268 2864 423 2950 partium.
448 2866 547 2949 Atqui
569 2864 676 2929 anima
698 2873 747 2929 est
767 2866 915 2947 corporis
936 2861 1040 2929 forma
1056 2886 1122 2930 non

47 2942 275 3024 accidentalis,
299 2945 352 3011 sed
375 2946 609 3012 substantialis.
634 2946 722 3032 Ergo
744 2970 761 3008 n
785 2947 831 3009 sic
853 2947 959 3012 anima
981 2957 1029 3013 est
1052 2946 1120 3011 ior-

47 3047 101 3090 ma
116 3031 214 3094 totins
232 3028 488 3116 corporis,quod
504 3042 554 3096 est
574 3032 673 3095 etiam
698 3026 802 3094 forma
824 3029 1023 3115 singularum
1048 3051 1120 3116 pnr-

85 3270 92 3304 ¹
115 3269 385 3330 danmoniorum.
406 3265 474 3316 retra
493 3268 596 3316 interra
614 3267 725 3324 morato,
747 3266 793 3315 tu.
815 3266 848 3328 ΙΙ,
869 3285 893 3320 ο.
911 3273 936 3330 Ι,
957 3285 984 3321 a.
1008 3273 1032 3331 Ι,
1052 3277 1068 3332 s
1088 3273 1117 3322 3.

45 3337 265 3467 &gotthum
286 3413 372 3475 inquit
391 3424 413 3458 s.
434 3407 616 3473 Augustinus,
638 3416 723 3461 totum
744 3427 840 3476 eorpus
860 3422 978 3466 nostrum
1003 3421 1116 3484 animat,

44 3495 74 3539 et
91 3485 208 3536 vivificat
229 3503 254 3543 ως
276 3487 314 3536 De
332 3499 414 3548 nonne
431 3485 582 3537 ctrtrttnno.
602 3498 628 3533 o,
652 3480 709 3540 ΙΙΙΙ,
731 3498 758 3534 n.
779 3487 826 3536 22.

79 3559 200 3608 scm,
220 3559 306 3614 ome,
327 3557 373 3606 tib.
397 3554 431 3611 ΙΙ,
450 3571 477 3604 o.
499 3557 542 3604 72.
560 3553 614 3591 -⁴
634 3551 670 3607 (ΙΙ
686 3559 808 3618 (tuamet,
830 3575 855 3610 o.
879 3559 897 3618 Ι,
918 3577 945 3612 a.
966 3564 993 3622 5,
1014 3565 1107 3628 ntur.

81 3633 163 3694 ³Qq.
183 3632 280 3694 dissip„
300 3641 327 3692 q.
351 3643 397 3678 uu.
420 3631 457 3678 De
477 3633 579 3683 Διιίηι..
600 3645 627 3678 a.
653 3630 683 3678 tu
703 3645 727 3680 c.

118 3723 226 3773 Portos.
240 3717 349 3807 Cunur.
366 3723 503 3785 Compara.
520 3719 554 3770 ΙΙ.
