2475 3909
424 163 698 211 suranoronoosa
1006 143 1067 208 215

31 241 291 339 babendumuest
312 245 439 328 singula
460 268 581 392 orffiana
604 249 750 332 corporis
776 267 838 311 non
862 243 1003 331 gaudere
1033 267 1105 330 pro·

35 345 112 422 prro
134 328 296 423 principio
319 328 417 404 vitae,
433 329 487 393 sed
527 340 673 396 umtaxat
686 349 839 394 exercere
854 327 1011 412 speciales
1035 328 1109 392 fun·

31 418 164 471 ottones
179 429 277 472 unsus
291 403 503 496 eiusdemque
518 412 675 497 principii
692 410 810 488 vitalis,
821 407 908 496 qnod
924 419 1026 475 totum
1039 431 1108 474 cor·

35 509 102 572 pus
124 489 279 557 informat
292 492 316 553 ¹.

158 627 224 678 Ans.
243 625 470 679 ll.—llitalismns
490 632 671 692 impugnatur,
693 629 826 694 simulque
846 631 1002 678 animismns

511 703 640 751 asseritur

79 814 134 877 72.
157 816 333 900 Postquam
355 816 499 882 vidimus
514 819 613 884 vitam
629 818 776 904 corporis
793 839 856 883 non
871 839 941 884 esse
960 828 1105 904 repeten-

34 893 116 957 ‹lam
132 918 151 961 a
165 897 292 982 legibus
306 899 515 975 mechanicis,
529 911 562 965 et
576 899 744 989 chymicis,
758 898 812 964 sed
828 923 846 965 a
862 899 1004 986 quodam
1021 903 1111 986 prin·

34 976 132 1071 cipio
146 990 240 1044 actuo
254 1000 290 1044 so
305 981 451 1065 speciali,
466 980 553 1077 quod
571 983 665 1047 situle
679 981 813 1058 dieitur;
830 991 926 1068 atque
945 983 1006 1047 boc
1020 984 1109 1066 prin-

34 1061 167 1141 capium
181 1060 278 1125 situle
294 1083 356 1126 non
373 1081 521 1127 esserum
539 1063 923 1149 insitam,propriamque
938 1064 1107 1141 materiae,

35 1150 74 1203 et
96 1162 220 1205 meram
242 1145 313 1207 eius
327 1143 546 1239 allectionem,
561 1144 616 1242 sed
634 1167 703 1242 esse
723 1145 939 1242 principium,
954 1142 1041 1229 qnod
1065 1145 1105 1210 ab

38 1223 1112 1393 sistitis&titilletlillis”illitiilfglltllt'l

37 1386 112 1470 ipsa
136 1387 244 1450 anima
267 1387 448 1465 rationalis,
471 1409 512 1452 an
535 1391 668 1455 tertium
691 1389 938 1474 principium,a
960 1408 1110 1474 corpore,

38 1465 177 1552 perinde
199 1487 237 1530 ec
258 1467 298 1531 ab
321 1471 429 1533 anima
452 1471 617 1547 rationali,
640 1469 817 1534 diuersum.

81 1549 133 1614 73.
157 1549 224 1612 lam
248 1550 331 1615 inter
350 1551 563 1635 Philosophos
590 1553 739 1637 antiquos
761 1549 958 1636 disputatum
985 1562 1055 1626 est,
1078 1572 1113 1614 u-

39 1644 129 1697 trum
149 1632 182 1694 in
206 1631 337 1697 bomine
358 1632 402 1697 sit
421 1634 515 1698 unica
538 1635 659 1708 anima,
681 1654 743 1717 qna
761 1634 830 1717 ipse
852 1630 1016 1715 intelligit,
1044 1653 1113 1696 sen·

39 1714 94 1787 tit,
116 1725 150 1779 et
169 1722 307 1796 vegetat,
322 1735 364 1777 au
379 1713 474 1791 duae,
496 1735 634 1800 quarum
656 1735 718 1778 una
740 1714 909 1798 intelligit,
933 1713 1034 1778 altera
1057 1734 1113 1776 au·

39 1808 108 1859 tem
130 1795 239 1871 sentit,
261 1806 296 1860 et
317 1807 454 1881 vegetat,
476 1817 518 1859 an
540 1809 617 1872 tres,
640 1816 777 1881 quarum
792 1816 855 1859 una
871 1793 1043 1880 iutelligit,
1067 1794 1112 1858 al-

39 1889 112 1941 tera
135 1877 245 1953 sentit,
269 1882 364 1944 tertia
386 1876 525 1964 denique
547 1887 686 1962 vegetat.
703 1877 738 1940 ln
783 1875 966 1960 bilosophia
987 1876 1112 1941 recenti

39 1958 183 2025 Stbalius
215 1958 337 2024 acriter
368 1960 638 2044 vehementerque
661 1897 870 2044 reprelendit
891 1956 1037 2023 diversas
1059 1978 1115 2022 eo·

39 2061 117 2104 rum
138 2038 299 2117 theorias,
322 2043 401 2126 qui,
425 2051 554 2126 praeter
578 2041 721 2105 animam
749 2041 1008 2125 intelligentem,
1033 2038 1114 2103 alias

39 2121 176 2184 duasve
199 2131 351 2197 stantem,
367 2133 399 2187 et
413 2123 602 2187 sentientem
619 2122 654 2185 in
668 2121 799 2186 homine
815 2124 1027 2218 posuerunt&
1041 2123 1116 2188 Sae-

39 2203 118 2267 culo
139 2140 247 2267 xlm
267 2203 435 2281 Buliouus,
458 2202 614 2270 (iassendi
632 2203 644 2238 ⁸
659 2202 805 2298 vestigiis
821 2204 983 2278 insistens,
1000 2224 1041 2267 ex
1054 2223 1115 2299 pu·

41 2303 205 2370 gna,quae
220 2286 304 2352 inter
317 2306 459 2360 sensnm,
475 2294 508 2349 et
522 2286 682 2351 rationem
702 2285 828 2359 existit,
843 2285 976 2349 unicum
1000 2297 1116 2349 utrius-

40 2385 108 2450 que
132 2365 351 2453 principium,
374 2379 408 2433 et
428 2365 611 2431 subiectum
633 2385 703 2430 esse
726 2385 790 2430 non
812 2385 905 2450 posse
927 2365 1114 2442 contendit,

43 2457 80 2510 et
105 2447 179 2512 ideo
202 2450 235 2512 in
258 2469 457 2533 unoquoque
480 2447 653 2512 individuo
674 2448 815 2512 humano
836 2446 938 2513 veluti
959 2448 1115 2534 duplicem

41 2530 201 2594 bominem
222 2529 459 2614 agnoscendum
480 2550 550 2594 esse
572 2528 719 2593 decrevit
733 2529 831 2606 ΨΜ,
847 2539 984 2595 exeunte
1006 2550 1116 2595 saecu·

83 2751 94 2792 ¹
113 2751 230 2806 Bondeus
248 2759 330 2806 etiam
350 2757 377 2806 iu
395 2770 427 2806 eo
445 2757 558 2814 errarit,
579 2757 649 2820 quoti
670 2756 880 2820 unumquodque
899 2753 1057 2818 principium
1077 2753 1120 2802 ri-

43 2835 100 2885 tae,
121 2828 176 2876 sire
195 2829 403 2892 unumquodque
416 2829 534 2890 eorporis
547 2843 676 2892 organum
691 2829 795 2892 propria
810 2827 983 2878 sensibilitate
1001 2824 1118 2888 gaudere

43 2901 173 2955 decrerit,
194 2898 270 2950 ilnrsc
289 2914 405 2950 errorem
425 2902 477 2949 iarn
498 2915 520 2950 s.
536 2897 698 2964 Augustinus
719 2901 880 2963 reprobarit,
901 2901 946 2964 qni
966 2899 1014 2948 ait:
1032 2915 1043 2942 s
1058 2894 1118 2948 Vim

43 2973 175 3022 sentiendi
194 2986 247 3022 nnn
267 2971 346 3021 isabel
370 2975 423 3020 rita
448 2974 581 3036 quaelibet
606 2993 616 3016 ι
640 2969 689 3039 (lla
709 2975 774 3024 Gen.
795 2974 829 3022 etl
847 2974 897 3022 litt.
918 2971 972 3022 lib.
999 2969 1118 3032 imperf,

43 3060 71 3094 e·
94 3041 127 3100 V.
148 3059 176 3092 n·
196 3042 254 3109 24).
276 3042 344 3095 Sane
360 3063 370 3089 ι
388 3059 439 3094 non
458 3058 552 3095 omnes
570 3047 739 3108 operationes
758 3045 891 3100 animalis.
913 3048 942 3092 nt
960 3055 983 3092 s,
1002 3036 1117 3090 'ihomas

44 3117 171 3174 advertit,
191 3118 329 3166 saisentur
348 3117 374 3166 ln
393 3116 512 3179 qualibet
526 3122 601 3180 parte
613 3119 682 3175 eiua,
697 3119 812 3166 maxime
833 3117 859 3166 ln
879 3114 1039 3165 animalibus
1058 3125 1118 3175 per-

46 3188 125 3239 fectis
142 3207 153 3230 υ
168 3186 231 3258 (Qq.
251 3192 349 3252 supp..
364 3203 392 3252 q.
407 3203 453 3237 un.
469 3191 508 3238 De
520 3192 623 3248 Ausim„
644 3205 670 3239 a.
690 3189 720 3238 to
739 3189 773 3238 ad
795 3182 833 3254 7).
854 3188 951 3252 Quare,
971 3186 1022 3236 etsi
1041 3183 1118 3248 quisl-

45 3260 110 3326 qutl
130 3263 171 3309 est
189 3261 324 3314 sensibile.
339 3261 373 3310 stt
386 3262 477 3314 vitate,
492 3267 581 3311 tamen
599 3274 663 3311 vera
682 3274 735 3311 uon
753 3265 794 3311 est
814 3260 958 3325 propositio
977 3267 1116 3316 conseras,
1203 3253 1207 3260 '

45 3333 174 3398 quidquid
192 3337 235 3382 est
253 3333 343 3389 ritate,
363 3339 405 3381 est
422 3332 558 3383 sensibile.

83 3405 95 3440 ²
114 3406 224 3454 Tirsos-iu
242 3407 343 3454 medice
361 3419 441 3459 uere.
465 3407 556 3469 Pbpn,
583 3405 701 3468 pessime
721 3407 879 3456 Pernansats
896 3403 931 3452 ud
949 3401 1036 3451 altene
1055 3414 1072 3449 u
1090 3413 1120 3451 re

47 3479 148 3528 mettim
167 3478 318 3534 erundum,
333 3481 349 3536 5
362 3476 408 3534 39ς
425 3477 539 3541 bisensis.
559 3479 590 3527 tte
608 3478 738 3535 menan..
753 3485 776 3526 ss
794 3489 889 3540 orpus.
901 3476 968 3532 etc..
982 3474 997 3536 s
1010 3471 1044 3522 69
1058 3483 1117 3536 sqq.

82 3548 233 3611 ⁸Pbpsiu„
254 3553 322 3599 sect.
344 3545 393 3604 lll.
414 3544 530 3599 Membr.
552 3554 663 3612 poster..
686 3549 730 3599 lib.
754 3545 799 3604 ΙΙΙ,
819 3561 845 3597 c.
866 3547 893 3596 l.

83 3617 97 3660 ⁴
116 3620 242 3673 Diseosrs
259 3634 306 3672 sur
324 3621 351 3672 la
369 3629 461 3676 uetere
479 3624 680 3674 menstruatae.
701 3618 842 3678 Hominem
866 3617 999 3684 duplicem
1017 3612 1121 3669 bullont
