2475 3909
130 147 189 213 150
500 177 732 226 nunsunoors

89 257 325 314 mutatorium
350 273 367 315 a
390 253 488 319 rebus
510 261 752 339 exterioribus,
777 276 845 329 tum
874 266 915 332 ab
946 270 1160 340 interioribus

89 326 316 396 allectionibus
340 333 444 418 ipsius
465 343 623 425 corporis,
640 366 677 406 ae
693 346 830 428 proinde
853 352 961 414 anima
984 366 1087 438 potest
1102 376 1162 442 per

90 420 209 475 tactum
242 415 406 498 passivum
432 432 503 484 oete
529 426 674 508 experiri
706 426 973 510 immutationes,
1006 457 1090 520 quae
1126 442 1158 505 io

86 511 145 556 suo
168 513 304 578 corpore
325 497 417 564 liunt.
442 505 541 588 Atqui
565 506 651 572 baud
675 509 827 593 possibile
849 526 914 587 est,
940 528 975 580 ut
996 521 1105 584 anima
1126 543 1162 586 a·

86 583 141 637 ctu
164 579 354 660 experiatur
377 583 621 652 immutationes
643 591 693 653 sui
715 595 975 680 corporis,‚quin
996 600 1104 684 ipsum
1126 624 1160 666 a·

86 665 140 719 ctu
163 661 364 744 experiatur.
389 664 476 750 Ergo
499 671 607 733 anima
632 691 691 754 per
712 683 831 738 tactum
877 678 1019 744 assirum
1046 701 1160 765 quam·

85 735 159 800 dam
182 742 343 807 actualem
366 750 587 829 cognitionem
610 753 662 816 sui
685 758 835 840 corporis
854 697 962 825 babet.

98 901 99 904 Ἴ
127 819 197 886 148.
222 822 318 910 Prop.
340 824 388 892 5⁸.
413 829 528 895 Animo
553 831 636 898 baud
656 834 783 916 fruitur
814 843 999 906 conscientie
1022 848 1154 929 proprie

85 901 169 964 dieto
193 926 323 972 suerum
348 914 562 992 operationum
596 917 770 996 vitalium
801 920 889 986 leobet
914 936 1016 988 tomen
1044 948 1153 991 cerum

85 984 253 1066 quemdem
273 993 478 1071 repetitionem
501 1001 784 1079 experimeetelem.

129 1066 285 1132 Probatur
308 1071 342 1136 1⁸
365 1092 439 1158 pars
463 1089 574 1144 contre
598 1079 814 1146 Bouillierum
829 1083 854 1160 ¹,
885 1085 1031 1172 aliosque
1055 1110 1156 1175 nupe-

90 1165 152 1209 ros.
178 1149 213 1212 ln
237 1153 385 1218 confesso
404 1157 490 1242 apud
506 1181 617 1225 omnes
633 1175 758 1228 estnon
774 1164 914 1231 aliarum
929 1171 1158 1253 operationum

86 1231 316 1296 conscientiam
339 1235 461 1304 bomini
477 1261 548 1305 esse
564 1263 669 1327 posse,
686 1266 782 1328 quam
799 1267 882 1330 quae
899 1251 948 1313 vel
967 1273 1022 1333 per
1034 1273 1066 1314 se
1082 1266 1157 1317 sunt

84 1315 336 1393 cognoscitivae,
360 1317 409 1384 vel
431 1325 651 1420 recognitione
675 1327 938 1422 proficiscuntur,
954 1332 1030 1414 quia
1046 1335 1158 1397 anima

84 1402 154 1456 tum
177 1395 317 1462 alieuius
339 1401 385 1465 rei
410 1423 538 1469 conscia
558 1427 628 1471 esse
650 1407 789 1484 dicitur,
812 1432 888 1474 cum
912 1413 1014 1497 ipsam
1038 1435 1161 1498 cogno-

83 1494 172 1538 scere
194 1485 360 1563 cognoscit
373 1485 396 1544 ².
421 1488 520 1570 Atqui
542 1510 562 1553 o
590 1491 751 1554 crationes
766 1493 880 1556 vitales
895 1494 1044 1561 neutrius
1062 1518 1159 1579 gene-

85 1556 131 1619 ris
153 1570 256 1636 sunt,
273 1565 350 1645 quia
375 1567 463 1650 ipsae
489 1510 614 1635 similes
641 1583 717 1636 sunt
744 1595 763 1635 o
788 1574 993 1640 erationibus
1021 1599 1156 1653 rerum,

83 1659 166 1720 quae
183 1642 270 1705 omni
288 1648 473 1730 cognitione
488 1649 711 1718 destituuntur
726 1655 747 1716 ⁸.
766 1595 854 1740 lirgo
869 1657 976 1720 anima
993 1658 1159 1724 conscion-

83 1721 161 1782 tiam
184 1725 315 1808 proprie
338 1728 458 1795 dictam
473 1736 701 1818 operationum
718 1735 864 1801 vitalium
889 1736 1007 1804 babere
1031 1743 1156 1825 nequit.

125 1803 193 1867 tte.
219 1806 378 1873 Probatur
399 1810 434 1874 2³
459 1835 544 1899 pars.
569 1816 699 1892 Anima,
722 1817 930 1895 utdiximus‚
954 1820 1157 1887 habitualem

83 1887 303 1968 cognitionem
326 1893 376 1957 sui
399 1898 547 1981 corporis
573 1897 670 1963 babet
690 1920 731 1961 ex
753 1921 805 1973 eo,
826 1900 914 1983 quod
938 1907 1073 2049 corpori
1096 1927 1158 1972 suo

83 1969 270 2048 perenniter
295 1991 444 2054 praesens
465 1990 524 2045 est.
550 1982 638 2064 Ergo
659 2001 701 2043 ex
723 2001 762 2045 eo
783 1982 895 2058 etiam,
919 2004 984 2066 quo
1022 1990 1154 2070 corpori

81 2067 141 2111 suo
165 2043 349 2132 perenniter
369 2077 519 2142 praesens
541 2072 612 2136 est,
635 2059 791 2127 habituali
819 2067 1007 2147 cognitione
1030 2068 1158 2135 fruitur

82 2130 319 2211 operationum,
342 2159 422 2220 quas
444 2161 502 2224 per
524 2163 645 2228 organa
667 2146 816 2227 corporis
831 2157 974 2223 exercet,
993 2171 1030 2213 ec
1046 2152 1157 2246 proin-

82 2207 121 2271 de
144 2215 372 2296 operationum
394 2221 554 2287 vitalium.
581 2226 749 2290 Praeterea
772 2227 892 2303 arrimn,
918 2231 965 2296 uti
982 2233 1082 2296 etiam
1104 2231 1156 2295 dr-

82 2291 202 2368 ximus‚
227 2316 285 2379 per
307 2310 426 2366 tactum
444 2306 606 2388 passivum
622 2317 695 2371 actu
710 2311 882 2391 experitur
896 2311 1155 2390 immutationes,

81 2393 165 2457 quae
189 2376 221 2438 in
244 2399 303 2444 sno
326 2401 462 2468 corpore
485 2385 576 2452 liunt.
602 2388 700 2473 Atqui
724 2388 783 2452 bae
801 2390 1044 2458 immutationes
1067 2395 1100 2458 in
1121 2415 1156 2456 o-

84 2457 307 2538 perationibus
328 2463 483 2532 vitalibus
501 2469 644 2533 maxime
659 2469 848 2536 consistunt.
866 2474 954 2559 Ergo
969 2476 1078 2538 anima
1089 2496 1156 2621 per

82 2545 203 2603 tactum
228 2544 392 2625 passivum
415 2547 590 2632 quamdam
612 2552 832 2636 cognitionem
865 2557 1087 2640 experimenta
1102 2579 1156 2622 em

83 2623 312 2703 operationum
336 2626 487 2696 vitalium
508 2642 579 2696 octo
600 2635 699 2698 etiam
722 2631 817 2700 babet
832 2635 855 2696 ⁴.

359 2759 572 2813 Anr.lll.-lle
598 2771 676 2814 actu
704 2766 882 2816 iudicandi

125 2865 192 2931 150.
216 2865 401 2935 Intellectus
423 2869 583 2937 humanus
606 2881 722 2937 natura
736 2894 794 2937 sua
811 2874 854 2940 ita
869 2886 1075 2961 comparatus
1090 2889 1152 2955 est,

120 3049 127 3084 ¹
150 3050 191 3098 Do
208 3051 327 3111 principe
346 3049 421 3107 nitet,
443 3053 467 3097 et
485 3047 516 3096 ris
534 3048 621 3096 t’eme
638 3052 774 3108 umorue,
792 3060 819 3096 e.
839 3044 886 3096 23.

108 3119 130 3160 ‚2
153 3139 163 3163 ι
187 3116 325 3178 Conscire,
339 3122 376 3170 ait
389 3136 411 3170 s.
427 3117 553 3176 Thomas,
575 3119 673 3167 dicitnr
685 3118 761 3180 qussi
775 3119 856 3167 simut
873 3118 942 3169 scire
955 3137 981 3177 η
995 3121 1043 3183 οφ.
1054 3122 1152 3184 dispp..

84 3195 123 3242 ue
147 3193 220 3250 Ver„
240 3207 267 3256 q.
289 3189 374 3252 xvtt,
395 3206 422 3243 a.
446 3193 457 3241 l
480 3189 558 3241 c.-·³
577 3185 614 3240 Cl
630 3204 658 3252 p.
681 3190 744 3239 itt.

121 3261 131 3294 ⁴
154 3282 164 3307 ι
188 3262 273 3314 Homo
292 3265 430 3326 experitur
449 3265 530 3314 ritem
551 3264 577 3312 in
597 3261 723 3322 operibus
742 3262 813 3310 ritas
835 3279 869 3320 η
892 3261 1038 3348 1¹22,sp
1059 3256 1151 3322 cxii,

83 3348 109 3383 a.
131 3335 148 3385 5
167 3337 199 3385 sd
221 3337 246 3386 i.
270 3333 369 3387 Exinde
389 3337 525 3399 colligitur
552 3333 688 3385 Peiseeom
711 3329 842 3396 iiieppert
862 3335 901 3411 de
922 3335 1057 3398 piperque,
1078 3339 1154 3386 etde

82 3408 180 3465 morai,
201 3409 227 3458 in
249 3405 364 3470 Epirum.
385 3410 485 3460 liberti
502 3410 533 3458 de
550 3419 655 3470 psnrsr,
675 3405 707 3454 lii
721 3406 773 3453 mei
790 3405 871 3470 ¹8pr
884 3405 1005 3468 aliosque
1019 3411 1077 3467 post
1089 3420 1153 3457 eum

84 3491 222 3541 perperam
244 3481 381 3530 admisisse
394 3493 497 3530 sensnm
516 3482 582 3530 vitoe
602 3480 740 3538 tamquam
754 3477 896 3538 specialem
917 3476 1084 3561 facultatem,
1099 3494 1153 3562 pua

83 3551 172 3598 anima
193 3563 311 3612 eorpus,
332 3565 447 3615 suasque
465 3552 634 3614 operationes
655 3547 750 3597 vitales
772 3555 932 3632 cognoscet,
953 3548 1105 3634 bornsmodr
1125 3565 1155 3603 e-

83 3625 138 3672 nim
158 3623 287 3686 cognitio,
308 3626 346 3674 uti
367 3624 542 3686 ostendimus,
564 3636 611 3688 per
632 3624 735 3672 tactum
754 3633 889 3686 passerum
908 3621 1055 3673 obtinetur.
