2475 3909
149 152 207 217 110
528 169 759 218 nrnnurcocm

105 253 164 315 tim
186 252 301 318 attinet
322 250 361 316 nd
384 252 485 319 vitam
509 252 719 348 nepetaticum,
736 251 817 394 ipsu,
836 244 1110 332 quemadmodum
1131 264 1175 308 ex

105 334 159 408 iis,
181 353 265 418 quae
289 334 322 397 in
345 331 552 418 praecedenti
581 333 720 397 articulo
767 331 906 404 inimus,
928 326 1024 392 l'acile
1045 326 1176 392 coniici—

103 424 169 490 tur,
192 414 397 480 accommode
419 413 548 479 deliniri
571 424 685 499 potest:
711 411 927 494 Principium,
949 431 1009 495 quo
1031 409 1174 473 stedelan-

104 497 232 582 tlpqse‘ee
252 498 379 574 nutrit,
402 505 490 579 capet
512 507 538 559 et
555 503 721 579 propaget.
744 494 822 557 Tria
844 491 968 568 rerba,
991 513 1076 577 qnae
1097 489 1176 553 deb-

105 578 229 642 nitione
252 579 476 652 continentur,
500 589 565 644 tres
585 578 790 663 operationes
812 574 947 649 vitales,
969 594 1049 658 quas
1070 571 1178 658 expli-

103 659 245 735 cuimus,
258 659 455 743 significant,
469 668 502 724 et
516 680 696 746 pronomen
710 678 769 721 ecee
784 677 859 720 cum
873 655 952 742 ipsis
965 656 1176 720 coniunctum

104 737 236 804 denotat
251 749 315 804 tres
332 741 402 806 illas
417 743 621 839 operationes
634 740 675 805 ab
691 741 761 835 ipsa
776 737 955 802 substantia
968 755 1174 823 promanare.

145 820 196 885 36.
220 819 317 898 Quod
339 825 366 887 si
389 844 463 920 quas
478 825 608 888 unioao
634 833 790 897 eratione,
806 818 1079 905 quemadmodum
1095 837 1176 882 non-

103 901 202 966 nuliis
224 905 357 988 nuperis
378 926 485 970 visum
507 916 580 982 est,
604 843 826 970 definitionem
848 900 1077 966 absolvendam
1099 920 1176 965 ceu-

103 992 183 1060 seat,
207 995 294 1050 certe
315 986 393 1050 baec
416 1008 478 1050 non
500 987 577 1062 alia,
601 1008 635 1050 su
661 987 765 1050 ienter
795 993 944 1048 monente
967 1003 992 1045 s.
1009 983 1131 1047 Thomu
1148 983 1174 1056 ¹,

102 1083 173 1128 esse
197 1075 311 1150 potest,
327 1089 425 1153 quam
442 1070 619 1153 generatio.
637 1007 769 1132 litenim
784 1066 951 1149 generatio
967 1065 1084 1130 ceteris
1098 1083 1178 1149 ope-

103 1146 288 1212 rationibus
309 1149 464 1215 ritalibus
487 1163 601 1215 natura
623 1170 682 1213 sua
709 1145 895 1225 antecellit,
924 1147 1001 1230 ‘luia
1030 1147 1177 1209 maxima

105 1227 263 1322 perfectio
285 1233 368 1295 entis
389 1241 436 1296 est
459 1253 550 1317 posse
573 1230 664 1296 alind
686 1229 749 1293 sibi
772 1227 881 1291 simile
904 1227 1083 1313 producere
1097 1229 1122 1303 ²,
1139 1235 1176 1292 el

105 1330 252 1394 insuper,
274 1334 349 1377 curn
372 1315 481 1378 vivens
503 1324 644 1399 nequeat
658 1311 722 1377 sibi
744 1307 852 1374 simile
868 1309 1012 1394 gignere,
1034 1310 1098 1373 nisi
1114 1329 1179 1371 nu-

105 1392 244 1470 triatur,
267 1407 300 1459 et
321 1406 488 1478 augescat,
513 1397 680 1480 generatio
707 1404 755 1459 est
776 1390 891 1454 ultima
917 1393 1090 1474 operatio,
1118 1393 1176 1456 cni

104 1472 188 1538 uliae
210 1474 294 1540 dnae
327 1476 536 1553 deserviunt,
564 1499 600 1542 ac
624 1473 759 1562 proinde
791 1472 878 1556 ipsas
909 1473 1050 1556 quodam
1078 1472 1176 1536 modo

103 1554 136 1617 in
159 1575 192 1621 se
224 1556 460 1642 complectitur.
489 1558 596 1634 Quare
626 1580 684 1623 nos
712 1579 729 1620 a
762 1554 902 1637 Georgio
929 1555 1087 1620 Cuvierio
1108 1553 1178 1618 dis·

103 1639 286 1716 sentimus,
309 1642 367 1725 qui
395 1643 492 1704 vitam
515 1662 557 1704 ea
579 1642 757 1706 nutritione
784 1635 931 1701 delinivit
951 1639 973 1700 ⁸.
998 1635 1093 1702 Certe
1114 1657 1177 1699 nn—

104 1719 194 1783 tritio
221 1733 269 1786 est
323 1723 407 1785 rima
439 1725 611 1807 operatio,
638 1743 723 1808 quae
746 1722 779 1784 in
802 1719 929 1784 vivente
962 1731 1107 1802 apparet.
1133 1721 1178 1782 At

104 1800 220 1866 exinde
242 1741 323 1868 illud
345 1803 513 1868 dumtaxat
534 1805 770 1888 consequitur,
793 1801 932 1865 vitame
954 1801 1047 1865 nobis
1070 1800 1177 1864 nutri-

104 1885 185 1947 tioui
208 1885 357 1963 attribui,
381 1905 443 1949 non
466 1907 543 1951 reru
564 1908 603 1950 ex
621 1887 800 1952 nutritione
821 1882 987 1947 notionem
1008 1884 1095 1949 vitae
1112 1891 1177 1945 tra-

103 1964 239 2030 dendam
262 1988 343 2042 esse;
366 1967 530 2050 siqnidem
559 1969 712 2042 nutritio,
734 1988 809 2030 cum
830 1967 873 2030 sit
893 1967 1042 2050 operatio
1063 1963 1176 2031 vitalis

104 2049 219 2113 ceteris
248 2048 494 2134 imperfectior,
518 2050 642 2114 nullam
663 2051 777 2114 barum
804 2046 1043 2133 complectitur.

155 2182 223 2233 Auru
245 2181 535 2246 lib-investigatur,
558 2189 649 2234 utrum
669 2187 836 2248 operationes
856 2185 950 2234 vitales
969 2186 995 2232 in
1015 2183 1122 2232 bomine

420 2257 471 2305 sint
491 2257 646 2315 rationales,
667 2271 700 2307 an
720 2257 855 2307 naturales

144 2370 194 2436 37.
220 2371 281 2436 Hic
302 2369 403 2436 veluti
426 2373 658 2457 exploratum,
680 2383 869 2458 certumque
891 2384 1054 2438 sumentes
1076 2370 1171 2444 illud,

104 2451 191 2538 qnod
212 2453 292 2518 alibi
315 2452 622 2532 demonstrabimus,
647 2476 762 2540 nempe
781 2457 993 2541 principium,
1018 2475 1035 2517 a
1058 2474 1123 2537 quo
1138 2472 1175 2515 o-

127 2536 289 2601 eratioues
311 2535 423 2602 vitales
439 2539 603 2612 oriuntur,
618 2557 687 2601 esse
711 2538 866 2614 altimum,
881 2549 977 2621 atque
992 2537 1025 2598 in
1040 2535 1172 2599 homine

104 2557 291 2682 liuinsmodi
314 2617 515 2702 principium
542 2639 610 2683 esse
633 2619 781 2683 eamdem
803 2621 943 2684 animam
966 2617 1172 2688 rationalem,

103 2699 335 2783 investigamus
358 2710 480 2776 utrum,
505 2721 561 2765 nec
590 2721 629 2764 ne
651 2698 777 2766 admitti
801 2703 904 2787 possit
926 2698 1122 2765 Perrahultii
1146 2699 1173 2771 ⁸,

104 2986 225 3050 sequitur
243 2986 355 3050 gradum
374 2988 463 3046 ritae,
484 2996 602 3052 quaeest
620 2991 758 3040 comodum
782 2993 900 3040 animum
924 2993 1094 3048 sensitivam,
1114 3003 1175 3038 osso

104 3060 237 3116 altiorem.
258 3072 338 3122 quarn
359 3059 385 3108 in
404 3061 511 3122 plentle,
532 3061 578 3110 sed
596 3061 823 3124 imperfectiorem
844 3063 899 3120 illu,
920 3066 962 3125 qni
981 3063 1175 3112 estimandum

103 3133 270 3189 intellectum.
292 3133 345 3181 lmo
364 3134 392 3182 in
410 3134 469 3194 ipra
487 3133 651 3184 intellectuali
668 3137 720 3185 cito
738 3136 853 3185 dioereoe
869 3136 967 3197 prades
988 3137 1113 3190 inueniri,
1135 3134 1176 3184 ita

105 3211 135 3254 ut
150 3205 286 3268 perfectior
304 3206 338 3254 eit
355 3205 407 3254 vitu
419 3203 596 3255 intellectualis
609 3208 637 3254 in
650 3207 766 3269 Anpeiie,
781 3221 858 3270 quum
870 3207 1035 3256 inintellecta
1047 3208 1174 3263 hnmano,

104 3282 132 3325 el
149 3277 241 3326 ultimo
258 3279 378 3340 perfectio
396 3279 461 3326 citae
478 3289 530 3326 non
545 3278 594 3327 nisi
608 3273 663 3326 Deo
676 3286 811 3341 competat,
828 3279 878 3328 «in
897 3290 951 3341 qno
970 3292 1022 3328 non
1040 3284 1081 3328 est
1099 3277 1176 3327 allud

105 3349 263 3412 intelligere,
283 3354 311 3400 et
330 3348 402 3398 eliud
421 3360 478 3398 esso
495 3367 519 3406 »ς
536 3351 624 3400 contr.
646 3351 732 3409 Geni„
754 3350 801 3399 lib.
825 3343 869 3409 lv,
890 3364 916 3400 c.
939 3351 982 3399 ll.

141 3421 150 3456 ¹
171 3421 202 3469 ln
221 3422 266 3470 iili.
288 3423 316 3470 ll
335 3423 374 3470 De
392 3421 495 3478 daim„
515 3420 579 3471 lect.
601 3418 647 3472 Vl.
988 3437 993 3448 ⁴

140 3489 193 3550 ²1,
213 3506 241 3555 q.
263 3489 404 3552 txxvlu,
424 3505 451 3543 e.
472 3492 488 3541 Ξ
508 3493 584 3543 c.-³
603 3495 638 3544 Le
655 3507 732 3558 repne
751 3494 861 3552 animai,
883 3490 983 3542 lntrod.

140 3561 247 3616 ‘Esset
266 3567 296 3614 tie
313 3566 445 3629 pinguim,
467 3567 517 3616 Dee
535 3580 594 3617 eene
613 3567 762 3623 entirieure,
783 3568 837 3618 rol.
859 3562 904 3617 tv.
