2475 3909
476 156 705 205 nruaurcoom
1042 140 1102 207 187

72 236 162 323 quod
183 238 305 303 animal
326 249 375 306 est
396 240 521 307 vivens.
544 241 646 326 Atqui
667 240 856 306 huiusmodi
879 244 1079 327 principium
1093 253 1142 309 est

73 320 193 383 anima.
217 321 305 404 Ergo
325 322 434 386 anima
458 347 476 385 u
499 332 547 387 est
568 322 651 399 fons,
674 332 707 388 et
729 322 929 408 principium
950 326 1055 389 omnis
1075 345 1145 389 mo-

71 410 125 465 tus
146 400 182 462 in
204 402 301 466 rebus
323 403 474 470 animatis
496 404 506 443 ¹
529 428 557 468 n.
582 404 631 467 Er
654 425 718 489 qua
743 405 1023 489 argumentatione
1044 403 1143 470 infer·

72 493 128 550 tur
149 492 264 547 contra
285 482 580 562 ltlalebranchium‚
603 486 745 549 animam
766 506 834 551 esse
857 505 988 549 causam
1009 506 1073 549 non
1095 508 1145 551 oe-

72 564 268 641 carienolem,
291 564 346 629 scd
368 587 444 632 vere
466 567 663 633 effectricem
686 567 840 633 localium
855 568 1045 632 motionum.
1068 568 1143 633 Ete-

73 646 143 710 nim
165 647 275 710 anima
297 657 346 714 est
378 650 577 733 principium
603 648 791 715 huiusmodi
814 648 994 713 motionum
1026 668 1068 712 ox
1089 668 1142 723 eo,

73 724 162 813 quod
184 728 285 791 vitam
308 729 440 794 animali
467 731 665 814 impartitur.
688 732 789 816 Atqui
812 752 829 791 «
852 749 890 793 ca
911 730 1038 805 vivunt,
1059 749 1142 814 quae

73 820 252 892 operantur
284 830 325 874 ex
346 812 493 896 seipsis²
518 835 547 876 n.
572 814 661 897 Ergo
683 813 791 877 anima
812 818 860 875 est
881 831 977 876 causa
1000 830 1074 877 vere
1096 812 1142 876 el-

73 890 195 957 fectrix
217 890 371 969 localium
393 894 586 958 motionum.

113 971 187 1036 ffit.
211 973 310 1059 Prop.
333 971 380 1039 3⁸.
403 975 587 1060 Animuper
608 974 745 1059 aliquem
766 971 941 1057 facultatem
960 975 1140 1057 orponieom

73 1064 175 1117 movet
196 1074 332 1139 conpos,
354 1077 390 1120 cc
405 1057 538 1140 proinde
557 1078 619 1121 non
640 1052 711 1139 ipen
728 1075 786 1139 per
807 1076 860 1134 se,
883 1058 935 1120 secl
955 1055 1053 1121 simul
1073 1074 1142 1119 cum

74 1160 90 1200 c
151 1155 204 1198 ore
223 1152 267 1201 est
284 1139 484 1222 principium
505 1152 646 1203 motuum
668 1138 827 1202 localium.

146 1217 278 1283 robatur
304 1232 415 1286 contra
436 1222 602 1288 Platonem
625 1222 646 1283 ⁸:
672 1218 704 1283 1ο
726 1220 844 1284 Anima
866 1217 946 1284 nihil
967 1239 1064 1303 agere
1086 1238 1146 1303 po-

74 1309 161 1377 test,
183 1301 245 1365 nisi
268 1302 408 1367 alicuius
430 1302 593 1368 facultatis
614 1322 688 1388 ope.
712 1303 811 1385 Atqui
846 1301 929 1366 inter
951 1301 1090 1365 actiones
1112 1321 1144 1363 a·

73 1384 183 1447 nimae
204 1384 348 1448 occurrit
378 1385 476 1449 ctiam
500 1385 567 1461 illa,
592 1406 656 1469 qua
684 1404 740 1447 cor
765 1404 803 1447 us
824 1403 920 1447 suum
941 1380 981 1447 de
1014 1380 1086 1445 loco
1110 1383 1144 1446 in

73 1466 185 1529 locum
209 1475 328 1531 movet.
345 1466 392 1529 Er
414 1468 555 1531 oanima
572 1466 691 1550 pollere
707 1463 746 1529 de
792 1462 970 1530 tfacultate
993 1462 1142 1527 morendi

74 1568 196 1633 corpus
217 1568 311 1612 suum
332 1544 372 1610 de
393 1487 467 1613 loco
489 1548 656 1612 inlocum.
680 1547 864 1623 Praeterea,
880 1547 989 1610 anima
1008 1565 1072 1609 non
1089 1564 1145 1629 po-

73 1640 139 1695 test
160 1647 291 1695 morere
313 1650 442 1715 corpus,
465 1629 528 1693 uisi
543 1632 652 1716 ipsum
675 1637 793 1714 tangat.
810 1628 910 1714 Atqui
933 1628 1052 1703 anima,
1069 1646 1143 1690 cum

74 1712 120 1776 sit
142 1713 284 1797 partium
315 1730 458 1795 expers,
481 1731 543 1775 raon
567 1720 672 1796 potest
693 1719 823 1795 tangere
855 1728 973 1794 corpus
996 1718 1144 1774 contactu

70 1793 214 1879 plurim,
236 1812 353 1879 nempe
375 1803 475 1878 prout
489 1802 596 1877 partes
617 1813 692 1857 suas
712 1791 858 1876 partibus
879 1792 1025 1877 corporis
1046 1810 1145 1876 appo-

74 1878 138 1950 nit,
160 1872 216 1939 sed
238 1872 406 1941 dumtaxat
419 1885 569 1939 contactu
584 1876 713 1939 virtutis
729 1875 755 1949 ⁴,
771 1896 886 1960 nempe
902 1883 1000 1957 prout
1020 1871 1145 1957 aliquid

74 1960 110 2022 in
135 1955 216 2020 ittuu
239 1956 318 2053 agit.
343 1958 431 2041 Ergo
453 1967 579 2041 oportet
600 1959 634 2021 iu
656 1955 765 2019 anima
789 1956 933 2041 aliquam
957 1954 1144 2021 facultatem

73 2040 193 2112 inesse,
216 2057 311 2102 cums
332 2040 451 2104 virtute
473 2058 592 2124 corpus
613 2058 710 2103 suum
732 2049 850 2104 movet.

113 2118 150 2183 2⁰
172 2120 333 2198 facultas,
356 2139 526 2206 perquam
547 2120 655 2183 anima
678 2132 785 2186 movet
807 2140 940 2205 corpus,
963 2117 1060 2183 debet
1074 2136 1144 2181 esee

73 2200 240 2286 organica.
262 2202 345 2267 Nam
366 2202 475 2267 anima
497 2219 557 2284 per
577 2199 762 2266 facultatem
784 2201 935 2266 movendi
957 2220 1088 2285 corpuS,
1104 2196 1144 2263 de

75 2284 149 2348 loco
171 2281 332 2347 inlocum
354 2280 478 2369 aliquid
498 2293 591 2347 extra
613 2303 647 2346 se
670 2283 747 2380 agit.
770 2286 871 2368 Atqui
893 2306 910 2345 «
935 2284 1070 2367 spiritus
1085 2280 1148 2346 hu-

76 2365 188 2439 mani,
210 2373 248 2429 ut
268 2385 294 2428 a.
318 2366 455 2429 Thomas
477 2366 544 2438 ait,
579 2385 653 2428 cum
676 2378 741 2429 srnt
762 2364 955 2451 corporibus
978 2366 1087 2437 uniti,
1111 2363 1144 2427 in

73 2447 239 2510 exteriora
271 2446 399 2533 operari
433 2468 497 2510 non
518 2455 674 2530 possunt,
698 2448 760 2511 nisi
789 2446 896 2512 medio
918 2465 1080 2532 corpore.
1104 2442 1147 2509 atl

98 2526 164 2592 uod
197 2538 272 2595 sunt
302 2525 541 2614 quodammodo
573 2527 766 2595 naturaliter
797 2528 941 2615 colligati
960 2530 971 2566 ⁸
988 2551 1016 2590 n.
1051 2527 1142 2611 Ergo

74 2550 216 2675 locutas
242 2612 393 2675 movendi
420 2630 540 2695 corpus
565 2610 680 2693 nequit
707 2612 748 2675 ab
770 2612 878 2675 anima
905 2612 1053 2675 exerceri
1076 2609 1145 2672 sirie

76 2692 123 2757 ali
148 2712 191 2757 uo
211 2712 250 2756 or
272 2712 335 2757 ano
355 2711 525 2777 corporeo.

174 2772 227 2851 Qu
296 2774 324 2838 si
344 2776 454 2839 anima
481 2794 540 2858 per
565 2773 708 2857 aliquam
741 2772 927 2839 facultatem
954 2772 1143 2857 organicam

76 2874 198 2941 corpus
221 2865 350 2934 movet,
374 2859 445 2942 ipsa
466 2876 530 2920 uon
552 2874 611 2940 per
632 2875 688 2931 se,
711 2855 766 2919 scd
789 2854 888 2919 simul
909 2876 984 2920 cum
1007 2873 1146 2940 corpore.

75 2948 126 3003 est
139 2938 343 3023 principium
365 2949 514 3004 motuum
536 2936 704 3012 localium,
719 2938 797 3021 quia
817 2936 857 3001 ad
879 2938 1146 3003 exercitationem

75 3017 242 3163 facqltatia
266 3020 446 3139 ⁸organicae
473 3020 582 3084 anima
614 3020 733 3096 simul,
762 3028 794 3084 et
814 3039 932 3105 corpus
964 3018 1147 3104 quidquam

76 3120 137 3165 con
155 3113 253 3169 arunt
282 3150 290 3165 .

112 3337 126 3378 ¹
147 3342 179 3391 fn
197 3341 245 3392 tlt.
266 3342 280 3391 f
299 3342 457 3399 bearetur„
478 3342 542 3391 leot.
565 3339 591 3391 1.
606 3340 671 3380 -2
685 3339 706 3397 l.
727 3354 754 3403 q.
775 3334 871 3397 tvm,
891 3353 918 3389 a.
939 3340 955 3390 3
975 3354 1000 3390 c.

112 3412 215 3465 ¹l’lato
232 3407 364 3481 (Craton,
384 3427 413 3475 p.
431 3412 497 3474 too,
517 3428 544 3470 aa
564 3413 664 3471 Atell..
683 3427 711 3476 p.
727 3412 789 3471 tao,
809 3426 836 3471 a,
855 3412 899 3461 ad.
919 3410 953 3461 ll.
974 3410 1027 3480 S.)‚
1046 3414 1147 3481 alliquo

78 3490 168 3536 motu·
187 3483 288 3535 locatae
306 3486 351 3535 unt
370 3486 476 3535 animae
495 3485 654 3538 tribuerunt.
1112 3484 1114 3490 “
1138 3520 1145 3533 ,

113 3554 126 3593 ⁴
146 3554 169 3613 l.
189 3571 218 3620 q.
237 3552 345 3616 LXXV,
366 3570 393 3606 a.
415 3558 427 3605 1
450 3557 483 3607 ad
503 3556 530 3606 3.

114 3630 126 3669 ³
146 3628 198 3698 Ως.
217 3629 325 3697 dtaep„
345 3630 384 3683 De
401 3630 479 3691 Pet,
499 3641 527 3693 q.
547 3624 595 3691 Vl,
615 3638 643 3678 a.
663 3626 680 3681 t
700 3640 725 3681 e.
742 3625 801 3667 -l
823 3621 858 3683 Gt
872 3640 898 3695 p·
923 3625 988 3683 tut.
