<?xml version="1.0" encoding="UTF-8"?>
<!DOCTYPE html PUBLIC "-//W3C//DTD XHTML 1.0 Transitional//EN"
    "http://www.w3.org/TR/xhtml1/DTD/xhtml1-transitional.dtd">
<html xmlns="http://www.w3.org/1999/xhtml" xml:lang="en" lang="en">
 <head>
  <title>
</title>
<meta http-equiv="Content-Type" content="text/html;charset=utf-8" />
  <meta name='ocr-system' content='tesseract 3.04.00' />
  <meta name='ocr-capabilities' content='ocr_page ocr_carea ocr_par ocr_line ocrx_word'/>
</head>
<body>
  <div class='ocr_page' id='page_1' title='image "./philosophiachri00sansgoog_0475.png"; bbox 0 0 2475 3909; ppageno 0'>
   <div class='ocr_carea' id='block_1_1' title="bbox 28 185 1083 438">
    <p class='ocr_par' dir='ltr' id='par_1_1' title="bbox 28 185 1083 438">
     <span class='ocr_line' id='line_1_1' title="bbox 457 185 1044 254; baseline 0.003 -3"><span class='ocrx_word' id='word_1_1' title='bbox 457 201 659 254; x_wconf 80' lang='lat' dir='ltr'><strong>merromora</strong></span> <span class='ocrx_word' id='word_1_2' title='bbox 986 185 1044 253; x_wconf 76' lang='lat' dir='ltr'><strong>tm</strong></span> 
     </span>
     <span class='ocr_line' id='line_1_2' title="bbox 28 284 1083 438; baseline 0.003 -83"><span class='ocrx_word' id='word_1_3' title='bbox 28 290 128 438; x_wconf 58' lang='lat' dir='ltr'><strong>pptit,</strong></span> <span class='ocrx_word' id='word_1_4' title='bbox 151 285 237 354; x_wconf 86' lang='lat' dir='ltr'><strong>nude</strong></span> <span class='ocrx_word' id='word_1_5' title='bbox 260 284 415 353; x_wconf 90' lang='lat' dir='ltr'><strong>mundum</strong></span> <span class='ocrx_word' id='word_1_6' title='bbox 449 289 484 353; x_wconf 88' lang='lat' dir='ltr'><strong>in</strong></span> <span class='ocrx_word' id='word_1_7' title='bbox 505 295 652 376; x_wconf 87' lang='lat' dir='ltr'><strong>tempore</strong></span> <span class='ocrx_word' id='word_1_8' title='bbox 672 295 819 354; x_wconf 82' lang='lat' dir='ltr'><strong>creatum</strong></span> <span class='ocrx_word' id='word_1_9' title='bbox 850 286 952 354; x_wconf 79' lang='lat' dir='ltr'><strong>fuisse</strong></span> <span class='ocrx_word' id='word_1_10' title='bbox 972 291 1083 358; x_wconf 83' lang='lat' dir='ltr'><strong>stricte</strong></span> 
     </span>
    </p>
   </div>
   <div class='ocr_carea' id='block_1_2' title="bbox 24 370 1089 1854">
    <p class='ocr_par' dir='ltr' id='par_1_2' title="bbox 70 370 255 436">
     <span class='ocr_line' id='line_1_3' title="bbox 70 370 255 436; baseline 0 0"><span class='ocrx_word' id='word_1_11' title='bbox 70 381 220 436; x_wconf 87' lang='lat' dir='ltr'><strong>monstret</strong></span> <span class='ocrx_word' id='word_1_12' title='bbox 232 370 255 435; x_wconf 85' lang='lat'><strong>¹.</strong></span> 
     </span>
    </p>

    <p class='ocr_par' dir='ltr' id='par_1_3' title="bbox 24 449 1089 1688">
     <span class='ocr_line' id='line_1_4' title="bbox 69 449 1086 537; baseline -0.001 -18"><span class='ocrx_word' id='word_1_13' title='bbox 69 454 136 521; x_wconf 72' lang='lat' dir='ltr'><strong>tut.</strong></span> <span class='ocrx_word' id='word_1_14' title='bbox 159 456 202 518; x_wconf 79' lang='lat' dir='ltr'><strong>At</strong></span> <span class='ocrx_word' id='word_1_15' title='bbox 223 471 300 518; x_wconf 83' lang='lat' dir='ltr'><strong>vero</strong></span> <span class='ocrx_word' id='word_1_16' title='bbox 320 449 378 516; x_wconf 88' lang='lat' dir='ltr'><strong>alii</strong></span> <span class='ocrx_word' id='word_1_17' title='bbox 401 451 522 529; x_wconf 89' lang='lat' dir='ltr'><strong>multi,</strong></span> <span class='ocrx_word' id='word_1_18' title='bbox 545 461 619 537; x_wconf 89' lang='lat' dir='ltr'><strong>post</strong></span> <span class='ocrx_word' id='word_1_19' title='bbox 640 451 677 516; x_wconf 89' lang='lat' dir='ltr'><strong>B.</strong></span> <span class='ocrx_word' id='word_1_20' title='bbox 701 451 870 518; x_wconf 81' lang='lat' dir='ltr'><strong>Albertnm</strong></span> <span class='ocrx_word' id='word_1_21' title='bbox 892 452 953 528; x_wconf 71' lang='lat' dir='ltr'><strong>itt,</strong></span> <span class='ocrx_word' id='word_1_22' title='bbox 976 474 1001 519; x_wconf 85' lang='lat' dir='ltr'><strong>s.</strong></span> <span class='ocrx_word' id='word_1_23' title='bbox 1025 453 1086 518; x_wconf 88' lang='lat' dir='ltr'><strong>Bo·</strong></span> 
     </span>
     <span class='ocr_line' id='line_1_5' title="bbox 28 533 1086 620; baseline -0.001 -18"><span class='ocrx_word' id='word_1_24' title='bbox 28 544 248 612; x_wconf 82' lang='lat' dir='ltr'><strong>narentnram,</strong></span> <span class='ocrx_word' id='word_1_25' title='bbox 264 535 443 598; x_wconf 86' lang='lat' dir='ltr'><strong>Hearieum</strong></span> <span class='ocrx_word' id='word_1_26' title='bbox 457 534 714 610; x_wconf 72' lang='lat' dir='ltr'><strong>(landavensem,</strong></span> <span class='ocrx_word' id='word_1_27' title='bbox 730 533 976 620; x_wconf 88' lang='lat' dir='ltr'><strong>possibilitatem</strong></span> <span class='ocrx_word' id='word_1_28' title='bbox 997 556 1086 600; x_wconf 87' lang='lat' dir='ltr'><strong>orea-</strong></span> 
     </span>
     <span class='ocr_line' id='line_1_6' title="bbox 28 615 1086 702; baseline -0.002 -19"><span class='ocrx_word' id='word_1_29' title='bbox 28 619 124 684; x_wconf 88' lang='lat' dir='ltr'><strong>tionie</strong></span> <span class='ocrx_word' id='word_1_30' title='bbox 139 616 179 680; x_wconf 91' lang='lat' dir='ltr'><strong>ab</strong></span> <span class='ocrx_word' id='word_1_31' title='bbox 195 631 326 684; x_wconf 87' lang='lat' dir='ltr'><strong>aeterno</strong></span> <span class='ocrx_word' id='word_1_32' title='bbox 349 617 581 702; x_wconf 74' lang='lat' dir='ltr'><strong>impugnarunt</strong></span> <span class='ocrx_word' id='word_1_33' title='bbox 602 616 690 682; x_wconf 86' lang='lat' dir='ltr'><strong>hisce</strong></span> <span class='ocrx_word' id='word_1_34' title='bbox 713 615 894 702; x_wconf 86' lang='lat' dir='ltr'><strong>potioribus</strong></span> <span class='ocrx_word' id='word_1_35' title='bbox 915 637 1086 702; x_wconf 80' lang='lat' dir='ltr'><strong>argumen-</strong></span> 
     </span>
     <span class='ocr_line' id='line_1_7' title="bbox 29 698 1087 785; baseline -0.004 -17"><span class='ocrx_word' id='word_1_36' title='bbox 29 701 69 768; x_wconf 91' lang='lat' dir='ltr'><strong>tis</strong></span> <span class='ocrx_word' id='word_1_37' title='bbox 84 702 107 763; x_wconf 87' lang='lat'><strong>²:</strong></span> <span class='ocrx_word' id='word_1_38' title='bbox 131 698 163 764; x_wconf 83' lang='lat'><strong>1⁰</strong></span> <span class='ocrx_word' id='word_1_39' title='bbox 186 699 239 776; x_wconf 90' lang='lat' dir='ltr'><strong>ld,</strong></span> <span class='ocrx_word' id='word_1_40' title='bbox 262 699 347 783; x_wconf 88' lang='lat' dir='ltr'><strong>qnod</strong></span> <span class='ocrx_word' id='word_1_41' title='bbox 370 699 587 776; x_wconf 80' lang='lat' dir='ltr'><strong>factumest,</strong></span> <span class='ocrx_word' id='word_1_42' title='bbox 610 699 810 785; x_wconf 89' lang='lat' dir='ltr'><strong>principium</strong></span> <span class='ocrx_word' id='word_1_43' title='bbox 831 698 1010 765; x_wconf 76' lang='lat' dir='ltr'><strong>durationis</strong></span> <span class='ocrx_word' id='word_1_44' title='bbox 1031 700 1087 764; x_wconf 81' lang='lat' dir='ltr'><strong>lta-</strong></span> 
     </span>
     <span class='ocr_line' id='line_1_8' title="bbox 27 779 1087 866; baseline -0.003 -18"><span class='ocrx_word' id='word_1_45' title='bbox 27 783 102 848; x_wconf 85' lang='lat' dir='ltr'><strong>bere</strong></span> <span class='ocrx_word' id='word_1_46' title='bbox 123 781 229 857; x_wconf 84' lang='lat' dir='ltr'><strong>debet,</strong></span> <span class='ocrx_word' id='word_1_47' title='bbox 245 801 282 845; x_wconf 85' lang='lat' dir='ltr'><strong>ac</strong></span> <span class='ocrx_word' id='word_1_48' title='bbox 304 783 440 866; x_wconf 81' lang='lat' dir='ltr'><strong>proinde</strong></span> <span class='ocrx_word' id='word_1_49' title='bbox 461 779 489 842; x_wconf 83' lang='lat' dir='ltr'><strong>si</strong></span> <span class='ocrx_word' id='word_1_50' title='bbox 511 780 650 846; x_wconf 84' lang='lat' dir='ltr'><strong>mundns</strong></span> <span class='ocrx_word' id='word_1_51' title='bbox 672 781 773 847; x_wconf 79' lang='lat' dir='ltr'><strong>aueo</strong></span> <span class='ocrx_word' id='word_1_52' title='bbox 797 779 899 846; x_wconf 85' lang='lat' dir='ltr'><strong>iactus</strong></span> <span class='ocrx_word' id='word_1_53' title='bbox 922 792 982 859; x_wconf 88' lang='lat' dir='ltr'><strong>est,</strong></span> <span class='ocrx_word' id='word_1_54' title='bbox 999 782 1087 866; x_wconf 88' lang='lat' dir='ltr'><strong>prin·</strong></span> 
     </span>
     <span class='ocr_line' id='line_1_9' title="bbox 28 861 1087 951; baseline -0.003 -21"><span class='ocrx_word' id='word_1_55' title='bbox 28 866 148 951; x_wconf 84' lang='lat' dir='ltr'><strong>cipium</strong></span> <span class='ocrx_word' id='word_1_56' title='bbox 170 885 246 929; x_wconf 88' lang='lat' dir='ltr'><strong>suae</strong></span> <span class='ocrx_word' id='word_1_57' title='bbox 268 861 450 928; x_wconf 80' lang='lat' dir='ltr'><strong>durationis</strong></span> <span class='ocrx_word' id='word_1_58' title='bbox 470 861 589 927; x_wconf 87' lang='lat' dir='ltr'><strong>habere</strong></span> <span class='ocrx_word' id='word_1_59' title='bbox 611 863 718 929; x_wconf 88' lang='lat' dir='ltr'><strong>debet.</strong></span> <span class='ocrx_word' id='word_1_60' title='bbox 741 863 775 927; x_wconf 80' lang='lat'><strong>2⁰</strong></span> <span class='ocrx_word' id='word_1_61' title='bbox 791 863 823 930; x_wconf 89' lang='lat' dir='ltr'><strong>Si</strong></span> <span class='ocrx_word' id='word_1_62' title='bbox 847 863 986 928; x_wconf 86' lang='lat' dir='ltr'><strong>mundns</strong></span> <span class='ocrx_word' id='word_1_63' title='bbox 1006 862 1087 929; x_wconf 80' lang='lat' dir='ltr'><strong>fuis-</strong></span> 
     </span>
     <span class='ocr_line' id='line_1_10' title="bbox 27 943 1089 1025; baseline -0.002 -13"><span class='ocrx_word' id='word_1_64' title='bbox 27 962 75 1013; x_wconf 84' lang='lat' dir='ltr'><strong>set</strong></span> <span class='ocrx_word' id='word_1_65' title='bbox 96 957 221 1011; x_wconf 85' lang='lat' dir='ltr'><strong>creatus</strong></span> <span class='ocrx_word' id='word_1_66' title='bbox 242 944 283 1010; x_wconf 91' lang='lat' dir='ltr'><strong>ab</strong></span> <span class='ocrx_word' id='word_1_67' title='bbox 304 957 450 1020; x_wconf 88' lang='lat' dir='ltr'><strong>aeterno,</strong></span> <span class='ocrx_word' id='word_1_68' title='bbox 474 948 644 1012; x_wconf 83' lang='lat' dir='ltr'><strong>aeternitas</strong></span> <span class='ocrx_word' id='word_1_69' title='bbox 665 947 695 1010; x_wconf 89' lang='lat' dir='ltr'><strong>ei</strong></span> <span class='ocrx_word' id='word_1_70' title='bbox 718 943 889 1014; x_wconf 84' lang='lat' dir='ltr'><strong>tribuenda</strong></span> <span class='ocrx_word' id='word_1_71' title='bbox 910 956 1015 1025; x_wconf 71' lang='lat' dir='ltr'><strong>esset,</strong></span> <span class='ocrx_word' id='word_1_72' title='bbox 1039 957 1089 1011; x_wconf 88' lang='lat' dir='ltr'><strong>ast</strong></span> 
     </span>
     <span class='ocr_line' id='line_1_11' title="bbox 28 1026 1086 1124; baseline -0.003 -30"><span class='ocrx_word' id='word_1_73' title='bbox 28 1029 198 1094; x_wconf 81' lang='lat' dir='ltr'><strong>aeternitas</strong></span> <span class='ocrx_word' id='word_1_74' title='bbox 228 1029 356 1093; x_wconf 79' lang='lat' dir='ltr'><strong>nonnisi</strong></span> <span class='ocrx_word' id='word_1_75' title='bbox 387 1027 447 1092; x_wconf 88' lang='lat' dir='ltr'><strong>Dei</strong></span> <span class='ocrx_word' id='word_1_76' title='bbox 481 1027 613 1124; x_wconf 89' lang='lat' dir='ltr'><strong>propria</strong></span> <span class='ocrx_word' id='word_1_77' title='bbox 647 1037 707 1094; x_wconf 89' lang='lat' dir='ltr'><strong>est.</strong></span> <span class='ocrx_word' id='word_1_78' title='bbox 730 1026 764 1094; x_wconf 86' lang='lat'><strong>3⁰</strong></span> <span class='ocrx_word' id='word_1_79' title='bbox 787 1027 891 1093; x_wconf 79' lang='lat' dir='ltr'><strong>Posito</strong></span> <span class='ocrx_word' id='word_1_80' title='bbox 923 1031 1086 1095; x_wconf 81' lang='lat' dir='ltr'><strong>creatione</strong></span> 
     </span>
     <span class='ocr_line' id='line_1_12' title="bbox 27 1107 1087 1196; baseline -0.004 -19"><span class='ocrx_word' id='word_1_81' title='bbox 27 1109 137 1177; x_wconf 88' lang='lat' dir='ltr'><strong>mundi</strong></span> <span class='ocrx_word' id='word_1_82' title='bbox 167 1107 207 1174; x_wconf 89' lang='lat' dir='ltr'><strong>ab</strong></span> <span class='ocrx_word' id='word_1_83' title='bbox 229 1122 386 1181; x_wconf 84' lang='lat' dir='ltr'><strong>aeterno,</strong></span> <span class='ocrx_word' id='word_1_84' title='bbox 408 1108 532 1178; x_wconf 80' lang='lat' dir='ltr'><strong>infinita</strong></span> <span class='ocrx_word' id='word_1_85' title='bbox 553 1111 653 1176; x_wconf 79' lang='lat' dir='ltr'><strong>series</strong></span> <span class='ocrx_word' id='word_1_86' title='bbox 680 1109 810 1175; x_wconf 86' lang='lat' dir='ltr'><strong>dierum</strong></span> <span class='ocrx_word' id='word_1_87' title='bbox 842 1113 1016 1196; x_wconf 87' lang='lat' dir='ltr'><strong>praeterita</strong></span> <span class='ocrx_word' id='word_1_88' title='bbox 1038 1129 1087 1175; x_wconf 85' lang='lat' dir='ltr'><strong>ee·</strong></span> 
     </span>
     <span class='ocr_line' id='line_1_13' title="bbox 25 1189 1085 1338; baseline -0.003 -77"><span class='ocrx_word' id='word_1_89' title='bbox 25 1207 91 1270; x_wconf 85' lang='lat' dir='ltr'><strong>set;</strong></span> <span class='ocrx_word' id='word_1_90' title='bbox 106 1203 138 1257; x_wconf 82' lang='lat' dir='ltr'><strong>et</strong></span> <span class='ocrx_word' id='word_1_91' title='bbox 159 1192 244 1258; x_wconf 79' lang='lat' dir='ltr'><strong>sient</strong></span> <span class='ocrx_word' id='word_1_92' title='bbox 265 1191 359 1268; x_wconf 89' lang='lat' dir='ltr'><strong>illud,</strong></span> <span class='ocrx_word' id='word_1_93' title='bbox 374 1189 461 1275; x_wconf 89' lang='lat' dir='ltr'><strong>quod</strong></span> <span class='ocrx_word' id='word_1_94' title='bbox 482 1193 694 1279; x_wconf 86' lang='lat' dir='ltr'><strong>praeteritum</strong></span> <span class='ocrx_word' id='word_1_95' title='bbox 708 1201 772 1270; x_wconf 85' lang='lat' dir='ltr'><strong>est,</strong></span> <span class='ocrx_word' id='word_1_96' title='bbox 779 1194 1010 1338; x_wconf 73' lang='lat' dir='ltr'><strong>pertransirem</strong></span> <span class='ocrx_word' id='word_1_97' title='bbox 1025 1200 1085 1271; x_wconf 87' lang='lat' dir='ltr'><strong>est,</strong></span> 
     </span>
     <span class='ocr_line' id='line_1_14' title="bbox 28 1273 1084 1360; baseline -0.004 -18"><span class='ocrx_word' id='word_1_98' title='bbox 28 1281 72 1344; x_wconf 90' lang='lat' dir='ltr'><strong>ita</strong></span> <span class='ocrx_word' id='word_1_99' title='bbox 93 1286 186 1340; x_wconf 76' lang='lat' dir='ltr'><strong>eareat</strong></span> <span class='ocrx_word' id='word_1_100' title='bbox 207 1276 272 1338; x_wconf 80' lang='lat' dir='ltr'><strong>iam</strong></span> <span class='ocrx_word' id='word_1_101' title='bbox 292 1274 420 1360; x_wconf 66' lang='lat' dir='ltr'><strong>infinito</strong></span> <span class='ocrx_word' id='word_1_102' title='bbox 435 1276 641 1359; x_wconf 71' lang='lat' dir='ltr'><strong>pertransito,</strong></span> <span class='ocrx_word' id='word_1_103' title='bbox 658 1273 691 1339; x_wconf 92' lang='lat' dir='ltr'><strong>id</strong></span> <span class='ocrx_word' id='word_1_104' title='bbox 713 1295 778 1359; x_wconf 85' lang='lat' dir='ltr'><strong>quo</strong></span> <span class='ocrx_word' id='word_1_105' title='bbox 822 1273 998 1342; x_wconf 83' lang='lat' dir='ltr'><strong>absurdum</strong></span> <span class='ocrx_word' id='word_1_106' title='bbox 1019 1287 1084 1351; x_wconf 86' lang='lat' dir='ltr'><strong>est;</strong></span> 
     </span>
     <span class='ocr_line' id='line_1_15' title="bbox 25 1354 1086 1446; baseline -0.005 -21"><span class='ocrx_word' id='word_1_107' title='bbox 25 1362 105 1446; x_wconf 86' lang='lat' dir='ltr'><strong>quia</strong></span> <span class='ocrx_word' id='word_1_108' title='bbox 124 1358 249 1444; x_wconf 65' lang='lat' dir='ltr'><strong>infinito</strong></span> <span class='ocrx_word' id='word_1_109' title='bbox 274 1375 337 1419; x_wconf 82' lang='lat' dir='ltr'><strong>aea</strong></span> <span class='ocrx_word' id='word_1_110' title='bbox 356 1365 400 1420; x_wconf 82' lang='lat' dir='ltr'><strong>eet</strong></span> <span class='ocrx_word' id='word_1_111' title='bbox 422 1355 569 1421; x_wconf 81' lang='lat' dir='ltr'><strong>treoet&#39;re.</strong></span> <span class='ocrx_word' id='word_1_112' title='bbox 591 1354 627 1421; x_wconf 71' lang='lat'><strong>4⁰</strong></span> <span class='ocrx_word' id='word_1_113' title='bbox 649 1356 758 1422; x_wconf 76' lang='lat' dir='ltr'><strong>Petita</strong></span> <span class='ocrx_word' id='word_1_114' title='bbox 779 1357 942 1422; x_wconf 81' lang='lat' dir='ltr'><strong>creatione</strong></span> <span class='ocrx_word' id='word_1_115' title='bbox 971 1355 1086 1421; x_wconf 91' lang='lat' dir='ltr'><strong>mundi</strong></span> 
     </span>
     <span class='ocr_line' id='line_1_16' title="bbox 26 1436 1087 1523; baseline -0.007 -15"><span class='ocrx_word' id='word_1_116' title='bbox 26 1443 68 1508; x_wconf 86' lang='lat' dir='ltr'><strong>ab</strong></span> <span class='ocrx_word' id='word_1_117' title='bbox 90 1451 231 1516; x_wconf 86' lang='lat' dir='ltr'><strong>aeterno,</strong></span> <span class='ocrx_word' id='word_1_118' title='bbox 253 1436 390 1505; x_wconf 82' lang='lat' dir='ltr'><strong>infinitis</strong></span> <span class='ocrx_word' id='word_1_119' title='bbox 411 1437 551 1515; x_wconf 83' lang='lat' dir='ltr'><strong>diebus,</strong></span> <span class='ocrx_word' id='word_1_120' title='bbox 573 1438 630 1523; x_wconf 89' lang='lat' dir='ltr'><strong>qni</strong></span> <span class='ocrx_word' id='word_1_121' title='bbox 653 1448 906 1522; x_wconf 82' lang='lat' dir='ltr'><strong>praecesserunt,</strong></span> <span class='ocrx_word' id='word_1_122' title='bbox 928 1439 1009 1516; x_wconf 88' lang='lat' dir='ltr'><strong>alia,</strong></span> <span class='ocrx_word' id='word_1_123' title='bbox 1032 1459 1087 1502; x_wconf 90' lang='lat' dir='ltr'><strong>no-</strong></span> 
     </span>
     <span class='ocr_line' id='line_1_17' title="bbox 25 1518 1088 1610; baseline -0.003 -20"><span class='ocrx_word' id='word_1_124' title='bbox 25 1544 129 1610; x_wconf 87' lang='lat' dir='ltr'><strong>vaque</strong></span> <span class='ocrx_word' id='word_1_125' title='bbox 150 1522 221 1588; x_wconf 87' lang='lat' dir='ltr'><strong>dies</strong></span> <span class='ocrx_word' id='word_1_126' title='bbox 240 1518 386 1607; x_wconf 87' lang='lat' dir='ltr'><strong>quotidie</strong></span> <span class='ocrx_word' id='word_1_127' title='bbox 407 1518 589 1597; x_wconf 85' lang='lat' dir='ltr'><strong>adderetur,</strong></span> <span class='ocrx_word' id='word_1_128' title='bbox 605 1540 642 1584; x_wconf 86' lang='lat' dir='ltr'><strong>ac</strong></span> <span class='ocrx_word' id='word_1_129' title='bbox 666 1519 799 1605; x_wconf 90' lang='lat' dir='ltr'><strong>proinde</strong></span> <span class='ocrx_word' id='word_1_130' title='bbox 820 1519 982 1586; x_wconf 88' lang='lat' dir='ltr'><strong>infinitum</strong></span> <span class='ocrx_word' id='word_1_131' title='bbox 1003 1532 1088 1587; x_wconf 83' lang='lat' dir='ltr'><strong>esset</strong></span> 
     </span>
     <span class='ocr_line' id='line_1_18' title="bbox 24 1599 1044 1688; baseline -0.006 -16"><span class='ocrx_word' id='word_1_132' title='bbox 24 1629 63 1672; x_wconf 85' lang='lat' dir='ltr'><strong>ea</strong></span> <span class='ocrx_word' id='word_1_133' title='bbox 89 1627 130 1670; x_wconf 83' lang='lat' dir='ltr'><strong>ax</strong></span> <span class='ocrx_word' id='word_1_134' title='bbox 152 1605 356 1676; x_wconf 86' lang='lat' dir='ltr'><strong>inerementi,</strong></span> <span class='ocrx_word' id='word_1_135' title='bbox 381 1599 413 1666; x_wconf 87' lang='lat' dir='ltr'><strong>ld</strong></span> <span class='ocrx_word' id='word_1_136' title='bbox 435 1601 521 1688; x_wconf 85' lang='lat' dir='ltr'><strong>qnod</strong></span> <span class='ocrx_word' id='word_1_137' title='bbox 544 1603 708 1668; x_wconf 88' lang='lat' dir='ltr'><strong>notionem</strong></span> <span class='ocrx_word' id='word_1_138' title='bbox 731 1601 850 1667; x_wconf 87' lang='lat' dir='ltr'><strong>infiniti</strong></span> <span class='ocrx_word' id='word_1_139' title='bbox 872 1600 1011 1670; x_wconf 88' lang='lat' dir='ltr'><strong>destruit</strong></span> <span class='ocrx_word' id='word_1_140' title='bbox 1021 1603 1044 1666; x_wconf 76' lang='lat'><strong>³.</strong></span> 
     </span>
    </p>

    <p class='ocr_par' dir='ltr' id='par_1_4' title="bbox 24 1628 1089 1854">
     <span class='ocr_line' id='line_1_19' title="bbox 66 1628 1088 1770; baseline -0.004 -17"><span class='ocrx_word' id='word_1_141' title='bbox 66 1628 137 1756; x_wconf 82' lang='lat' dir='ltr'><strong>i85.</strong></span> <span class='ocrx_word' id='word_1_142' title='bbox 161 1691 204 1754; x_wconf 77' lang='lat' dir='ltr'><strong>at</strong></span> <span class='ocrx_word' id='word_1_143' title='bbox 224 1687 302 1752; x_wconf 82' lang='lat' dir='ltr'><strong>laen</strong></span> <span class='ocrx_word' id='word_1_144' title='bbox 324 1695 526 1769; x_wconf 80' lang='lat' dir='ltr'><strong>argumenta,</strong></span> <span class='ocrx_word' id='word_1_145' title='bbox 549 1705 590 1749; x_wconf 84' lang='lat' dir='ltr'><strong>ex</strong></span> <span class='ocrx_word' id='word_1_146' title='bbox 612 1681 652 1746; x_wconf 88' lang='lat' dir='ltr'><strong>D.</strong></span> <span class='ocrx_word' id='word_1_147' title='bbox 668 1682 807 1749; x_wconf 85' lang='lat' dir='ltr'><strong>Thomae</strong></span> <span class='ocrx_word' id='word_1_148' title='bbox 830 1687 998 1762; x_wconf 85' lang='lat' dir='ltr'><strong>sententia,</strong></span> <span class='ocrx_word' id='word_1_149' title='bbox 1012 1705 1088 1770; x_wconf 90' lang='lat' dir='ltr'><strong>apo-</strong></span> 
     </span>
     <span class='ocr_line' id='line_1_20' title="bbox 24 1765 1089 1854; baseline -0.007 -17"><span class='ocrx_word' id='word_1_150' title='bbox 24 1773 146 1838; x_wconf 81' lang='lat' dir='ltr'><strong>dictica</strong></span> <span class='ocrx_word' id='word_1_151' title='bbox 167 1790 231 1835; x_wconf 91' lang='lat' dir='ltr'><strong>non</strong></span> <span class='ocrx_word' id='word_1_152' title='bbox 253 1777 345 1844; x_wconf 87' lang='lat' dir='ltr'><strong>sunt;</strong></span> <span class='ocrx_word' id='word_1_153' title='bbox 368 1785 405 1830; x_wconf 82' lang='lat' dir='ltr'><strong>ae</strong></span> <span class='ocrx_word' id='word_1_154' title='bbox 427 1765 563 1853; x_wconf 88' lang='lat' dir='ltr'><strong>proinde</strong></span> <span class='ocrx_word' id='word_1_155' title='bbox 589 1766 632 1830; x_wconf 86' lang='lat' dir='ltr'><strong>iis</strong></span> <span class='ocrx_word' id='word_1_156' title='bbox 651 1765 839 1854; x_wconf 81' lang='lat' dir='ltr'><strong>responderi</strong></span> <span class='ocrx_word' id='word_1_157' title='bbox 868 1786 931 1831; x_wconf 91' lang='lat' dir='ltr'><strong>non</strong></span> <span class='ocrx_word' id='word_1_158' title='bbox 951 1765 1089 1832; x_wconf 87' lang='lat' dir='ltr'><strong>difficul-</strong></span> 
     </span>
    </p>
   </div>
   <div class='ocr_carea' id='block_1_3' title="bbox 11 1943 1090 3753">
    <p class='ocr_par' dir='ltr' id='par_1_5' title="bbox 20 1943 1087 2301">
     <span class='ocr_line' id='line_1_21' title="bbox 24 1943 1085 2014; baseline 0 -14"><span class='ocrx_word' id='word_1_159' title='bbox 24 1950 116 2007; x_wconf 90' lang='lat' dir='ltr'><strong>tionie,</strong></span> <span class='ocrx_word' id='word_1_160' title='bbox 135 1948 157 1997; x_wconf 90' lang='lat' dir='ltr'><strong>el</strong></span> <span class='ocrx_word' id='word_1_161' title='bbox 176 1959 223 2010; x_wconf 86' lang='lat' dir='ltr'><strong>per</strong></span> <span class='ocrx_word' id='word_1_162' title='bbox 241 1959 286 2003; x_wconf 88' lang='lat' dir='ltr'><strong>ee,</strong></span> <span class='ocrx_word' id='word_1_163' title='bbox 306 1950 333 1994; x_wconf 92' lang='lat' dir='ltr'><strong>et</strong></span> <span class='ocrx_word' id='word_1_164' title='bbox 351 1946 442 1996; x_wconf 85' lang='lat' dir='ltr'><strong>etriote</strong></span> <span class='ocrx_word' id='word_1_165' title='bbox 461 1943 636 2009; x_wconf 69' lang='lat' dir='ltr'><strong>intelligatur,</strong></span> <span class='ocrx_word' id='word_1_166' title='bbox 649 1945 719 1996; x_wconf 88' lang='lat' dir='ltr'><strong>ldem</strong></span> <span class='ocrx_word' id='word_1_167' title='bbox 737 1945 931 2004; x_wconf 63' lang='lat' dir='ltr'><strong>relitterando</strong></span> <span class='ocrx_word' id='word_1_168' title='bbox 943 1962 976 1999; x_wconf 76' lang='lat' dir='ltr'><strong>ee</strong></span> <span class='ocrx_word' id='word_1_169' title='bbox 987 1949 1085 2014; x_wconf 75' lang='lat' dir='ltr'><strong>eliqua.</strong></span> 
     </span>
     <span class='ocr_line' id='line_1_22' title="bbox 23 2017 1086 2085; baseline -0.001 -13"><span class='ocrx_word' id='word_1_170' title='bbox 23 2022 147 2073; x_wconf 85' lang='lat' dir='ltr'><strong>lemrero</strong></span> <span class='ocrx_word' id='word_1_171' title='bbox 164 2020 223 2084; x_wconf 68' lang='lat' dir='ltr'><strong>pert</strong></span> <span class='ocrx_word' id='word_1_172' title='bbox 239 2034 293 2068; x_wconf 74' lang='lat' dir='ltr'><strong>eeu</strong></span> <span class='ocrx_word' id='word_1_173' title='bbox 311 2032 345 2068; x_wconf 77' lang='lat' dir='ltr'><strong>em</strong></span> <span class='ocrx_word' id='word_1_174' title='bbox 362 2018 447 2082; x_wconf 69' lang='lat' dir='ltr'><strong>adque</strong></span> <span class='ocrx_word' id='word_1_175' title='bbox 463 2017 533 2068; x_wconf 83' lang='lat' dir='ltr'><strong>idem</strong></span> <span class='ocrx_word' id='word_1_176' title='bbox 552 2029 605 2068; x_wconf 82' lang='lat' dir='ltr'><strong>aaa</strong></span> <span class='ocrx_word' id='word_1_177' title='bbox 622 2022 684 2078; x_wconf 81' lang='lat' dir='ltr'><strong>eet,</strong></span> <span class='ocrx_word' id='word_1_178' title='bbox 704 2031 736 2070; x_wconf 86' lang='lat' dir='ltr'><strong>eo</strong></span> <span class='ocrx_word' id='word_1_179' title='bbox 753 2019 810 2084; x_wconf 68' lang='lat' dir='ltr'><strong>lteri</strong></span> <span class='ocrx_word' id='word_1_180' title='bbox 830 2027 888 2083; x_wconf 83' lang='lat' dir='ltr'><strong>poet</strong></span> <span class='ocrx_word' id='word_1_181' title='bbox 906 2034 959 2070; x_wconf 81' lang='lat' dir='ltr'><strong>ooo</strong></span> <span class='ocrx_word' id='word_1_182' title='bbox 977 2023 1086 2085; x_wconf 80' lang='lat' dir='ltr'><strong>aliquid,</strong></span> 
     </span>
     <span class='ocr_line' id='line_1_23' title="bbox 20 2087 1087 2156; baseline 0 -12"><span class='ocrx_word' id='word_1_183' title='bbox 20 2108 71 2146; x_wconf 87' lang='lat' dir='ltr'><strong>een</strong></span> <span class='ocrx_word' id='word_1_184' title='bbox 91 2097 150 2156; x_wconf 86' lang='lat' dir='ltr'><strong>poet</strong></span> <span class='ocrx_word' id='word_1_185' title='bbox 167 2091 290 2142; x_wconf 84' lang='lat' dir='ltr'><strong>nihilum.</strong></span> <span class='ocrx_word' id='word_1_186' title='bbox 311 2087 381 2154; x_wconf 64' lang='lat' dir='ltr'><strong>Ergo</strong></span> <span class='ocrx_word' id='word_1_187' title='bbox 400 2089 465 2139; x_wconf 90' lang='lat' dir='ltr'><strong>lllnd</strong></span> <span class='ocrx_word' id='word_1_188' title='bbox 483 2103 518 2140; x_wconf 74' lang='lat' dir='ltr'><strong>ere</strong></span> <span class='ocrx_word' id='word_1_189' title='bbox 534 2091 625 2149; x_wconf 76' lang='lat' dir='ltr'><strong>nitito,</strong></span> <span class='ocrx_word' id='word_1_190' title='bbox 644 2091 715 2155; x_wconf 88' lang='lat' dir='ltr'><strong>qnod</strong></span> <span class='ocrx_word' id='word_1_191' title='bbox 733 2091 760 2140; x_wconf 90' lang='lat' dir='ltr'><strong>in</strong></span> <span class='ocrx_word' id='word_1_192' title='bbox 780 2091 932 2144; x_wconf 83' lang='lat' dir='ltr'><strong>delinitione</strong></span> <span class='ocrx_word' id='word_1_193' title='bbox 944 2095 1087 2144; x_wconf 81' lang='lat' dir='ltr'><strong>creationie</strong></span> 
     </span>
     <span class='ocr_line' id='line_1_24' title="bbox 21 2161 1086 2231; baseline 0.002 -15"><span class='ocrx_word' id='word_1_194' title='bbox 21 2169 146 2231; x_wconf 89' lang='lat' dir='ltr'><strong>ponitur,</strong></span> <span class='ocrx_word' id='word_1_195' title='bbox 167 2165 287 2227; x_wconf 80' lang='lat' dir='ltr'><strong>proprie,</strong></span> <span class='ocrx_word' id='word_1_196' title='bbox 304 2168 331 2212; x_wconf 91' lang='lat' dir='ltr'><strong>et</strong></span> <span class='ocrx_word' id='word_1_197' title='bbox 348 2175 397 2226; x_wconf 86' lang='lat' dir='ltr'><strong>per</strong></span> <span class='ocrx_word' id='word_1_198' title='bbox 414 2174 442 2212; x_wconf 91' lang='lat' dir='ltr'><strong>ee</strong></span> <span class='ocrx_word' id='word_1_199' title='bbox 461 2175 513 2213; x_wconf 90' lang='lat' dir='ltr'><strong>nou</strong></span> <span class='ocrx_word' id='word_1_200' title='bbox 531 2161 640 2213; x_wconf 81' lang='lat' dir='ltr'><strong>denotat</strong></span> <span class='ocrx_word' id='word_1_201' title='bbox 658 2176 734 2221; x_wconf 81' lang='lat' dir='ltr'><strong>rem,</strong></span> <span class='ocrx_word' id='word_1_202' title='bbox 754 2177 823 2227; x_wconf 85' lang='lat' dir='ltr'><strong>quae</strong></span> <span class='ocrx_word' id='word_1_203' title='bbox 842 2169 967 2225; x_wconf 85' lang='lat' dir='ltr'><strong>creatur,</strong></span> <span class='ocrx_word' id='word_1_204' title='bbox 987 2166 1086 2218; x_wconf 85' lang='lat' dir='ltr'><strong>hebere</strong></span> 
     </span>
     <span class='ocr_line' id='line_1_25' title="bbox 21 2234 804 2301; baseline -0.006 -10"><span class='ocrx_word' id='word_1_205' title='bbox 21 2255 80 2290; x_wconf 80' lang='lat' dir='ltr'><strong>eree</strong></span> <span class='ocrx_word' id='word_1_206' title='bbox 98 2243 159 2300; x_wconf 85' lang='lat' dir='ltr'><strong>poet</strong></span> <span class='ocrx_word' id='word_1_207' title='bbox 175 2250 229 2286; x_wconf 80' lang='lat' dir='ltr'><strong>aon</strong></span> <span class='ocrx_word' id='word_1_208' title='bbox 247 2249 311 2293; x_wconf 75' lang='lat' dir='ltr'><strong>eree,</strong></span> <span class='ocrx_word' id='word_1_209' title='bbox 331 2235 376 2285; x_wconf 88' lang='lat' dir='ltr'><strong>eed</strong></span> <span class='ocrx_word' id='word_1_210' title='bbox 394 2234 493 2285; x_wconf 85' lang='lat' dir='ltr'><strong>habere</strong></span> <span class='ocrx_word' id='word_1_211' title='bbox 512 2249 567 2287; x_wconf 80' lang='lat' dir='ltr'><strong>erte</strong></span> <span class='ocrx_word' id='word_1_212' title='bbox 583 2247 639 2285; x_wconf 78' lang='lat' dir='ltr'><strong>aaa</strong></span> <span class='ocrx_word' id='word_1_213' title='bbox 657 2249 690 2286; x_wconf 74' lang='lat' dir='ltr'><strong>ere</strong></span> <span class='ocrx_word' id='word_1_214' title='bbox 708 2237 804 2301; x_wconf 74' lang='lat' dir='ltr'><strong>euque.</strong></span> 
     </span>
    </p>

    <p class='ocr_par' dir='ltr' id='par_1_6' title="bbox 62 2302 667 2373">
     <span class='ocr_line' id='line_1_26' title="bbox 62 2302 667 2373; baseline -0.008 -11"><span class='ocrx_word' id='word_1_215' title='bbox 62 2308 74 2347; x_wconf 80' lang='lat'>¹</span> <span class='ocrx_word' id='word_1_216' title='bbox 93 2307 192 2373; x_wconf 70' lang='lat' dir='ltr'><strong>uinea.</strong></span> <span class='ocrx_word' id='word_1_217' title='bbox 212 2302 323 2365; x_wconf 78' lang='lat' dir='ltr'><strong>xtvu,</strong></span> <span class='ocrx_word' id='word_1_218' title='bbox 343 2309 383 2358; x_wconf 87' lang='lat' dir='ltr'><strong>De</strong></span> <span class='ocrx_word' id='word_1_219' title='bbox 400 2308 550 2359; x_wconf 76' lang='lat' dir='ltr'><strong>aeternitate</strong></span> <span class='ocrx_word' id='word_1_220' title='bbox 568 2309 667 2358; x_wconf 64' lang='lat' dir='ltr'><strong>maeret.</strong></span> 
     </span>
    </p>

    <p class='ocr_par' dir='ltr' id='par_1_7' title="bbox 19 2377 1088 2591">
     <span class='ocr_line' id='line_1_27' title="bbox 58 2377 1087 2446; baseline 0 -14"><span class='ocrx_word' id='word_1_221' title='bbox 58 2382 73 2420; x_wconf 75' lang='lat'>²</span> <span class='ocrx_word' id='word_1_222' title='bbox 92 2380 166 2432; x_wconf 82' lang='lat' dir='ltr'><strong>liene</strong></span> <span class='ocrx_word' id='word_1_223' title='bbox 185 2381 343 2431; x_wconf 70' lang='lat' dir='ltr'><strong>eontentiam</strong></span> <span class='ocrx_word' id='word_1_224' title='bbox 363 2377 417 2429; x_wconf 88' lang='lat' dir='ltr'><strong>lere</strong></span> <span class='ocrx_word' id='word_1_225' title='bbox 435 2391 528 2429; x_wconf 88' lang='lat' dir='ltr'><strong>omnee</strong></span> <span class='ocrx_word' id='word_1_226' title='bbox 547 2385 668 2430; x_wconf 80' lang='lat' dir='ltr'><strong>recenter</strong></span> <span class='ocrx_word' id='word_1_227' title='bbox 686 2379 800 2442; x_wconf 82' lang='lat' dir='ltr'><strong>amplexi</strong></span> <span class='ocrx_word' id='word_1_228' title='bbox 820 2386 892 2441; x_wconf 90' lang='lat' dir='ltr'><strong>enat,</strong></span> <span class='ocrx_word' id='word_1_229' title='bbox 912 2382 1021 2446; x_wconf 76' lang='lat' dir='ltr'><strong>eiusque</strong></span> <span class='ocrx_word' id='word_1_230' title='bbox 1041 2397 1087 2446; x_wconf 84' lang='lat' dir='ltr'><strong>pe-</strong></span> 
     </span>
     <span class='ocr_line' id='line_1_28' title="bbox 19 2448 1088 2518; baseline 0.001 -12"><span class='ocrx_word' id='word_1_231' title='bbox 19 2456 170 2507; x_wconf 82' lang='lat' dir='ltr'><strong>trociainm</strong></span> <span class='ocrx_word' id='word_1_232' title='bbox 195 2465 290 2517; x_wconf 73' lang='lat' dir='ltr'><strong>magna</strong></span> <span class='ocrx_word' id='word_1_233' title='bbox 315 2452 396 2502; x_wconf 85' lang='lat' dir='ltr'><strong>anlmt</strong></span> <span class='ocrx_word' id='word_1_234' title='bbox 421 2451 592 2503; x_wconf 87' lang='lat' dir='ltr'><strong>eontentioae</strong></span> <span class='ocrx_word' id='word_1_235' title='bbox 610 2455 647 2502; x_wconf 85' lang='lat' dir='ltr'><strong>ol.</strong></span> <span class='ocrx_word' id='word_1_236' title='bbox 668 2465 695 2514; x_wconf 85' lang='lat' dir='ltr'><strong>p.</strong></span> <span class='ocrx_word' id='word_1_237' title='bbox 716 2448 854 2518; x_wconf 71' lang='lat' dir='ltr'><strong>Tongiorgi</strong></span> <span class='ocrx_word' id='word_1_238' title='bbox 872 2458 1024 2518; x_wconf 77' lang='lat' dir='ltr'><strong>nrrperrtme</strong></span> <span class='ocrx_word' id='word_1_239' title='bbox 1043 2469 1088 2506; x_wconf 89' lang='lat' dir='ltr'><strong>eu-</strong></span> 
     </span>
     <span class='ocr_line' id='line_1_29' title="bbox 19 2522 478 2591; baseline -0.011 -13"><span class='ocrx_word' id='word_1_240' title='bbox 19 2530 121 2591; x_wconf 71' lang='lat' dir='ltr'><strong>eeepite</strong></span> <span class='ocrx_word' id='word_1_241' title='bbox 143 2529 191 2590; x_wconf 85' lang='lat' dir='ltr'><strong>Op.</strong></span> <span class='ocrx_word' id='word_1_242' title='bbox 210 2529 265 2583; x_wconf 68' lang='lat' dir='ltr'><strong>eit„</strong></span> <span class='ocrx_word' id='word_1_243' title='bbox 286 2525 384 2583; x_wconf 65' lang='lat' dir='ltr'><strong>Ornet,</strong></span> <span class='ocrx_word' id='word_1_244' title='bbox 404 2535 431 2574; x_wconf 82' lang='lat' dir='ltr'><strong>e.</strong></span> <span class='ocrx_word' id='word_1_245' title='bbox 450 2522 478 2574; x_wconf 80' lang='grc'><strong>3.</strong></span> 
     </span>
    </p>

    <p class='ocr_par' dir='ltr' id='par_1_8' title="bbox 11 2596 1090 3753">
     <span class='ocr_line' id='line_1_30' title="bbox 59 2596 1087 2662; baseline -0.003 -10"><span class='ocrx_word' id='word_1_246' title='bbox 59 2601 72 2636; x_wconf 79' lang='lat'><strong>³</strong></span> <span class='ocrx_word' id='word_1_247' title='bbox 92 2597 173 2652; x_wconf 79' lang='lat' dir='ltr'><strong>attur</strong></span> <span class='ocrx_word' id='word_1_248' title='bbox 190 2600 271 2648; x_wconf 83' lang='lat' dir='ltr'><strong>etlam</strong></span> <span class='ocrx_word' id='word_1_249' title='bbox 290 2600 477 2661; x_wconf 71' lang='lat' dir='ltr'><strong>argumentum</strong></span> <span class='ocrx_word' id='word_1_250' title='bbox 495 2608 528 2646; x_wconf 83' lang='lat' dir='ltr'><strong>ex</strong></span> <span class='ocrx_word' id='word_1_251' title='bbox 546 2607 579 2647; x_wconf 91' lang='lat' dir='ltr'><strong>en</strong></span> <span class='ocrx_word' id='word_1_252' title='bbox 597 2596 708 2660; x_wconf 86' lang='lat' dir='ltr'><strong>petttnr,</strong></span> <span class='ocrx_word' id='word_1_253' title='bbox 727 2597 807 2662; x_wconf 82' lang='lat' dir='ltr'><strong>qnod.</strong></span> <span class='ocrx_word' id='word_1_254' title='bbox 827 2598 850 2648; x_wconf 84' lang='lat' dir='ltr'><strong>el</strong></span> <span class='ocrx_word' id='word_1_255' title='bbox 869 2600 983 2654; x_wconf 78' lang='lat' dir='ltr'><strong>mundat</strong></span> <span class='ocrx_word' id='word_1_256' title='bbox 996 2600 1029 2649; x_wconf 84' lang='lat' dir='ltr'><strong>ab</strong></span> <span class='ocrx_word' id='word_1_257' title='bbox 1042 2612 1087 2649; x_wconf 85' lang='lat' dir='ltr'><strong>ae-</strong></span> 
     </span>
     <span class='ocr_line' id='line_1_31' title="bbox 18 2667 1087 2735; baseline 0 -13"><span class='ocrx_word' id='word_1_258' title='bbox 18 2679 102 2724; x_wconf 87' lang='lat' dir='ltr'><strong>terno</strong></span> <span class='ocrx_word' id='word_1_259' title='bbox 122 2671 226 2726; x_wconf 82' lang='lat' dir='ltr'><strong>taieeet.</strong></span> <span class='ocrx_word' id='word_1_260' title='bbox 245 2667 362 2720; x_wconf 78' lang='lat' dir='ltr'><strong>infinitae</strong></span> <span class='ocrx_word' id='word_1_261' title='bbox 379 2669 563 2734; x_wconf 71' lang='lat' dir='ltr'><strong>generatione·</strong></span> <span class='ocrx_word' id='word_1_262' title='bbox 581 2669 608 2719; x_wconf 91' lang='lat' dir='ltr'><strong>in</strong></span> <span class='ocrx_word' id='word_1_263' title='bbox 627 2672 745 2733; x_wconf 85' lang='lat' dir='ltr'><strong>tempore</strong></span> <span class='ocrx_word' id='word_1_264' title='bbox 759 2670 861 2721; x_wconf 83' lang='lat' dir='ltr'><strong>infinito</strong></span> <span class='ocrx_word' id='word_1_265' title='bbox 874 2673 1018 2735; x_wconf 80' lang='lat' dir='ltr'><strong>praeterito</strong></span> <span class='ocrx_word' id='word_1_266' title='bbox 1030 2674 1087 2722; x_wconf 80' lang='lat' dir='ltr'><strong>erl-</strong></span> 
     </span>
     <span class='ocr_line' id='line_1_32' title="bbox 18 2740 1088 2810; baseline -0.001 -14"><span class='ocrx_word' id='word_1_267' title='bbox 18 2751 96 2796; x_wconf 85' lang='lat' dir='ltr'><strong>etere</strong></span> <span class='ocrx_word' id='word_1_268' title='bbox 114 2745 285 2801; x_wconf 66' lang='lat' dir='ltr'><strong>deuoluunt,</strong></span> <span class='ocrx_word' id='word_1_269' title='bbox 304 2755 337 2792; x_wconf 88' lang='lat' dir='ltr'><strong>eo</strong></span> <span class='ocrx_word' id='word_1_270' title='bbox 355 2743 464 2805; x_wconf 83' lang='lat' dir='ltr'><strong>proinde</strong></span> <span class='ocrx_word' id='word_1_271' title='bbox 485 2740 603 2792; x_wconf 85' lang='lat' dir='ltr'><strong>intlnltee</strong></span> <span class='ocrx_word' id='word_1_272' title='bbox 621 2741 725 2794; x_wconf 79' lang='lat' dir='ltr'><strong>animae</strong></span> <span class='ocrx_word' id='word_1_273' title='bbox 744 2741 895 2804; x_wconf 79' lang='lat' dir='ltr'><strong>homenee;</strong></span> <span class='ocrx_word' id='word_1_274' title='bbox 915 2749 943 2795; x_wconf 86' lang='lat' dir='ltr'><strong>et</strong></span> <span class='ocrx_word' id='word_1_275' title='bbox 960 2746 1088 2810; x_wconf 85' lang='lat' dir='ltr'><strong>quoniam</strong></span> 
     </span>
     <span class='ocr_line' id='line_1_33' title="bbox 19 2813 1088 2882; baseline -0.001 -13"><span class='ocrx_word' id='word_1_276' title='bbox 19 2819 88 2876; x_wconf 83' lang='lat' dir='ltr'><strong>hae,</strong></span> <span class='ocrx_word' id='word_1_277' title='bbox 108 2820 200 2882; x_wconf 82' lang='lat' dir='ltr'><strong>utpote</strong></span> <span class='ocrx_word' id='word_1_278' title='bbox 219 2813 392 2874; x_wconf 82' lang='lat' dir='ltr'><strong>immertelee,</strong></span> <span class='ocrx_word' id='word_1_279' title='bbox 412 2818 475 2866; x_wconf 89' lang='lat' dir='ltr'><strong>eunt</strong></span> <span class='ocrx_word' id='word_1_280' title='bbox 492 2817 688 2877; x_wconf 82' lang='lat' dir='ltr'><strong>permanentee,</strong></span> <span class='ocrx_word' id='word_1_281' title='bbox 704 2814 804 2865; x_wconf 79' lang='lat' dir='ltr'><strong>infinita</strong></span> <span class='ocrx_word' id='word_1_282' title='bbox 824 2815 968 2869; x_wconf 89' lang='lat' dir='ltr'><strong>multitudo</strong></span> <span class='ocrx_word' id='word_1_283' title='bbox 986 2818 1088 2868; x_wconf 83' lang='lat' dir='ltr'><strong>enime-</strong></span> 
     </span>
     <span class='ocr_line' id='line_1_34' title="bbox 19 2887 1088 2946; baseline -0.002 -5"><span class='ocrx_word' id='word_1_284' title='bbox 19 2905 86 2941; x_wconf 90' lang='lat' dir='ltr'><strong>rnm</strong></span> <span class='ocrx_word' id='word_1_285' title='bbox 106 2897 168 2940; x_wconf 85' lang='lat' dir='ltr'><strong>eutn</strong></span> <span class='ocrx_word' id='word_1_286' title='bbox 187 2889 268 2938; x_wconf 88' lang='lat' dir='ltr'><strong>etmnl</strong></span> <span class='ocrx_word' id='word_1_287' title='bbox 285 2887 423 2946; x_wconf 53' lang='lat' dir='ltr'><strong>existerem</strong></span> <span class='ocrx_word' id='word_1_288' title='bbox 435 2892 464 2936; x_wconf 86' lang='lat' dir='ltr'><strong>et</strong></span> <span class='ocrx_word' id='word_1_289' title='bbox 475 2888 609 2937; x_wconf 80' lang='lat' dir='ltr'><strong>notualem</strong></span> <span class='ocrx_word' id='word_1_290' title='bbox 629 2888 816 2939; x_wconf 86' lang='lat' dir='ltr'><strong>eimulteneam</strong></span> <span class='ocrx_word' id='word_1_291' title='bbox 835 2890 1032 2941; x_wconf 86' lang='lat' dir='ltr'><strong>multitudinem</strong></span> <span class='ocrx_word' id='word_1_292' title='bbox 1047 2890 1088 2940; x_wconf 92' lang='lat' dir='ltr'><strong>ln·</strong></span> 
     </span>
     <span class='ocr_line' id='line_1_35' title="bbox 18 2958 1088 3024; baseline -0.001 -11"><span class='ocrx_word' id='word_1_293' title='bbox 18 2964 137 3013; x_wconf 73' lang='lat' dir='ltr'><strong>fluitem</strong></span> <span class='ocrx_word' id='word_1_294' title='bbox 148 2959 206 3012; x_wconf 85' lang='lat' dir='ltr'><strong>deri</strong></span> <span class='ocrx_word' id='word_1_295' title='bbox 225 2964 364 3024; x_wconf 70' lang='lat' dir='ltr'><strong>repugnet.</strong></span> <span class='ocrx_word' id='word_1_296' title='bbox 379 2958 434 3010; x_wconf 83' lang='lat' dir='ltr'><strong>lion</strong></span> <span class='ocrx_word' id='word_1_297' title='bbox 447 2963 635 3024; x_wconf 72' lang='lat' dir='ltr'><strong>argumentum</strong></span> <span class='ocrx_word' id='word_1_298' title='bbox 652 2961 802 3016; x_wconf 68' lang='lat' dir='ltr'><strong>omleimuei</strong></span> <span class='ocrx_word' id='word_1_299' title='bbox 826 2975 898 3021; x_wconf 87' lang='lat' dir='ltr'><strong>nem,</strong></span> <span class='ocrx_word' id='word_1_300' title='bbox 922 2969 951 3013; x_wconf 91' lang='lat' dir='ltr'><strong>ut</strong></span> <span class='ocrx_word' id='word_1_301' title='bbox 974 2964 1088 3013; x_wconf 78' lang='lat' dir='ltr'><strong>advertit</strong></span> 
     </span>
     <span class='ocr_line' id='line_1_36' title="bbox 17 3031 1088 3099; baseline -0.001 -14"><span class='ocrx_word' id='word_1_302' title='bbox 17 3050 44 3086; x_wconf 91' lang='lat' dir='ltr'><strong>e.</strong></span> <span class='ocrx_word' id='word_1_303' title='bbox 67 3031 196 3093; x_wconf 73' lang='lat' dir='ltr'><strong>Thomna,</strong></span> <span class='ocrx_word' id='word_1_304' title='bbox 215 3033 337 3097; x_wconf 85' lang='lat' dir='ltr'><strong>qneeetio</strong></span> <span class='ocrx_word' id='word_1_305' title='bbox 356 3046 407 3083; x_wconf 89' lang='lat' dir='ltr'><strong>non</strong></span> <span class='ocrx_word' id='word_1_306' title='bbox 427 3033 453 3082; x_wconf 90' lang='lat' dir='ltr'><strong>ln</strong></span> <span class='ocrx_word' id='word_1_307' title='bbox 472 3045 505 3082; x_wconf 92' lang='lat' dir='ltr'><strong>eo</strong></span> <span class='ocrx_word' id='word_1_308' title='bbox 522 3035 656 3090; x_wconf 79' lang='lat' dir='ltr'><strong>vereatur,</strong></span> <span class='ocrx_word' id='word_1_309' title='bbox 675 3045 740 3082; x_wconf 89' lang='lat' dir='ltr'><strong>nnrn</strong></span> <span class='ocrx_word' id='word_1_310' title='bbox 760 3037 857 3084; x_wconf 81' lang='lat' dir='ltr'><strong>ennete</strong></span> <span class='ocrx_word' id='word_1_311' title='bbox 876 3047 972 3099; x_wconf 76' lang='lat' dir='ltr'><strong>genera</strong></span> <span class='ocrx_word' id='word_1_312' title='bbox 997 3048 1088 3085; x_wconf 85' lang='lat' dir='ltr'><strong>rernm</strong></span> 
     </span>
     <span class='ocr_line' id='line_1_37' title="bbox 16 3104 1088 3172; baseline 0 -14"><span class='ocrx_word' id='word_1_313' title='bbox 16 3112 190 3165; x_wconf 76' lang='lat' dir='ltr'><strong>creatarum,</strong></span> <span class='ocrx_word' id='word_1_314' title='bbox 208 3119 241 3154; x_wconf 85' lang='lat' dir='ltr'><strong>ex</strong></span> <span class='ocrx_word' id='word_1_315' title='bbox 258 3105 354 3169; x_wconf 70' lang='lat' dir='ltr'><strong>qnmue</strong></span> <span class='ocrx_word' id='word_1_316' title='bbox 373 3106 487 3156; x_wconf 84' lang='lat' dir='ltr'><strong>mnadne</strong></span> <span class='ocrx_word' id='word_1_317' title='bbox 504 3110 619 3161; x_wconf 83' lang='lat' dir='ltr'><strong>ennetet,</strong></span> <span class='ocrx_word' id='word_1_318' title='bbox 638 3104 673 3153; x_wconf 82' lang='lat' dir='ltr'><strong>ab</strong></span> <span class='ocrx_word' id='word_1_319' title='bbox 691 3110 799 3156; x_wconf 79' lang='lat' dir='ltr'><strong>aeterno</strong></span> <span class='ocrx_word' id='word_1_320' title='bbox 812 3119 869 3157; x_wconf 86' lang='lat' dir='ltr'><strong>eete</strong></span> <span class='ocrx_word' id='word_1_321' title='bbox 883 3109 1028 3172; x_wconf 85' lang='lat' dir='ltr'><strong>potuerint,</strong></span> <span class='ocrx_word' id='word_1_322' title='bbox 1041 3108 1088 3157; x_wconf 81' lang='lat' dir='ltr'><strong>ted</strong></span> 
     </span>
     <span class='ocr_line' id='line_1_38' title="bbox 18 3178 1087 3243; baseline -0.002 -12"><span class='ocrx_word' id='word_1_323' title='bbox 18 3194 90 3231; x_wconf 88' lang='lat' dir='ltr'><strong>num</strong></span> <span class='ocrx_word' id='word_1_324' title='bbox 111 3179 226 3229; x_wconf 85' lang='lat' dir='ltr'><strong>mundae</strong></span> <span class='ocrx_word' id='word_1_325' title='bbox 245 3179 272 3229; x_wconf 89' lang='lat' dir='ltr'><strong>ln</strong></span> <span class='ocrx_word' id='word_1_326' title='bbox 290 3179 464 3235; x_wconf 83' lang='lat' dir='ltr'><strong>entrerenm,</strong></span> <span class='ocrx_word' id='word_1_327' title='bbox 484 3181 530 3226; x_wconf 83' lang='lat' dir='ltr'><strong>ent</strong></span> <span class='ocrx_word' id='word_1_328' title='bbox 548 3178 645 3227; x_wconf 83' lang='lat' dir='ltr'><strong>eettern</strong></span> <span class='ocrx_word' id='word_1_329' title='bbox 669 3178 760 3243; x_wconf 80' lang='lat' dir='ltr'><strong>alique</strong></span> <span class='ocrx_word' id='word_1_330' title='bbox 783 3183 906 3231; x_wconf 83' lang='lat' dir='ltr'><strong>ereatura</strong></span> <span class='ocrx_word' id='word_1_331' title='bbox 925 3181 959 3231; x_wconf 84' lang='lat' dir='ltr'><strong>eb</strong></span> <span class='ocrx_word' id='word_1_332' title='bbox 977 3185 1087 3230; x_wconf 81' lang='lat' dir='ltr'><strong>aeterno</strong></span> 
     </span>
     <span class='ocr_line' id='line_1_39' title="bbox 18 3247 1089 3316; baseline 0 -13"><span class='ocrx_word' id='word_1_333' title='bbox 18 3251 103 3304; x_wconf 76' lang='lat' dir='ltr'><strong>conell</strong></span> <span class='ocrx_word' id='word_1_334' title='bbox 135 3253 252 3315; x_wconf 84' lang='lat' dir='ltr'><strong>potuerit</strong></span> <span class='ocrx_word' id='word_1_335' title='bbox 270 3248 315 3316; x_wconf 87' lang='grc' dir='ltr'><strong>(Ι,</strong></span> <span class='ocrx_word' id='word_1_336' title='bbox 335 3265 363 3314; x_wconf 83' lang='lat' dir='ltr'><strong>q.</strong></span> <span class='ocrx_word' id='word_1_337' title='bbox 382 3247 476 3305; x_wconf 67' lang='lat' dir='ltr'><strong>xlvi,</strong></span> <span class='ocrx_word' id='word_1_338' title='bbox 496 3264 523 3299; x_wconf 83' lang='lat' dir='ltr'><strong>e.</strong></span> <span class='ocrx_word' id='word_1_339' title='bbox 543 3249 559 3298; x_wconf 77' lang='lat'><strong>²</strong></span> <span class='ocrx_word' id='word_1_340' title='bbox 579 3250 613 3299; x_wconf 82' lang='lat' dir='ltr'><strong>ed</strong></span> <span class='ocrx_word' id='word_1_341' title='bbox 632 3247 681 3316; x_wconf 84' lang='lat' dir='ltr'><strong>a).</strong></span> <span class='ocrx_word' id='word_1_342' title='bbox 701 3247 921 3316; x_wconf 81' lang='lat' dir='ltr'><strong>Quapropterlle,</strong></span> <span class='ocrx_word' id='word_1_343' title='bbox 941 3255 986 3316; x_wconf 83' lang='lat' dir='ltr'><strong>qni</strong></span> <span class='ocrx_word' id='word_1_344' title='bbox 1005 3253 1089 3303; x_wconf 80' lang='lat' dir='ltr'><strong>allato</strong></span> 
     </span>
     <span class='ocr_line' id='line_1_40' title="bbox 16 3322 1088 3390; baseline -0.001 -14"><span class='ocrx_word' id='word_1_345' title='bbox 16 3329 184 3390; x_wconf 73' lang='lat' dir='ltr'><strong>argumento</strong></span> <span class='ocrx_word' id='word_1_346' title='bbox 211 3323 413 3387; x_wconf 80' lang='lat' dir='ltr'><strong>poeelbttitetem</strong></span> <span class='ocrx_word' id='word_1_347' title='bbox 441 3323 583 3373; x_wconf 80' lang='lat' dir='ltr'><strong>ereettonie</strong></span> <span class='ocrx_word' id='word_1_348' title='bbox 612 3322 703 3373; x_wconf 88' lang='lat' dir='ltr'><strong>mundi</strong></span> <span class='ocrx_word' id='word_1_349' title='bbox 729 3323 762 3372; x_wconf 82' lang='lat' dir='ltr'><strong>eb</strong></span> <span class='ocrx_word' id='word_1_350' title='bbox 786 3329 895 3375; x_wconf 80' lang='lat' dir='ltr'><strong>aeterna</strong></span> <span class='ocrx_word' id='word_1_351' title='bbox 923 3327 1088 3388; x_wconf 70' lang='lat' dir='ltr'><strong>impugnent,</strong></span> 
     </span>
     <span class='ocr_line' id='line_1_41' title="bbox 19 3395 1090 3462; baseline 0.006 -20"><span class='ocrx_word' id='word_1_352' title='bbox 19 3417 32 3442; x_wconf 70' lang='grc' dir='ltr'>ι</span> <span class='ocrx_word' id='word_1_353' title='bbox 50 3403 146 3462; x_wconf 69' lang='lat' dir='ltr'><strong>posset</strong></span> <span class='ocrx_word' id='word_1_354' title='bbox 164 3398 254 3448; x_wconf 86' lang='lat' dir='ltr'><strong>dleere</strong></span> <span class='ocrx_word' id='word_1_355' title='bbox 272 3397 379 3460; x_wconf 77' lang='lat' dir='ltr'><strong>eltqnle,</strong></span> <span class='ocrx_word' id='word_1_356' title='bbox 399 3395 469 3459; x_wconf 79' lang='lat' dir='ltr'><strong>quod</strong></span> <span class='ocrx_word' id='word_1_357' title='bbox 489 3395 603 3444; x_wconf 88' lang='lat' dir='ltr'><strong>mnadne</strong></span> <span class='ocrx_word' id='word_1_358' title='bbox 616 3395 667 3446; x_wconf 80' lang='lat' dir='ltr'><strong>init</strong></span> <span class='ocrx_word' id='word_1_359' title='bbox 680 3401 816 3447; x_wconf 78' lang='lat' dir='ltr'><strong>aeternna.</strong></span> <span class='ocrx_word' id='word_1_360' title='bbox 832 3399 872 3447; x_wconf 86' lang='lat' dir='ltr'><strong>rel</strong></span> <span class='ocrx_word' id='word_1_361' title='bbox 885 3398 980 3448; x_wconf 84' lang='lat' dir='ltr'><strong>eeltem</strong></span> <span class='ocrx_word' id='word_1_362' title='bbox 999 3399 1090 3461; x_wconf 81' lang='lat' dir='ltr'><strong>eliqua</strong></span> 
     </span>
     <span class='ocr_line' id='line_1_42' title="bbox 15 3465 1087 3538; baseline 0 -18"><span class='ocrx_word' id='word_1_363' title='bbox 15 3475 171 3530; x_wconf 75' lang='lat' dir='ltr'><strong>creatura,</strong></span> <span class='ocrx_word' id='word_1_364' title='bbox 191 3473 220 3519; x_wconf 92' lang='lat' dir='ltr'><strong>nt</strong></span> <span class='ocrx_word' id='word_1_365' title='bbox 238 3468 368 3533; x_wconf 65' lang='lat' dir='ltr'><strong>angelus,</strong></span> <span class='ocrx_word' id='word_1_366' title='bbox 388 3481 440 3519; x_wconf 84' lang='lat' dir='ltr'><strong>non</strong></span> <span class='ocrx_word' id='word_1_367' title='bbox 460 3472 550 3517; x_wconf 87' lang='lat' dir='ltr'><strong>entem</strong></span> <span class='ocrx_word' id='word_1_368' title='bbox 570 3467 651 3517; x_wconf 84' lang='lat' dir='ltr'><strong>homo</strong></span> <span class='ocrx_word' id='word_1_369' title='bbox 672 3487 683 3512; x_wconf 79' lang='grc' dir='ltr'>ι</span> <span class='ocrx_word' id='word_1_370' title='bbox 704 3465 792 3538; x_wconf 77' lang='lat' dir='ltr'><strong>(iata).</strong></span> <span class='ocrx_word' id='word_1_371' title='bbox 812 3466 886 3534; x_wconf 78' lang='lat' dir='ltr'><strong>Quod</strong></span> <span class='ocrx_word' id='word_1_372' title='bbox 906 3484 968 3520; x_wconf 85' lang='lat' dir='ltr'><strong>enm</strong></span> <span class='ocrx_word' id='word_1_373' title='bbox 987 3471 1023 3520; x_wconf 84' lang='lat' dir='ltr'><strong>ite</strong></span> <span class='ocrx_word' id='word_1_374' title='bbox 1042 3473 1087 3532; x_wconf 88' lang='lat' dir='ltr'><strong>eit,</strong></span> 
     </span>
     <span class='ocr_line' id='line_1_43' title="bbox 15 3540 1090 3609; baseline 0.003 -16"><span class='ocrx_word' id='word_1_375' title='bbox 15 3546 96 3602; x_wconf 80' lang='lat' dir='ltr'><strong>illos,</strong></span> <span class='ocrx_word' id='word_1_376' title='bbox 115 3544 163 3607; x_wconf 81' lang='lat' dir='ltr'><strong>qni</strong></span> <span class='ocrx_word' id='word_1_377' title='bbox 182 3545 344 3593; x_wconf 81' lang='lat' dir='ltr'><strong>creationem</strong></span> <span class='ocrx_word' id='word_1_378' title='bbox 363 3541 454 3590; x_wconf 84' lang='lat' dir='ltr'><strong>mnndi</strong></span> <span class='ocrx_word' id='word_1_379' title='bbox 472 3540 506 3590; x_wconf 83' lang='lat' dir='ltr'><strong>ab</strong></span> <span class='ocrx_word' id='word_1_380' title='bbox 524 3546 633 3592; x_wconf 87' lang='lat' dir='ltr'><strong>aeterno</strong></span> <span class='ocrx_word' id='word_1_381' title='bbox 652 3554 709 3592; x_wconf 84' lang='lat' dir='ltr'><strong>eeee</strong></span> <span class='ocrx_word' id='word_1_382' title='bbox 728 3542 850 3605; x_wconf 83' lang='lat' dir='ltr'><strong>poeetbite</strong></span> <span class='ocrx_word' id='word_1_383' title='bbox 870 3547 1001 3609; x_wconf 69' lang='lat' dir='ltr'><strong>pugnent,</strong></span> <span class='ocrx_word' id='word_1_384' title='bbox 1022 3543 1090 3598; x_wconf 85' lang='lat' dir='ltr'><strong>ullrll</strong></span> 
     </span>
     <span class='ocr_line' id='line_1_44' title="bbox 14 3613 1087 3680; baseline 0.001 -14"><span class='ocrx_word' id='word_1_385' title='bbox 14 3619 96 3680; x_wconf 74' lang='lat' dir='ltr'><strong>cogit</strong></span> <span class='ocrx_word' id='word_1_386' title='bbox 115 3616 256 3666; x_wconf 78' lang='lat' dir='ltr'><strong>admittere</strong></span> <span class='ocrx_word' id='word_1_387' title='bbox 272 3615 456 3679; x_wconf 71' lang='lat' dir='ltr'><strong>generettooee</strong></span> <span class='ocrx_word' id='word_1_388' title='bbox 467 3613 605 3664; x_wconf 82' lang='lat' dir='ltr'><strong>hominnm</strong></span> <span class='ocrx_word' id='word_1_389' title='bbox 624 3614 657 3664; x_wconf 77' lang='lat' dir='ltr'><strong>eo</strong></span> <span class='ocrx_word' id='word_1_390' title='bbox 675 3620 784 3665; x_wconf 83' lang='lat' dir='ltr'><strong>aeterno</strong></span> <span class='ocrx_word' id='word_1_391' title='bbox 802 3629 864 3666; x_wconf 88' lang='lat' dir='ltr'><strong>oum</strong></span> <span class='ocrx_word' id='word_1_392' title='bbox 884 3617 981 3666; x_wconf 88' lang='lat' dir='ltr'><strong>mundo</strong></span> <span class='ocrx_word' id='word_1_393' title='bbox 995 3615 1087 3676; x_wconf 79' lang='lat' dir='ltr'><strong>initae,</strong></span> 
     </span>
     <span class='ocr_line' id='line_1_45' title="bbox 11 3687 1086 3753; baseline 0.001 -14"><span class='ocrx_word' id='word_1_394' title='bbox 11 3703 49 3739; x_wconf 82' lang='lat' dir='ltr'><strong>ec</strong></span> <span class='ocrx_word' id='word_1_395' title='bbox 64 3688 181 3752; x_wconf 84' lang='lat' dir='ltr'><strong>proinde</strong></span> <span class='ocrx_word' id='word_1_396' title='bbox 193 3700 278 3753; x_wconf 81' lang='lat' dir='ltr'><strong>neque</strong></span> <span class='ocrx_word' id='word_1_397' title='bbox 291 3689 479 3738; x_wconf 83' lang='lat' dir='ltr'><strong>eimnttaneam</strong></span> <span class='ocrx_word' id='word_1_398' title='bbox 492 3687 644 3738; x_wconf 84' lang='lat' dir='ltr'><strong>animarum</strong></span> <span class='ocrx_word' id='word_1_399' title='bbox 658 3688 855 3739; x_wconf 81' lang='lat' dir='ltr'><strong>multitudinem</strong></span> <span class='ocrx_word' id='word_1_400' title='bbox 869 3696 932 3740; x_wconf 79' lang='lat' dir='ltr'><strong>tntu</strong></span> <span class='ocrx_word' id='word_1_401' title='bbox 944 3688 1086 3742; x_wconf 78' lang='lat' dir='ltr'><strong>indultam.</strong></span> 
     </span>
    </p>
   </div>
   <div class='ocr_carea' id='block_1_4' title="bbox 95 3773 980 3844">
    <p class='ocr_par' dir='ltr' id='par_1_9' title="bbox 95 3773 980 3844">
     <span class='ocr_line' id='line_1_46' title="bbox 95 3773 980 3844; baseline 0 -14"><span class='ocrx_word' id='word_1_402' title='bbox 95 3777 207 3830; x_wconf 73' lang='lat' dir='ltr'><strong>lanne.</strong></span> <span class='ocrx_word' id='word_1_403' title='bbox 217 3773 326 3831; x_wconf 79' lang='lat' dir='ltr'><strong>Creten.</strong></span> <span class='ocrx_word' id='word_1_404' title='bbox 338 3779 476 3844; x_wconf 80' lang='lat' dir='ltr'><strong>compend.</strong></span> <span class='ocrx_word' id='word_1_405' title='bbox 492 3774 526 3833; x_wconf 76' lang='grc' dir='ltr'><strong>Π.</strong></span> <span class='ocrx_word' id='word_1_406' title='bbox 927 3779 980 3830; x_wconf 71' lang='lat' dir='ltr'><strong>lit</strong></span> 
     </span>
    </p>
   </div>
   <div class='ocr_carea' id='block_1_5' title="bbox 0 0 1242 3909">
    <p class='ocr_par' dir='ltr' id='par_1_10' title="bbox 0 0 1242 3909">
     <span class='ocr_line' id='line_1_47' title="bbox 0 0 1242 3909; baseline 0 0"><span class='ocrx_word' id='word_1_407' title='bbox 0 0 1242 3909; x_wconf 95' lang='lat' dir='ltr'><strong> </strong></span> 
     </span>
    </p>
   </div>
  </div>
 </body>
</html>
