2475 3909
136 166 196 236 178
505 183 737 236 orrnmcocm
786 150 789 157 ¹

98 275 197 337 tatem
211 280 243 336 et
256 270 516 335 convenientiam
530 269 620 336 illius
636 270 756 337 obiecti
774 268 972 354 pronuntiet:
985 266 1170 353 quinimmo

97 360 267 419 autument
287 350 477 427 bonitatem,
492 361 525 417 et
545 352 808 422 convenientiam
823 352 944 417 obiecti
966 371 1033 415 esse
1056 350 1168 435 potius

97 429 260 511 effectum,
282 452 381 519 quam
402 434 562 499 motivum
583 434 774 512 volitionis,
797 434 840 499 ita
863 443 899 499 ut
918 430 1083 498 obiectum
1102 450 1168 495 non

97 511 238 597 eligatur
260 536 278 579 a
299 514 465 580 voluntate
486 536 528 579 ex
549 537 611 596 eo,
634 515 720 616 quod
745 514 845 581 veluti
869 513 990 579 bonum
1012 514 1052 578 ab
1075 512 1169 577 intel·

99 594 184 659 lectu
204 596 480 680 apprehenditur,
503 596 559 662 red
581 611 692 685 potrus
712 596 832 661 bonum
854 595 909 664 liat
930 616 1060 671 exeo,
1081 592 1167 680 quod

98 676 302 743 avoluntate
332 678 476 763 eligitur.
499 680 707 767 Quapropter
728 700 843 745 eorum
875 676 1087 742 enunciatum
1110 675 1169 739 hoc

97 767 154 821 est:
180 757 299 836 Placet,
321 762 397 844 quio
416 759 554 843 elipitur.

137 837 210 905 928.
234 840 300 905 Alii
346 842 476 907 ermulti
501 842 586 908 iuter
606 852 751 909 recentes
774 839 985 936 Philosophus
1006 838 1169 925 postSco-

98 930 166 982 tum
190 920 200 957 ¹
224 860 405 989 conceiunt
426 922 550 988 nullam
570 946 641 991 esse
663 921 837 989 voluntatis
858 932 1035 997 actionem,
1057 920 1112 983 cui
1136 941 1170 984 a·

97 1000 212 1084 liquud
233 1001 395 1068 iudicium
423 1025 486 1069 non
508 1006 705 1088 praecedat3
729 1002 784 1069 sed
807 1002 949 1068 subdunt
969 1001 1169 1069 voluntatem

97 1079 138 1178 ah
154 1081 211 1176 illo
226 1083 352 1149 iudicio
375 1106 439 1149 non
460 1086 684 1164 determinari,
709 1087 752 1151 itu
768 1094 815 1161 ut,
831 1084 937 1170 posito
959 1085 1059 1151 etiam
1075 1102 1170 1228 prae·

97 1183 152 1226 uro
172 1163 319 1243 tudicio,
343 1166 534 1233 indifferens
558 1181 696 1236 ,maneat
721 1168 762 1232 ad
790 1165 950 1251 agendum
977 1184 1073 1231 secun
1097 1185 1167 1237 um,

98 1242 147 1309 vel
160 1255 272 1312 eontra
287 1248 380 1314 illud.
396 1248 505 1326 Quare
529 1251 755 1336 interroganti,
778 1268 838 1311 cur
859 1248 969 1334 potius
983 1249 1054 1321 hoc,
1068 1266 1167 1332 quam

97 1324 177 1391 illud
200 1330 350 1408 velimus,
371 1331 563 1417 responderi
585 1354 678 1428 posse
700 1334 793 1397 aiunt
813 1350 888 1393 cum
915 1327 1073 1395 quenali:
1098 1328 1168 1393 Hoc

97 1408 176 1485 eolo,
198 1413 244 1475 sic
264 1412 364 1490 iudeo,
386 1415 426 1476 rit
444 1433 505 1497 pro
525 1424 646 1479 rotrone
668 1414 817 1477 coluntur.

135 1490 206 1557 229.
229 1492 338 1559 Tertia
370 1497 528 1561 sententia
559 1516 675 1562 eorum
706 1506 777 1569 est,
800 1494 857 1577 qui
890 1513 965 1557 cum
992 1514 1016 1555 s.
1041 1490 1168 1555 Thema

96 1572 213 1638 docent
234 1575 426 1642 electionem
449 1575 623 1644 voluntatis
653 1578 695 1643 ita
719 1573 861 1673 pendere
882 1594 901 1637 a
923 1571 1049 1639 iudicio
1072 1571 1170 1637 intel-

96 1656 214 1733 lectus,
237 1666 273 1722 ut
295 1657 336 1722 ab
356 1657 416 1723 hoc
437 1659 570 1722 omnino
592 1658 845 1733 determinetur,
868 1656 937 1720 sive
958 1666 996 1721 ut
1016 1655 1168 1719 voluntas

96 1758 159 1801 non
182 1740 283 1822 possit
302 1760 397 1825 agere
419 1748 531 1805 contra
551 1740 646 1818 illud,
666 1737 754 1826 quod
777 1736 958 1804 intellectus
979 1736 1095 1805 ultimo
1118 1736 1170 1799 iu·

96 1818 185 1885 dicio
207 1840 267 1886 suo
289 1822 432 1907 practico
453 1819 620 1899 decernit,
644 1832 677 1887 et
696 1819 839 1885 subdunt
859 1819 942 1884 nihil
964 1818 1058 1893 inde,
1079 1816 1169 1903 quod

97 1900 242 1968 libertati
264 1902 438 1969 voluntatis
460 1902 573 1981 obest,
596 1904 673 1969 elici
722 1922 814 1979 osse,
839 1902 918 1987 quia
939 1899 1126 1976 iudicium,
1149 1919 1169 1963 a

96 2004 163 2069 quo
184 1984 331 2050 voluntas
351 1983 600 2064 determinatur,
625 1995 673 2051 est
694 1922 846 2049 liberum.

137 2066 208 2132 230.
232 2065 331 2151 Prop.
355 2065 401 2130 1¹.
429 2065 577 2131 Voluntas
602 2067 742 2131 humone
767 2085 832 2128 non
855 2071 958 2148 potest
984 2076 1072 2129 ortus
1099 2082 1170 2127 euos

96 2166 234 2213 exserere
255 2149 319 2211 sine
333 2148 463 2223 motivo,
480 2167 588 2232 nempe
608 2149 675 2213 aine
695 2148 760 2213 ullo
780 2145 916 2211 rationis
936 2154 1097 2209 momento.

137 2227 299 2293 Probatur
324 2238 435 2294 contra
461 2226 650 2294 defensores
680 2231 804 2317 primae
832 2228 1019 2293 sententiae.
1046 2225 1170 2291 Volun-

97 2323 168 2386 tas,
189 2312 239 2376 uti
261 2311 348 2394 apud
369 2330 480 2374 omues
501 2310 536 2373 in
557 2310 706 2377 confesso
727 2320 797 2387 est,
821 2310 907 2375 inter
928 2306 1096 2374 facultates
1120 2307 1170 2372 in-

97 2392 286 2458 tellectrioes
308 2390 504 2457 recensenda
524 2403 584 2457 est.
606 2392 707 2478 Atqui
730 2388 917 2458 huiusmodi
941 2410 1004 2455 non
1027 2398 1120 2466 esset,
1140 2388 1170 2453 si

96 2475 166 2539 sine
188 2475 257 2539 ullo
277 2474 415 2538 rationis
437 2484 601 2541 momento
623 2494 656 2539 se
679 2494 835 2539 exercere
858 2483 974 2558 posset.
999 2473 1098 2557 Ergo.

136 2558 208 2624 231.
224 2558 408 2634 Praeterea,
424 2553 588 2622 obiectum
609 2556 787 2622 voluntatis
806 2573 870 2619 non
886 2553 950 2618 nisi
966 2555 997 2617 in
1012 2576 1063 2630 eo,
1078 2550 1169 2638 quod

96 2648 262 2726 tamquam
283 2637 405 2702 honum
427 2637 695 2724 apprehenditur,
718 2638 877 2712 consistit;
901 2644 1115 2722 quapropter,
1139 2632 1169 2697 si

97 2720 245 2787 voluntas
272 2719 313 2784 ad
340 2715 502 2807 agendum
534 2740 568 2784 se
595 2718 851 2797 determinaret,
878 2716 958 2863 ‹puin
985 2716 1170 2783 intellectus

96 2800 353 2887 deprehenderet
380 2801 414 2865 in
440 2799 568 2867 ohiecto
592 2801 694 2867 ullam
719 2802 862 2886 speciem
911 2798 1067 2876 unitatis,
1096 2798 1169 2883 ipsu

96 2883 184 2947 cirea
209 2883 336 2947 nullum
364 2881 529 2948 obiectum
556 2892 752 2950 versaretur.
782 2886 826 2949 At
872 2878 965 2945 ihoc
985 2890 1035 2945 est
1055 2878 1170 2945 absur-

97 2963 198 3041 dum,
219 2964 298 3048 quiu
320 2962 361 3027 ud
383 2974 532 3029 naturam
557 2965 736 3032 cuiuslibet
762 2962 926 3031 secutatis
947 2964 1074 3028 animae
1093 2981 1169 3059 per-

97 3048 180 3113 tinet
200 3047 285 3110 circa
307 3044 440 3130 aliquod
455 3045 623 3115 obiectum
644 3047 778 3121 versari.
799 3048 886 3131 Ergo
908 3044 980 3109 heri
1002 3056 1118 3129 nequit
1131 3052 1170 3110 ut

97 3128 246 3194 voluntas
267 3127 336 3192 sine
359 3128 428 3193 ullo
448 3129 585 3195 rationis
606 3138 783 3205 momento,
801 3146 918 3225 nempe
939 3127 1010 3191 sine
1033 3125 1169 3213 praevio

96 3209 221 3357 {iudicio
241 3208 283 3274 de
304 3208 449 3328 hopitutc
469 3221 502 3276 et
522 3212 748 3278 convenientia
774 3209 895 3278 uhiectr
917 3208 956 3274 ad
979 3219 1069 3276 actus
1092 3228 1169 3274 suos

119 3293 333 3360 eterminetur
364 3340 371 3356 .

134 3488 142 3523 ¹
164 3490 196 3538 tn
214 3488 259 3538 111.
281 3489 310 3538 11
326 3488 410 3544 Sene,
429 3482 496 3537 out.
517 3481 601 3543 xxv,
622 3497 650 3547 q.
671 3496 717 3533 un.

131 3558 143 3594 ²
162 3557 199 3608 De
219 3560 265 3609 ttto
284 3558 372 3622 Ktngit
391 3563 570 3621 pronontato,
591 3556 728 3607 obiectum
746 3570 842 3622 nempe
862 3571 895 3609 ex
913 3572 946 3609 eo
965 3557 1064 3609 bonum
1084 3558 1167 3619 efflet,

97 3632 167 3697 quod
185 3646 200 3681 a
222 3631 296 3681 nobis
314 3632 433 3695 eligitur,
448 3628 513 3680 nihil
533 3630 660 3689 dicturum
673 3630 816 3695 siquidem
832 3632 878 3683 tllo
890 3632 1015 3694 rdmlsro,
1030 3632 1169 3685 nullarum
