2475 3909
143 115 187 181 60
537 133 720 179 euronotus

104 213 203 278 ambo
224 212 354 279 termini
383 223 457 278 sunt
483 214 610 291 reales,
639 225 672 279 et
696 212 782 279 reale
806 212 959 297 utrinque
986 221 1035 278 est
1055 210 1168 279 lunda-

106 308 274 372 mentum,
298 314 355 381 per
376 294 462 379 quod
485 316 587 361 unum
610 296 650 360 ad
672 294 763 361 aliud
785 294 953 372 refertur,
976 314 1013 359 ec
1034 295 1168 381 proinde

106 376 184 443 haec
205 377 273 442 sola
298 377 410 443 relatio
432 379 606 464 specialem
635 378 767 443 modum
790 379 943 456 denotat,
964 397 1032 461 quo
1053 398 1112 441 esse
1132 378 1168 443 iu

106 458 204 525 rebus
225 456 470 537 determinatur,
493 482 610 548 nempe
633 459 750 539 illum,
772 479 949 549 perquem
970 459 1168 528 substantiae

104 542 252 607 ordinem
274 538 314 605 ed
338 539 428 608 aliud
449 542 577 608 habeut.

148 624 217 689 162.
239 622 330 701 Quae
349 643 425 689 cum
447 624 492 690 ita
513 645 546 689 se
568 624 729 701 habeant,
752 624 785 688 in
809 624 926 709 primis
949 621 1169 690 demonstran·

105 703 183 771 dum
205 704 297 769 nobis
317 714 367 771 est
387 704 602 772 admittendas
623 726 693 771 esse
714 706 890 772 relationes
914 705 1031 784 reales;
1052 704 1168 773 deiude

106 785 335 933 explicandum
356 800 414 867 est,
436 810 595 874 quaenam
618 790 682 854 sint
703 792 774 854 eius
794 789 906 853 seriae
928 790 1065 873 species.

173 888 210 932 ro
235 917 242 931 .
266 868 439 935 delationes
458 872 554 936 rentes
574 871 779 937 admittendae
801 879 872 934 sunt
886 870 911 933 ¹.

146 887 315 1017 Prodotnr.
339 954 370 1021 Si
394 955 544 1033 termini,
567 955 653 1019 inter
673 974 754 1039 quos
775 952 856 1019 ordo
876 951 1072 1029 intercedit,
1094 966 1170 1021 suut

105 1053 170 1105 res,
192 1054 275 1119 quae
300 1036 331 1099 iu
354 1048 469 1102 natura
490 1039 646 1113 existunt,
668 1049 701 1102 et
724 1036 933 1122 principium,
948 1057 989 1099 ex
1004 1054 1070 1117 quo
1090 1034 1169 1101 ordo

107 1115 192 1180 inter
214 1115 285 1180 illos
307 1120 460 1184 terminos
481 1121 656 1194 enascitur,
681 1130 730 1186 est
751 1121 903 1202 utrinque
926 1114 1048 1202 aliquid
1070 1117 1168 1196 reale,

105 1198 225 1291 realem
246 1218 375 1285 quoque
397 1221 465 1266 esse
488 1213 615 1287 oportet
636 1200 848 1277 relationem,
871 1198 949 1296 quia
976 1199 1094 1264 relatio
1116 1220 1170 1265 ue-

106 1290 176 1361 qurt
198 1300 266 1345 esse
289 1281 422 1347 alterius
448 1296 607 1361 naturae,
627 1305 727 1369 quam
749 1283 934 1370 principia,
957 1303 1042 1367 quae
1067 1282 1169 1366 ipsam

102 1361 258 1429 elliciunt.
283 1366 382 1449 Atqui
406 1365 579 1432 indubium
601 1377 649 1432 est
670 1364 704 1432 1⁰
725 1370 810 1432 inter
823 1382 888 1439 res,
902 1383 987 1447 quae
1005 1366 1038 1430 in
1054 1373 1169 1429 natura

103 1454 192 1519 suut,
215 1446 389 1530 quemdam
410 1448 558 1513 ordinem
580 1448 799 1525 intercedere,
823 1445 986 1531 siquidem
1009 1443 1170 1531 perfectio

104 1545 242 1603 rernm,
264 1530 403 1611 quaein
425 1543 540 1597 natura
563 1541 649 1608 sunt,
673 1532 819 1618 gignitur
838 1549 902 1593 nou
924 1526 1030 1593 solum
1052 1548 1094 1592 ex
1116 1549 1168 1603 eo,

102 1607 192 1694 quod
214 1609 295 1694 ipsis
315 1613 452 1696 siugulis
475 1612 617 1679 absolute
639 1615 803 1690 convenit,
825 1610 996 1677 sedetiam
1018 1631 1062 1674 ex
1083 1609 1171 1675 ordi-

105 1711 157 1786 pe,
179 1712 277 1776 quem
299 1693 340 1759 ad
361 1714 395 1759 se
418 1696 558 1760 invicem
580 1695 709 1774 habent;
731 1693 767 1761 2⁰
789 1693 965 1839 principia,
988 1692 1170 1778 exquibus

103 1772 160 1837 rlle
180 1772 260 1838 ordo
281 1777 431 1854 efficitur,
453 1798 522 1843 esse
546 1778 658 1856 realia,
680 1780 801 1866 quippo
822 1796 888 1863 quo
932 1772 1013 1863 ordo
1030 1776 1064 1838 iu
1078 1786 1171 1839 uatu-
1210 1782 1216 1789 '

100 1856 148 1921 ris
169 1877 282 1921 rerum
304 1858 470 1926 fundatur.
494 1862 678 1927 Relationes
700 1862 802 1927 reales
824 1859 927 1945 igitur
948 1877 983 1921 re
1004 1858 1076 1943 ipsa
1097 1856 1169 1924 dari

102 1948 230 2004 certum
251 1952 307 2006 eal.

144 2022 213 2088 163.
236 2021 301 2087 lam
326 2034 389 2090 tres
412 2024 581 2090 relationis
607 2026 704 2090 realis
729 2024 852 2109 species
880 2022 1035 2087 existunt.
1060 2018 1171 2084 Prima

102 2114 162 2178 est,
185 2124 250 2190 qua
271 2126 372 2169 unum
388 2105 427 2170 ad
444 2107 532 2171 alind
549 2106 691 2176 relertnr
706 2120 840 2195 propter
852 2106 894 2170 ali
921 2126 997 2169 uam
1020 2102 1171 2199 proprie-

101 2195 203 2253 tatem
224 2187 438 2263 essentialem,
463 2210 598 2277 nempe,
621 2212 684 2277 qua
707 2212 807 2255 uuum
832 2187 873 2252 ad
893 2126 981 2251 diuo
1003 2183 1169 2250 eiusmodi

98 2268 250 2333 ordinem
271 2267 387 2342 habet,
411 2282 447 2337 ut
468 2290 541 2337 cum
570 2294 609 2337 eo
639 2272 767 2358 aliquod
798 2291 921 2359 genus,
949 2268 998 2333 rel
1022 2267 1169 2349 speciem

99 2351 286 2416 constituat.
311 2351 380 2416 Hoc
402 2353 498 2418 modo
522 2356 656 2421 materia
679 2355 718 2420 ad
742 2354 878 2419 sormam
901 2351 1064 2424 relectum
1086 2348 1167 2414 lraec

101 2434 190 2498 enim
213 2436 360 2508 materia,
382 2454 410 2499 e.
435 2456 479 2521 g,
503 2449 550 2502 est
570 2458 687 2523 corpus
707 2438 895 2511 humanum,
918 2455 982 2498 uon
997 2450 1076 2498 vero
1097 2428 1166 2495 bel-

102 2515 241 2593 luinum,
256 2518 333 2599 qnia
355 2516 497 2585 refertur
511 2518 549 2583 ad
566 2521 706 2585 animam
722 2520 907 2593 humanam,
930 2537 992 2581 oon
1008 2532 1085 2578 vero
1103 2512 1169 2578 bel·

101 2597 236 2662 luinam.
262 2599 373 2667 Altera
394 2612 463 2679 est,
486 2621 550 2686 qua
582 2601 648 2669 duo
673 2598 713 2666 ad
746 2622 780 2665 se
808 2601 945 2665 invicem
977 2596 1170 2661 referuntur

102 2692 234 2767 propter
254 2681 396 2767 aliquam
414 2686 646 2769 proprietatem
662 2683 905 2760 accidentalem,
922 2681 964 2745 ita
986 2687 1023 2744 ut
1047 2676 1093 2754 id,
1106 2698 1172 2774 per

102 2761 191 2847 quod
213 2783 314 2827 unum
337 2763 432 2832 habet
453 2766 601 2832 ordinem
628 2764 667 2831 ad
690 2765 796 2843 aliud,
819 2767 863 2833 sit
880 2773 972 2830 extra
993 2771 1173 2827 essentram

98 2844 183 2911 eine.
200 2845 270 2910 lloc
291 2856 383 2930 pacto
405 2846 470 2913 duo
494 2850 634 2935 parietes
656 2849 721 2914 albi
744 2847 786 2914 ob
807 2844 1060 2912 similitudinem
1082 2838 1173 2907 albe·

100 2926 199 3004 dinis,
220 2947 305 3011 quae
325 2949 440 2994 eorum
455 2930 604 2996 accidens
625 2930 739 3009 est,ad
757 2930 944 2996 seinvicem
966 2926 1170 2991 releruutur.

98 3010 207 3077 Tertia
234 3030 276 3075 ex
298 3010 462 3097 principio
484 3014 684 3083 causalitatis
703 3012 887 3090 enascitur,
912 3026 1029 3093 nempe
1051 3027 1094 3073 ex
1114 3026 1169 3082 eo,

136 3243 146 3280 ¹
167 3240 241 3295 lianc
259 3242 400 3294 veritatem
419 3246 535 3293 statuero
549 3242 639 3306 mrqnl
652 3240 780 3291 momenti
793 3242 844 3289 etl.
860 3234 977 3298 lltenlm,
992 3240 1014 3289 si
1027 3236 1174 3289 relationes

101 3315 187 3367 reales
207 3318 377 3380 negarentur,
392 3328 443 3366 nau
458 3313 553 3365 liceret
570 3314 645 3365 nobis
664 3324 823 3377 cognoscere
835 3311 966 3370 ordinem,
979 3324 1033 3375 quo
1047 3322 1088 3361 res
1102 3310 1175 3360 luter

100 3400 128 3437 se
147 3388 329 3447 continentur,
349 3401 382 3438 ro
402 3386 510 3451 prolude
529 3388 636 3438 lllsrum
655 3386 795 3436 seientlam
812 3386 928 3447 asreqnl.
942 3380 1009 3434 lllno
1021 3395 1114 3433 omues
1126 3392 1175 3431 re-

101 3464 183 3515 terns,
203 3464 230 3509 et
248 3465 370 3511 recentes
389 3458 502 3522 seepttet
525 3459 552 3508 ln
571 3474 603 3510 eo
624 3460 672 3509 toti
693 3457 779 3516 luere,
798 3461 829 3506 ut
846 3456 901 3507 rim
918 3456 1079 3506 obleettrrm
1100 3452 1174 3506 ret·-

100 3531 178 3581 tionis
196 3532 394 3597 lmpnqnarenq
414 3532 587 3599 pervidebant
605 3531 688 3589 enlm,
708 3528 759 3585 hee
777 3526 893 3591 sublata,
905 3540 1012 3581 omnem
1030 3527 1175 3582 solentiam

100 3614 155 3657 cna
175 3600 243 3654 tolli.
