2475 3909
157 167 215 234 tao
523 186 755 236 ornsurcoum

111 269 232 338 directe
254 269 295 336 ab
317 267 482 336 intellectu
503 275 731 355 cognoscitur3
756 270 936 337 intellectus
957 267 1045 332 enim
1067 277 1171 352 potest

111 351 297 430 indirecte,
319 373 376 418 seu
398 373 457 438 per
478 353 629 421 virtutem
651 352 839 419 rellexivam
860 371 1052 437 cognoscere
1072 352 1171 415 etiam

111 435 288 522 singularia
312 437 334 500 ¹.
358 435 455 500 liatio
477 443 596 512 eutem,
612 433 654 500 ob
676 457 775 522 quam
796 457 848 500 res
862 433 1057 509 materiales,
1073 443 1171 518 prout

111 517 291 602 singulares
306 528 389 595 sunt,
406 516 525 584 directe
540 518 737 603 apprehendi
752 515 793 580 ab
814 519 979 584 intellectu
995 527 1168 601 nequeunt,

108 598 305 667 desumenda
337 622 400 666 non
427 609 536 665 estex
557 622 623 679 eo,
644 599 732 686 quod
764 599 853 684 ipsae
875 599 1053 686 singulares
1084 607 1170 672 sunt,

111 681 166 746 sed
188 705 230 748 ex
250 703 300 761 eo,
323 680 408 768 quod
431 703 490 768 per
511 683 675 769 principia
688 684 868 749 materialia
883 681 963 747 fiunt
976 680 1025 744 sin
1073 680 1167 755 lares;

109 785 208 841 nam,
231 774 267 832 ut
287 786 345 831 suo
368 766 437 831 loco
459 765 689 844 ostendemus,
712 765 910 854 principium
936 766 1031 847 singu
1046 763 1171 829 aritatis

111 846 145 912 in
167 848 263 913 rebus
286 846 505 914 materialibus
527 857 574 914 est
594 849 740 914 materia.
756 846 883 912 Exinde
906 846 952 923 fit,
973 856 1010 912 ui
1030 847 1077 910 sin
1126 845 1171 908 la-

109 931 172 1007 ria,
195 951 278 1018 quae
299 931 454 998 materiae
476 931 624 1016 expertia
647 941 733 1007 sunt,
755 932 821 995 siut
848 942 920 994 cetu
938 927 1074 1015 intelligi
1100 926 1169 1003 ilia,

113 1022 208 1097 atque
232 1011 272 1078 ab
295 1013 459 1080 intellectu
487 1023 598 1079 nostro
619 1013 783 1079 seeundum
803 1025 932 1077 acturae
952 1031 1025 1075 suec
1045 1010 1171 1074 moduni

112 1095 250 1183 intelligi
266 1097 390 1183 possint
402 1098 426 1158 ².

120 1227 187 1280 Aer.
202 1227 336 1280 lV.-lie
355 1233 442 1290 mode,
462 1245 515 1295 quc
534 1233 684 1282 intellectus
702 1233 838 1283 obiectum
857 1231 905 1281 sibi
925 1231 1154 1292 proportionatum

266 1303 397 1367 inteiligit.
417 1309 444 1354 et
465 1305 579 1368 primum
598 1307 630 1354 de
649 1306 787 1369 speciebus
804 1302 1012 1367 intelligibilibus

147 1418 218 1484 109.
242 1423 366 1498 Actus,
387 1440 452 1504 quo
474 1418 655 1486 intellectus
677 1421 889 1508 apprehendit
920 1419 1084 1485 obiectum
1106 1417 1169 1482 sibi

108 1501 400 1586 proportionatum,
423 1503 489 1567 sive
511 1503 680 1568 essentiam
696 1525 805 1570 rerum
825 1502 1056 1575 materialium,
1077 1519 1171 1564 exer-

107 1593 199 1647 cetur
219 1583 280 1648 hoc
302 1583 409 1648 modo:
434 1585 550 1652 Sensus
571 1589 750 1652 exteriores
772 1588 927 1660 mediate,
949 1596 980 1651 et
1003 1583 1172 1682 phantasia

107 1665 281 1730 iinmediote
303 1669 473 1733 materiam
494 1668 702 1756 cognitionis,
725 1679 763 1735 ut
782 1678 875 1734 autea
890 1666 1100 1741 ostendimus,
1122 1665 1173 1730 in-

106 1745 248 1812 tellectui
271 1748 425 1835 praebent
446 1751 468 1813 ⁸.
486 1749 554 1814 lam
576 1751 789 1838 principium,
853 1749 895 1817 od
915 1747 1108 1814 determinat
1123 1747 1173 1811 in-

106 1829 271 1896 tellectum
292 1828 332 1896 ad
353 1841 474 1911 actum,
488 1834 557 1898 sive
579 1830 620 1896 ad
636 1833 801 1920 intelligen
826 1854 878 1897 am
896 1832 990 1909 hauc,
1007 1828 1057 1894 rel
1080 1827 1172 1926 illam

107 1932 189 1992 rem,
212 1924 261 1982 est
281 1915 395 2001 speeies
416 1915 638 2000 intelligibilis,
662 1937 746 2002 quae
768 1922 986 2002 repraesentat
999 1921 1173 1977 essentiam

106 1993 194 2062 illius
216 1998 288 2073 rei,
310 2008 440 2064 exutam
462 2019 480 2064 a
500 2000 615 2085 quavis
637 1998 820 2066 conditione
847 1995 1017 2063 materiali.
1041 1994 1170 2080 Species

107 2078 326 2165 intelligibilis
347 2079 531 2147 elaboratur
545 2079 585 2146 ab
609 2083 772 2148 intellectu
793 2092 897 2166 egente
919 2100 977 2165 per
997 2077 1170 2147 actionem,

107 2182 205 2257 quam
226 2171 358 2228 exercet
377 2181 477 2259 super
498 2164 696 2251 phantasma,
721 2165 754 2229 in
775 2185 840 2250 qno
861 2163 1000 2228 essentia
1022 2160 1070 2256 rei
1083 2177 1172 2304 ‘gua-

107 2243 253 2310 lrtatibus
275 2242 496 2311 materialibus
510 2244 687 2331 obtegitur.
705 2245 792 2312 llaec
814 2246 938 2332 species
952 2241 1092 2326 intelligi
1116 2237 1172 2303 rlrs

107 2328 267 2426 recipitur
287 2326 327 2393 ab
350 2326 516 2394 intellectu
546 2328 694 2413 possibili
709 2377 717 2404 ,
753 2331 811 2416 qui
833 2349 875 2393 ex
897 2348 936 2393 ea
958 2325 1064 2412 specie
1096 2342 1172 2420 pre:

107 2408 200 2478 dunt
231 2409 381 2488 endum,
404 2411 471 2476 sive
492 2411 563 2508 ipse
584 2409 650 2476 sibi
672 2411 822 2479 ellormat
852 2407 1098 2478 similitudinem
1118 2425 1172 2469 rea

107 2503 366 2580 repraesentatae
389 2513 536 2581 anspecre
550 2492 762 2581 intelligibili,
779 2507 812 2562 et
832 2493 879 2558 sic
900 2513 971 2557 rem
993 2492 1098 2578 ipsam
1119 2489 1173 2555 in-

418 2645 744 2660 m*

146 2717 153 2750 ¹
175 2711 215 2766 En
235 2717 384 2779 quomodo,
404 2715 549 2766 meandum
570 2731 593 2766 a.
614 2713 760 2774 Themam,
786 2715 937 2768 intellectus
961 2717 1102 2781 singularia
1126 2731 1175 2766 co-

106 2793 228 2850 gnoscat,
251 2785 417 2847 lnteliectus,
435 2803 497 2840 oum
517 2790 617 2852 polleat
636 2790 661 2839 ri
681 2789 814 2848 reliexira,
835 2794 921 2853 potest
939 2801 1100 2853 cognoscere
1112 2803 1175 2839 no-

107 2859 181 2915 dum.
203 2873 255 2922 quo
274 2862 448 2924 apprehendit
466 2861 600 2912 obiectum
620 2862 669 2912 sibi
691 2863 838 2924 proprium.
857 2861 939 2926 Atqui
958 2862 1120 2922 intellectus,
1141 2869 1173 2914 oi

107 2945 168 2980 mox
187 2932 318 2992 dicemus,
338 2934 513 2997 apprehendit
532 2933 666 2985 obiectum
686 2934 735 2985 sibl
754 2935 889 2997 proprium
905 2948 951 2998 per
963 2936 1079 2998 speeiem
1093 2934 1174 2985 intei-

106 3003 235 3067 ligioiiem
249 3003 410 3056 abstractam
423 3019 438 3056 a
453 3005 648 3069 phantasmate.
662 3003 731 3071 Ergo
744 3011 830 3070 potest
843 3020 1002 3071 cognoscere
1015 3012 1042 3057 et
1053 3008 1173 3070 speciem

107 3077 300 3140 intelligibilem
311 3114 319 3140 ,
338 3090 407 3141 qnae
426 3083 466 3128 eat
485 3079 663 3142 principium,
683 3093 715 3129 ex
734 3093 787 3142 quo
805 3081 941 3143 cognoscit
964 3079 1099 3130 obiectam
1122 3079 1174 3132 sibi

107 3151 264 3214 proprium,
289 3155 317 3201 et
341 3152 514 3214 phantasma,
542 3164 573 3200 ex
599 3165 652 3215 quo
675 3153 793 3213 speciem
818 3151 1012 3216 intelligibilem
1030 3150 1169 3204 abstraxit.

107 3219 271 3286 Quapropter
289 3223 427 3286 applicans
446 3224 563 3286 speciem
584 3224 776 3287 inteiiigibiiem
792 3224 980 3287 phantasmati,
994 3222 1117 3286 intelligit
1129 3238 1172 3274 es-

106 3295 219 3344 sentiam
240 3298 295 3356 rei,
318 3299 395 3360 prout
414 3299 453 3345 est
473 3295 498 3346 in
519 3297 606 3359 aiiqna
628 3309 657 3346 re
675 3296 811 3359 singulari,
819 3299 880 3361 quie
895 3297 1080 3360 phantasmata
1098 3297 1171 3347 circa

107 3379 150 3416 res
169 3367 315 3431 singulares
335 3373 483 3419 rersantur.
504 3363 540 3418 cr
557 3365 577 3426 l,
592 3382 619 3432 q.
636 3365 778 3426 hmvl,
793 3382 820 3419 a.
838 3372 845 3418 i
863 3383 888 3420 c.
903 3375 930 3420 et
944 3371 973 3419 tn
987 3369 1030 3419 uo.
1046 3370 1074 3419 ti
1084 3370 1170 3427 Sene,

107 3437 174 3490 liist.
195 3435 242 3500 ill,
262 3455 289 3504 q.
310 3440 337 3502 3,
359 3455 386 3491 a.
406 3439 422 3491 3
443 3441 475 3492 ad
498 3441 523 3500 i,
544 3453 592 3491 nec
613 3453 664 3491 noo
675 3437 837 3501 Ferrariam,
852 3445 884 3493 tn
896 3443 970 3493 tihi
989 3441 1169 3504 contexisset..

106 3527 133 3562 c.
156 3511 201 3562 65.

142 3578 325 3708 ἳὲΐᾳΛΝΙ,
345 3585 400 3708 mal
422 3585 454 3635 ad
475 3585 501 3638 Ξ.
523 3580 558 3640 ci
576 3588 625 3654 Qp.
645 3586 743 3650 diapp„
764 3587 802 3637 De
823 3589 897 3648 Ver„
916 3583 993 3653 epil,
1013 3585 1121 3638 a.2ad
1141 3587 1170 3640 4.

143 3655 154 3693 ⁵
224 3670 252 3722 p.
275 3655 375 3708 ies-ia
398 3693 404 3708 .
