2475 3909
125 112 187 179 ‘³02
523 134 700 182 rossanam

125 216 177 282 23.
199 212 241 279 Ut
254 217 433 303 systematis
452 217 619 295 Kantiani,
643 220 847 305 aliarumque
868 221 1060 287 Germaniae
1075 220 1150 287 Phi-

90 297 316 383 losophorum,
339 310 497 382 quatenus
517 301 555 365 ad
580 322 648 365 rem
669 301 750 367 hanc
772 312 928 386 spectant,
951 300 1150 369 abnormitas

87 381 268 455 evincatur,
292 381 548 448 demonstramus
568 403 602 447 se
628 395 740 449 nentes
763 386 1011 479 propositiones:

129 461 225 545 Prop.
251 460 296 527 1³.
320 464 476 539 Formae,
498 486 574 551 goos
633 467 739 529 antius
765 478 886 531 nativas
908 464 1080 553 affictiones
1103 466 1152 529 in-

88 543 222 609 tellectas
242 566 302 609 esse
323 547 445 622 asserit,
466 550 702 633 repugnantiam
724 551 759 613 in
780 570 810 613 se
830 549 1006 627 includant,
1029 550 1095 612 eins
1115 568 1152 613 ne

89 628 235 690 doctrina
256 627 292 690 de
311 628 443 692 indiciis
464 631 644 715 apothetieis
658 654 677 694 a
687 633 794 716 priori
815 644 945 695 naturae
966 631 1077 695 mentis
1096 568 1155 695 itr-

89 730 199 773 maaae
221 720 323 792 operte
344 711 539 776 adversator.

61 813 63 816 ·
133 789 292 855 Probatur
313 794 415 877 prima
438 814 524 879 pars.
549 794 742 859 Huiusmodi
772 794 911 873 turmae,
932 794 1045 859 Kantii
1069 792 1156 858 iudi-

91 874 156 949 cia,
179 884 254 937 sunt
279 876 427 940 notiones
453 878 585 953 inanes,
609 886 640 941 et
661 878 748 941 omni
777 876 904 943 obiecto
925 886 1094 961 expertes,
1118 896 1157 939 ac

92 954 229 1040 proinde
251 966 324 1021 sunt
344 959 508 1033 notiones,
530 980 589 1045 per
610 979 690 1043 quas
712 958 790 1023 nihil
812 960 1029 1043 cognoscitur.
1053 958 1156 1043 Atqui

93 1038 195 1112 notio,
218 1058 281 1121 qua
304 1037 385 1104 nihil
400 1042 617 1126 cognoscitur,
641 1062 703 1105 non
725 1052 773 1106 est
787 1042 889 1116 notio,
910 1038 964 1105 sed
980 1039 1089 1125 potius
1103 1060 1160 1102 ne-

94 1118 183 1204 gatio
205 1121 357 1195 notionis,
374 1140 428 1184 seu
450 1124 656 1205 cognitionis.
674 1124 759 1207 Ergo
774 1121 848 1187 illae
871 1121 994 1187 iormae
1015 1132 1088 1187 sunt
1103 1142 1161 1185 no-

94 1202 198 1267 tiones
219 1223 282 1266 nan
304 1203 459 1268 notiones.
484 1206 665 1282 Praeterea,
680 1204 827 1288 singulae
851 1203 924 1269 illae
949 1203 1084 1278 formae,
1100 1222 1161 1267 seu

95 1283 267 1359 notiones,
296 1306 359 1349 une
381 1306 455 1348 cum
482 1287 669 1352 nationibus
690 1286 751 1352 sibi
779 1308 797 1351 a
823 1285 981 1352 diametro
1001 1285 1162 1372 appositis

96 1377 273 1512 ponuntur,
289 1388 319 1430 e.
336 1388 381 1451 g,
405 1366 510 1431 forma
532 1370 732 1445 necessitatis,
755 1380 788 1434 et
809 1368 1044 1451 contingentiae,
1061 1368 1162 1464 possi-

116 1448 241 1524 ilitatis,
264 1457 296 1513 et
318 1450 583 1532 impossibilitatis
602 1459 663 1515 etc.
682 1452 769 1535 Ergo
791 1451 816 1514 si
839 1450 913 1515 illae
936 1458 1041 1514 assent
1062 1462 1164 1514 inter-

97 1550 158 1595 nae
187 1530 364 1595 intellectus
391 1532 599 1606 affectiones,
635 1532 956 1598 affcctiones'secum
982 1541 1165 1617 pugnantes

101 1612 278 1678 intellectui
301 1615 520 1690 convenirent,
543 1613 575 1679 id
597 1613 682 1698 quod
707 1612 799 1678 valde
822 1612 999 1679 absurdum
1021 1624 1080 1677 est.

139 1695 191 1759 dd.
208 1694 365 1758 Prolatae
386 1694 527 1760 secunda
551 1717 635 1782 pars.
651 1694 828 1774 Quodlibet
851 1695 1010 1760 iudicium
1024 1716 1044 1757 a
1054 1694 1165 1792 priori

99 1789 149 1842 est
168 1777 377 1863 analyticum,
401 1776 559 1842 iudicium
581 1777 668 1843 enim
685 1778 822 1923 apriori
845 1777 1007 1843 ellarmari
1029 1774 1167 1850 dicitur,

100 1880 175 1923 cum
201 1858 392 1926 attributum
421 1858 583 1944 detegitur
604 1880 644 1924 ex
668 1880 704 1924 su
731 1860 804 1925 iecti
834 1860 956 1947 analpsi
979 1858 1029 1923 vel
1053 1861 1169 1922 imme-

100 1940 201 2018 diate,
217 1941 265 2006 rel
282 1940 434 2019 mediate,
458 1962 572 2028 nempe
594 1962 654 2026 per
673 1942 963 2006 ratiocinationem.
988 1941 1170 2025 Syntletiaa

102 2033 210 2087 autem
234 2020 356 2088 iudicia
377 2035 452 2089 sunt
473 2033 587 2088 natura
609 2044 665 2088 sua
688 2023 904 2109 aposteriori,
927 2022 1003 2107 quia
1025 2024 1059 2086 in
1082 2019 1171 2086 iudi-

103 2105 164 2169 ciis
178 2105 364 2191 syntheticis
385 2127 474 2169 mens
489 2126 551 2169 non
563 2107 726 2191 perspicit
748 2106 961 2171 intrinsecum
985 2123 1104 2167 nexum
1121 2104 1172 2168 in-

104 2196 152 2251 ter
174 2186 421 2272 praedicatum,
444 2199 475 2255 et
497 2187 704 2265 subiectum,
728 2208 765 2252 ac
787 2186 923 2273 proinde
953 2186 1067 2251 statuit
1088 2184 1173 2249 rela-

103 2268 226 2332 tionem
262 2269 347 2334 inter
373 2277 548 2352 utrumque
574 2269 719 2334 subsidio
749 2268 984 2355 experientiae.
1012 2266 1120 2343 Quare
1142 2267 1172 2330 si

105 2349 228 2414 iudicia
256 2349 428 2435 sgntdetica
449 2375 467 2415 a
485 2354 591 2434 priori
616 2352 757 2417 existere
786 2361 933 2436 possent,
958 2350 990 2413 in
1018 2350 1058 2414 iis
1081 2368 1174 2415 meus

105 2454 210 2517 neque
234 2452 291 2519 per
312 2431 468 2516 analysim
492 2433 645 2510 subiecti,
662 2455 767 2519 neque
792 2454 848 2519 per
870 2433 1107 2516 experientiam
1122 2432 1175 2495 iu-

106 2512 241 2590 dicaret,
264 2514 324 2578 hnc
344 2525 393 2578 est
408 2536 560 2580 excaeca
583 2518 736 2583 instinctu
758 2517 882 2581 iudicia
903 2512 1101 2579 efformaret.
1118 2516 1176 2578 At-

106 2598 163 2681 qui
189 2596 223 2660 id
239 2609 370 2662 naturae
393 2600 509 2663 mentis
531 2598 689 2664 humanae
711 2596 899 2663 adversatur
914 2597 937 2658 ¹.
953 2596 1040 2679 Erga
1056 2595 1177 2661 doctri·

108 2700 148 2742 na
170 2679 283 2743 Kantii
312 2678 351 2742 de
375 2678 507 2745 iudiciis
531 2680 709 2766 syntdeticis
731 2680 875 2763 apriori
897 2687 1033 2742 naturae
1055 2678 1174 2743 mentis

108 2760 267 2828 humanae
289 2761 488 2827 adversatur.

148 2840 200 2905 25.
226 2841 321 2935 l’rop.
345 2841 392 2905 2².
416 2844 532 2929 Nequit
559 2844 667 2908 anima
698 2865 756 2908 csse
782 2844 878 2908 unica
902 2862 995 2905 cansa
1029 2861 1101 2905 etue
1129 2862 1179 2904 co-

130 2934 271 2986 nationes.

109 2942 128 3008 9
156 3003 321 3069 Probatur.
345 3006 377 3070 Si
401 3008 506 3071 anima
536 3017 619 3073 esset
643 3008 736 3072 unica
757 3027 853 3072 causa
875 3003 1021 3070 effectrix
1043 3022 1179 3069 suarum

113 3088 347 3172 cognitionum,
371 3086 542 3153 tenendum
566 3090 651 3155 loret
672 3088 901 3157 similitudines
921 3108 1033 3151 rerum
1056 3087 1089 3152 in
1105 3106 1181 3152 earn

114 3190 218 3253 neque
241 3165 282 3232 ab
303 3167 384 3252 ipsis
409 3168 526 3248 rebus,
552 3192 655 3269 neque
677 3170 718 3235 ab
742 3172 805 3235 alia
832 3190 929 3235 causa
956 3170 1110 3235 exteriori
1132 3169 1183 3233 in-

114 3250 212 3326 duci,
234 3248 291 3314 sed
312 3251 341 3313 ei
363 3253 580 3320 essentialiter
601 3274 717 3319 messe.
740 3252 838 3337 Atqui
860 3254 920 3319 hac
941 3251 1112 3337 proprium
1133 3262 1185 3317 est

115 3333 297 3401 Intellectus
319 3331 441 3411 Divini;
464 3356 550 3411 nam,
572 3357 646 3402 cum
669 3334 754 3399 solus
776 3334 958 3401 intellectus
981 3330 1119 3399 Divinus
1140 3334 1196 3415 sit,

116 3435 213 3482 causa
234 3435 367 3492 rerum,
390 3416 461 3502 lpse
482 3417 569 3487 solus
594 3415 824 3487 similitudines
842 3418 991 3486 omnium
1017 3424 1129 3483 rerur'u
1151 3414 1184 3481 in

513 3578 848 3592 Qun-*unumu-

155 3608 220 3669 tCt
236 3626 262 3680 p.
288 3613 348 3668 ¹52.
