2475 3909
483 170 732 223 csssnntonocns
1034 148 1095 221 281

113 257 285 329 Probatur.
307 256 424 336 Notae,
446 259 564 344 quibus
592 262 761 348 opiniones
788 281 808 323 s
834 258 1042 325 consensione
1068 278 1138 323 om·

68 346 167 411 nium
189 341 335 429 gentium
356 342 474 427 petitae
497 344 659 429 gaudent,
689 346 748 411 hue
770 342 855 408 duae
877 353 975 418 sunt,
996 360 1136 426 nempe,

68 427 159 512 quod
181 429 247 490 sint
262 436 440 509 perpetuae,
462 439 495 492 et
514 427 719 506 ooiomoies,
734 429 779 492 itu
792 438 829 491 nt
843 424 969 492 ostendi
985 445 1049 489 nun
1064 443 1144 509 pos.

68 512 113 576 sit
134 522 273 594 tempus,
294 506 329 572 in
350 528 415 592 quo
436 529 500 573 non
520 511 697 607 viguerint,
713 519 769 575 aut
782 509 882 587 natio,
897 526 981 594 quse
996 505 1063 570 illis
1075 526 1135 570 un-

69 611 170 676 quam
192 590 344 735 οπιιετίὲ.
367 592 466 675 Atqui
488 592 601 677 opinio
616 602 786 679 perpetuu,
801 602 835 656 et
846 587 1039 657 universalis
1053 585 1133 651 iales

68 694 139 738 esse
162 693 203 737 ne
226 673 287 737 uit.
341 692 410 735 ro.

110 755 181 822 134.
245 754 316 818 inor
336 692 386 818 hls
408 752 447 818 D.
466 750 606 821 Romae
622 753 729 821 verbis
744 754 924 819 luculenter
937 750 1134 818 demonstre-

66 848 134 902 tur:
158 859 175 897 o
198 834 293 912 Quod
314 831 355 899 ab
376 835 525 901 omnihus
547 839 762 904 communiter
780 837 915 912 dieitur,
931 834 1132 919 impossibile

66 930 117 986 est
140 918 281 984 totaliter
294 938 362 981 esse
377 917 505 997 falsum3
523 916 601 984 falso
617 920 703 984 enim
718 919 831 1016 opinio
846 917 1014 983 infirmitas
1034 937 1135 1000 quee-

66 1000 143 1067 dem
166 1001 345 1065 intellectus
366 1011 425 1077 est,
448 1000 531 1066 sieut
551 1012 583 1067 et
603 998 722 1065 laisum
745 999 905 1067 iudicium
926 997 967 1065 tle
986 998 1131 1064 sensibili

66 1084 212 1181 proprio,
235 1104 275 1147 es
297 1081 484 1148 infirmitate
498 1103 608 1148 sensus
626 1083 756 1151 eccidit.
780 1082 931 1149 Defectus
949 1093 1057 1148 sutem
1072 1102 1131 1167 per

65 1166 214 1231 accidens
235 1174 320 1237 sunt,
336 1166 412 1250 quie
427 1176 556 1251 praeter
570 1176 704 1232 natnrse
722 1165 946 1242 intentionem
967 1160 1055 1249 quod
1076 1183 1133 1228 su-

64 1262 132 1314 tem
153 1258 201 1312 cst
223 1266 281 1331 per
302 1246 462 1325 accidens,
485 1269 547 1313 non
570 1259 767 1334 potestesse
788 1268 933 1334 semper,
955 1256 988 1312 et
1009 1244 1042 1310 in
1063 1266 1132 1309 om·

64 1328 175 1407 nibus;
198 1330 281 1396 sicut
303 1327 463 1395 iudicium
484 1329 524 1395 de
546 1331 733 1418 saporibus,
755 1328 843 1431 quod
865 1330 905 1394 ab
926 1328 1015 1394 omni
1035 1337 1130 1411 gusto

64 1412 173 1489 detur,
196 1432 258 1476 oon
280 1420 385 1497 potest
405 1432 474 1477 esse
496 1411 633 1493 lelsum3
648 1416 693 1480 ite
707 1414 884 1489 iudicium,
906 1409 992 1497 quod
1007 1409 1048 1475 ub
1063 1427 1132 1475 om-

64 1494 161 1561 nibns
184 1492 223 1557 de
245 1494 381 1559 veritate
403 1493 512 1575 detur,
535 1518 599 1561 non
619 1506 812 1584 potestesse
832 1483 1032 1561 es·roneuml
1056 1514 1088 1555 s.

106 1576 176 1643 135.
204 1575 396 1653 Praeterea,
419 1576 545 1657 fontes,
569 1578 752 1665 exquibus
783 1578 950 1645 consensio
981 1574 1128 1641 omnium

63 1660 209 1743 gentium
231 1669 410 1742 promanat,
432 1661 489 1726 elii
512 1682 659 1726 essenon
674 1670 818 1759 possunt,
836 1680 935 1747 quum
955 1654 1127 1735 evidentis,

62 1751 93 1805 ct
115 1738 224 1806 facilis
244 1736 474 1808 demonstratio
489 1764 549 1830 pro
570 1743 826 1818 inserentibus,
840 1762 923 1829 quoe
937 1740 1129 1826 perspicuae

62 1833 150 1899 sunt,
174 1830 269 1907 etque
291 1824 456 1907 primaeve
477 1825 610 1892 traditio
655 1846 693 1890 ro
713 1828 773 1904 iis,
795 1846 879 1924 qnae
899 1822 1034 1904 cognitu
1054 1830 1129 1887 sunt

61 1904 220 1971 difficiles.
244 1906 367 1989 Atqui,
390 1906 417 1971 si
441 1908 481 1974 de
503 1847 695 1973 veritatilns
718 1909 816 1995 prims
867 1904 974 1971 oneris
994 1904 1126 1988 egitur,

61 1986 138 2052 illae
161 2008 204 2053 ex
225 1986 294 2072 ipss
315 1988 455 2053 humanu
477 2002 590 2057 nature
612 1989 728 2068 fluunt,
749 1926 954 2076 proinleque
976 1993 1051 2050 sunt
1070 1985 1128 2051 ho

60 2070 142 2135 mini
165 2070 339 2147 naturales
364 2070 399 2135 id
421 2081 540 2151 autem,
563 2072 650 2219 puod
671 2085 719 2141 est
738 2071 863 2138 homini
888 2066 1051 2141 naturale,
1074 2087 1128 2135 ve·

60 2172 134 2216 rum
156 2172 225 2217 esse
247 2171 374 2219 necesse
396 2164 454 2232 est;
477 2156 561 2241 siqui
585 2176 663 2231 em,
686 2174 760 2219 cnm
781 2162 897 2219 natura
919 2149 1125 2225 uniuscuius,

59 2254 125 2319 que
145 2234 196 2300 rei
218 2256 293 2300 vers
314 2237 367 2313 sit,
391 2234 436 2314 id,
459 2236 545 2321 quod
560 2237 706 2304 naturale
725 2249 784 2314 est,
800 2245 1051 2301 consentaneum
1071 2252 1127 2299 re·

425 2390 757 2409 „m

98 2458 108 2498 ι
130 2461 219 2512 contr.
239 2460 326 2519 (ient,
344 2458 392 2509 iib.
412 2453 447 2516 il,
468 2470 493 2505 o.
514 2454 560 2507 tt.
581 2452 637 2506 iisc
657 2461 747 2506 sutem
767 2460 793 2508 io
813 2472 841 2510 re
860 2474 1003 2513 esresmus
1020 2467 1125 2527 oporiet

60 2536 93 2587 ab
113 2546 205 2583 errore
224 2528 419 2588 Lsmennnisii,
448 2529 492 2591 qui
516 2529 652 2578 contendit
675 2528 809 2581 hominem
830 2532 979 2584 individuos
998 2548 1062 2585 snae
1082 2551 1124 2586 rs·

59 2606 127 2657 ttoni
146 2605 270 2655 relictum
289 2604 387 2653 noiiius
405 2601 523 2651 veritatis
542 2601 727 2651 certitudinem
747 2606 850 2667 assequi
869 2619 956 2667 posse.
977 2609 1123 2672 statuitque

58 2678 261 2731 consensionem
275 2675 394 2725 omnium
408 2671 547 2723 hominum
561 2687 618 2723 esse
632 2676 741 2724 unicnm
754 2678 810 2726 reri
824 2680 959 2728 criterium
972 2676 1038 2746 (inc.
1050 2680 1121 2750 cii.).

56 2750 96 2804 Ad
119 2762 201 2814 quum
221 2748 376 2798 sententium
397 2744 568 2797 reieiiendsm
588 2746 653 2796 sutis
671 2748 706 2796 sit
726 2755 815 2799 mente
829 2756 953 2811 reputare
972 2755 1123 2804 consensio·

57 2837 120 2876 nem
141 2822 260 2871 omnium
290 2820 427 2869 hominnm
453 2820 523 2868 circs
549 2818 665 2882 sliqusm
685 2822 824 2871 reritstesn
843 2822 943 2873 stistrui
962 2838 1014 2875 non
1033 2838 1121 2888 posse,

56 2899 107 2948 nisi
129 2896 185 2945 ism
204 2898 339 2956 tsmqnem
365 2892 440 2942 iirms
464 2898 604 2942 sumentur
628 2894 752 2952 eritesis,
772 2894 868 2957 quibos
885 2897 983 2959 singoli
1001 2895 1122 2951 iiumicss

56 2970 181 3033 potioni,
201 2978 296 3028 nempe
322 2962 500 3021 conscientie.
521 2976 614 3014 sensus
632 2966 750 3023 esteroi,
771 2972 798 3017 ei
815 2968 894 3017 ratio.
920 2966 1023 3021 Nemini
1049 2972 1120 3023 enlm

56 3042 228 3105 exploratum
246 3050 303 3089 esse
323 3040 421 3101 potest,
436 3037 499 3100 quisi
518 3036 551 3085 de
570 3038 659 3100 sliqus
681 3050 709 3105 re
727 3042 813 3089 totum
831 3053 915 3105 genus
932 3041 1078 3094 humanum
1092 3059 1123 3095 o-

57 3116 178 3178 pinetur,
198 3111 246 3162 nisi
266 3115 344 3160 sntcs
362 3122 412 3172 cpe
431 3109 624 3167 conscientiae,
644 3113 672 3159 et
690 3123 814 3160 sensnum
839 3118 1006 3164 externorum
1024 3130 1121 3180 cogno-

55 3191 114 3237 scsi
134 3196 175 3241 ss.
195 3186 223 3234 ei
241 3184 306 3232 siios
324 3183 447 3241 existor03
468 3187 494 3229 et
508 3182 556 3231 nisi
568 3194 618 3243 ope
633 3183 742 3232 sotionis
760 3190 901 3247 cognoscst
918 3187 974 3236 iieri
994 3200 1047 3236 non
1060 3202 1120 3250 pos·

55 3272 94 3315 se.
116 3262 148 3305 nt
167 3268 259 3307 omnes
278 3255 398 3306 isominos
421 3254 602 3316 decipientur.
622 3258 650 3304 et
670 3257 848 3315 utentisntnre
869 3259 917 3307 nisi
936 3261 1118 3311 testimonium

54 3330 199 3380 hominnm
218 3327 298 3389 probe
318 3328 457 3390 intciiigst;
473 3328 521 3375 nisi
542 3327 590 3389 ipsi
610 3330 712 3377 constet
732 3326 814 3378 ileum
835 3331 933 3389 primos
953 3332 1118 3397 isumsniqe-

54 3402 128 3453 nsris
146 3404 270 3464 parentes
289 3414 334 3463 pes
352 3414 380 3450 se
398 3400 552 3457 erudivisse,
572 3399 619 3448 nisi
640 3398 690 3450 siis
712 3402 794 3450 muita
814 3405 926 3459 noverit,
939 3416 1008 3466 quse
1026 3416 1119 3457 recen-

55 3487 114 3526 sere
134 3474 243 3537 longum
263 3474 339 3525 toret.
364 3468 451 3537 Qosre
478 3471 633 3535 sibimetipsi
658 3477 787 3536 repugnet
809 3472 855 3536 qui
873 3474 937 3523 dom
956 3476 1049 3526 statuit
1066 3479 1118 3528 cri·

55 3547 155 3597 terium
169 3547 224 3597 reri
239 3546 265 3595 in
277 3547 381 3609 generis
400 3544 511 3595 humnni
529 3545 712 3603 consensione,
731 3550 827 3595 cuncis
846 3545 1020 3599 instrumente
1034 3554 1117 3605 menti

55 3618 191 3675 humanos
209 3618 312 3682 adimit,
333 3632 380 3684 per
401 3630 468 3685 quoe
488 3618 561 3669 iiiam
581 3618 779 3671 consensionem
799 3632 957 3684 cognoscere
977 3626 1074 3691 potest.
