2475 3909
164 232 206 297 52
558 241 741 292 onronoorn

167 328 324 396 Probatur
345 327 390 393 1⁰.
414 326 619 398 Conscientia
642 335 689 391 est
713 336 815 403 actus,
839 344 903 411 quo
924 333 1040 389 natura
1070 324 1185 393 intelie-

126 414 212 480 otrix
234 432 279 491 se,
303 432 443 497 suasque
465 411 669 496 operationes
690 411 865 491 cognoscit.
889 408 1011 493 Atqui,
1035 408 1181 476 aientes.

126 494 260 567 Thoma,
275 518 294 557 n
309 503 398 559 actus
420 492 525 557 omnis
546 490 664 556 estrei
688 491 901 565 subsistentis,
916 501 949 555 et
970 488 1182 586 perfectae¹»‚

126 598 242 663 nempe
264 577 438 673 suppositi,
458 583 490 640 et
512 594 679 659 personae.
694 576 783 659 Ergo
805 574 1000 640 conscientia
1064 594 1184 641 rsonam

126 660 192 724 iam
215 668 423 724 constitutam
445 656 655 742 expostulat,
682 668 805 721 tantum
827 654 929 732 abest,
951 664 989 721 ut
1009 654 1098 721 iiam
1117 678 1186 723 con-

125 743 249 806 stituat.

166 819 201 885 2⁰
224 824 256 889 Si
281 840 417 907 persona
438 822 471 885 in
494 820 690 886 conscientia
712 822 818 905 posita
841 830 938 896 esset,
960 820 1067 884 anima
1092 824 1185 887 etiam

126 904 197 969 sine
220 924 356 991 corpore
380 922 517 987 persona
539 922 608 969 esse
631 915 756 987 posset,
778 904 901 1048 quippe
921 900 1008 988 quod
1031 904 1100 987 ipsa
1121 925 1186 971 cor-

126 1004 206 1070 pore
227 1007 292 1050 non
313 997 399 1072 eget,
422 998 458 1051 ut
479 986 529 1049 sui
552 984 783 1052 conscientiam
805 988 844 1050 ba
869 993 930 1050 eat.
947 986 1047 1069 Atqui
1069 986 1136 1053 sola
1156 1010 1187 1053 a·

125 1068 229 1144 nima,
251 1078 362 1153 utpote
383 1067 562 1134 substantia
586 1066 798 1152 incompieta‚
818 1088 954 1153 persona
974 1087 1044 1131 esse
1066 1073 1184 1154 nequit.

126 1150 215 1231 Ergo
224 1168 367 1295 persona
378 1171 418 1215 ex
431 1148 627 1215 conscientia
642 1150 693 1214 sui
708 1151 812 1246 ipsius
826 1170 985 1234 exurgere
999 1170 1062 1213 non
1077 1164 1185 1235 potest.

167 1230 201 1297 3⁰
243 1232 275 1309 i,
297 1234 354 1317 qui
375 1232 458 1297 hanc
478 1250 593 1297 novam
616 1228 834 1297 definitionem
858 1252 1013 1317 personae
1036 1234 1186 1310 tradunt,

127 1312 155 1407 si
179 1311 243 1378 sihi
265 1325 410 1380 constare
432 1314 544 1390 veiint,
565 1310 702 1379 doceant
722 1335 849 1379 necesse
871 1325 918 1380 est
938 1314 1100 1393 homines,
1116 1338 1186 1382 cnm

127 1415 198 1461 sine
220 1397 416 1463 conscicntia
444 1398 496 1462 sui
524 1397 629 1482 ipsius
650 1409 847 1471 nascantur,
870 1396 1003 1461 minime
1025 1399 1113 1462 nasci
1140 1402 1187 1467 nti

126 1496 297 1573 personas,
317 1478 370 1545 sed
393 1498 550 1543 annorum
576 1497 674 1543 cursu
695 1477 768 1544 fieri
791 1498 968 1564 personas,
992 1480 1188 1567 proindeque

125 1558 278 1639 miantes,
294 1562 483 1646 priusquam
507 1559 623 1624 mentis
644 1581 723 1625 suae
737 1569 900 1645 compotes
913 1562 1012 1635 fiant,
1029 1562 1190 1650 haudqua-

126 1662 226 1789 puam
247 1664 316 1709 esse
338 1663 504 1730 personas,
526 1662 629 1787 empne
651 1642 782 1708 demum
803 1655 950 1730 tempore
972 1661 1125 1739 personas
1144 1648 1190 1713 et-

151 1727 193 1803 ci,
230 1747 275 1791 uo
297 1746 412 1792 eorum
432 1727 573 1791 animoa
610 1726 749 1811 seipsam
772 1723 985 1809 reditatum
1005 1726 1082 1793 haec
1098 1730 1189 1815 piane

126 1744 272 1875 inaudita
294 1808 491 1890 Theoiopis,
513 1814 546 1872 et
565 1805 770 1891 Philosophis
794 1818 885 1884 sunt;
908 1808 940 1872 hi
964 1810 1051 1872 enim
1080 1833 1189 1877 omnes

127 1888 304 1969 hominem,
328 1904 494 1985 tamquam
515 1906 699 1971 personam,
714 1890 816 1965 nasci,
831 1890 1073 1977 terminumque
1090 1915 1193 2042 pene-

126 1972 262 2039 rationis
283 1992 423 2038 nonnisi
466 1989 615 2035 ersonam
638 1992 707 2037 esse
722 1969 927 2037 concorditer
946 1971 1073 2041 docent.
1119 1997 1191 2062 rgo.

170 2054 239 2120 142.
264 2056 360 2141 Prop.
382 2053 429 2117 2⁸.
446 1992 598 2119 inmittas
616 2074 764 2139 personae
786 2055 1027 2120 incendentia
1043 2062 1194 2145 proprio-

126 2155 201 2199 rum
223 2139 381 2202 actionum
398 2138 478 2221 poni
498 2136 627 2221 nequit:

169 2219 328 2285 Probatur
349 2219 418 2285 fere
440 2216 562 2284 eisdem
587 2217 797 2304 argumentis.
815 2219 856 2283 Et
870 2240 960 2298 sane,
973 2218 1005 2285 1⁰
1019 2222 1106 2288 sicut
1120 2244 1193 2309 per-

127 2320 232 2380 sona,
255 2302 393 2369 itacius
415 2300 568 2367 identitas
589 2301 815 2365 conscientiam
839 2302 1013 2387 praecedit.
1039 2304 1128 2393 Ergo
1151 2308 1195 2371 si-

128 2393 184 2450 out
205 2405 357 2471 persona,
381 2388 426 2452 ita
448 2386 520 2449 eius
541 2380 694 2448 identitas
716 2383 750 2447 in
772 2386 970 2449 conscientia
994 2388 1098 2472 posita
1123 2410 1194 2454 esse

128 2486 169 2530 ne
194 2470 255 2535 uit.

224 2552 259 2618 Si
280 2570 434 2637 personae
457 2547 608 2614 identitas
630 2566 649 2610 a
670 2546 866 2613 conscientia
888 2563 1071 2616 nostrarum
1093 2556 1198 2620 actio·

129 2650 208 2695 num
229 2634 385 2719 penderet
398 2679 407 2709 ,
422 2650 480 2695 nos
502 2630 537 2694 in
558 2647 683 2705 somno,
703 2628 737 2692 in
758 2649 825 2713 quo
845 2631 901 2696 iiia
921 2634 1119 2699 conscientia
1141 2635 1198 2701 do-

128 2713 307 2795 stituimur,
324 2737 385 2781 non
408 2712 522 2779 eadem
543 2730 680 2808 persona
703 2730 859 2789 essemus,
874 2733 910 2778 ac
934 2716 968 2780 in
990 2716 1121 2803 vigitia3
1135 2720 1199 2782 im·

128 2815 209 2875 mo,
231 2818 306 2863 cum
333 2799 368 2863 in
390 2798 462 2883 ipsa
483 2793 598 2879 rigriia
621 2794 872 2877 praeteritarum
900 2799 1065 2862 actionum
1094 2800 1198 2865 unico

128 2888 204 2945 actu
227 2900 402 3025 numtpuam
428 2876 692 2952 reminiscamur,
707 2874 831 2954 eadem,
846 2887 880 2942 et
899 2901 962 2944 non
984 2879 1097 2945 eadem
1121 2900 1200 2971 per·

128 2982 208 3026 sona
235 2962 321 3027 simu
355 2977 521 3035 essemus;
547 2955 661 3023 eadem
682 2958 814 3042 quidem
842 2961 884 3025 ob
913 2964 1105 3031 memoriam
1136 2964 1201 3030 aii·

102 3062 104 3066 ,
128 3064 269 3191 puerum
297 3046 478 3166 potionum,
501 3061 565 3106 non
585 3039 700 3107 eadem
724 3061 802 3106 vero
823 3053 956 3129 propter
976 3044 1117 3113 aliarum
1139 3047 1200 3113 ob·

144 3148 285 3195 rvronem
316 3175 323 3191 .

496 3306 810 3320 m

167 3433 177 3471 ⁸
197 3437 226 3486 ia
245 3434 291 3485 tto.
312 3436 327 3485 1
343 3436 424 3487 sam.
444 3428 510 3481 Dist.
531 3426 628 3488 xxiv,
648 3442 676 3493 q.
696 3426 719 3489 i,
739 3444 766 3479 a.
789 3430 800 3480 i
822 3430 856 3481 ad
877 3431 902 3482 i.

166 3505 179 3543 ²
201 3504 227 3558 st
246 3508 305 3570 qnia
324 3509 435 3570 quaerat
454 3504 585 3554 undenam
598 3502 723 3553 identitas
736 3506 841 3554 nostrae
854 3516 982 3566 pannose
994 3512 1140 3572 repetenda
1153 3511 1201 3561 sit.

130 3578 156 3628 ei
175 3579 201 3628 io
220 3578 377 3628 memoriam
397 3589 553 3627 revocamus
572 3586 713 3639 personam
732 3575 759 3625 in
778 3575 885 3627 homine
898 3590 952 3629 non
964 3592 1023 3630 esse
1034 3583 1122 3635 rotam
1144 3584 1203 3632 ιιιί·

131 3661 215 3708 mam,
234 3654 281 3699 ant
299 3650 385 3699 sotum
404 3661 511 3710 corpus,
531 3647 576 3699 aed
595 3647 695 3710 aliquid
713 3659 747 3697 ex
764 3649 865 3708 anima,
878 3655 950 3701 etex
962 3664 1074 3717 corpore
1086 3668 1203 3718 compo-

132 3722 222 3779 sttum,
242 3720 318 3771 entur
336 3721 516 3780 subsistentia,
530 3726 559 3771 ot
572 3720 598 3770 io
613 3720 813 3785 Anthropotopto
830 3722 1009 3785 ostendemus,
1024 3730 1203 3778 constituitur
