2475 3909
480 175 679 224 cosnocoors
733 205 741 208 >
1019 156 1076 221 ati

58 273 151 340 sclua
167 254 394 338 informantur,
410 282 478 326 sese
500 261 663 326 heberent.
688 259 785 343 Atqui
808 255 968 323 eiusmodi
993 273 1040 325 est
1054 284 1126 328 cor-

59 356 115 420 pus
137 339 326 424 organicum
348 343 537 409 animalium
567 343 803 430 perfectorum;
827 361 926 416 nam,
951 341 978 404 si
1003 342 1124 409 induo

57 439 192 505 corpora
213 421 399 500 dividatur,
423 426 546 490 nullum
570 447 684 493 eorum
713 424 849 487 formam
870 423 972 490 totins
992 425 1124 504 retinet,

57 511 87 564 et
109 502 194 566 nulla
219 525 332 590 persa
356 517 422 572 toto
443 505 604 606 discerpta
631 509 741 572 virere
761 552 769 582 ,
790 516 822 570 ct
849 505 976 590 operari
1002 518 1119 592 potest.

57 582 143 676 Ergo
164 606 281 670 corpus
302 589 492 674 organicum
514 589 703 655 animalium
731 587 949 675 perfectorum
974 588 1123 656 indivisi-

57 663 118 728 brli
145 671 267 733 ratione
289 669 328 734 nb
352 672 458 734 anima
480 670 676 736 informatur
690 672 714 733 ¹,

97 747 167 814 113.
185 749 339 816 Diximus
363 753 555 818 animalium
577 755 800 836 perfectorum
816 772 890 815 nam
913 751 1039 816 animae
1055 755 1124 818 ani-

57 827 192 894 malium
217 832 496 929 imperfectorum,
520 860 537 897 n
554 839 632 922 qnia
653 833 914 920 imperfectiores
942 844 1017 898 sunt
1038 835 1123 915 aliis,

56 910 221 978 modicam
242 913 464 982 diversitatem
489 938 686 1003 organorum
707 919 888 1002 requirunt.
906 917 947 980 Et
967 915 1041 981 inde
1063 928 1123 996 est,

57 992 144 1078 quod
169 1017 232 1060 une
255 1019 328 1083 pars
349 997 458 1063 decisa
481 1009 676 1086 potestesse
697 1000 826 1065 animae
848 1000 1054 1084 susceptiva,
1075 1011 1126 1065 ut-

59 1086 134 1159 pote
158 1075 278 1144 habens
303 1091 429 1146 tantum
451 1081 491 1146 de
505 1103 543 1147 or
566 1083 648 1162 anis,
685 1093 820 1148 uantum
841 1080 958 1146 suflicit
971 1080 1011 1144 ad
1027 1081 1125 1146 talem

58 1159 205 1222 animam
227 1161 493 1249 suscipiendam¹
511 1187 539 1228 ».
590 1166 641 1230 inc
663 1103 709 1242 dt,
735 1174 772 1230 ut
791 1163 870 1228 baec
891 1162 1041 1228 animalia
1064 1165 1126 1229 im·

57 1240 214 1386 perfecta,
237 1264 310 1308 cnm
333 1246 365 1308 in
389 1254 497 1329 partes
517 1258 693 1324 secantur,
717 1257 762 1312 tot
783 1246 980 1310 constituant
1002 1247 1126 1310 anima-

69 1343 114 1396 la,
139 1334 221 1469 punt
241 1336 317 1392 sunt
338 1337 445 1413 partes
467 1339 582 1394 sectae.

99 1405 139 1469 11
164 1405 336 1482 .Quanam
357 1419 466 1475 autem
487 1413 612 1477 ratione
634 1410 712 1477 haec
733 1409 860 1474 animae
881 1407 1053 1473 brutorum
1075 1407 1124 1474 di·

56 1486 235 1552 visibilitas
256 1490 445 1577 accipienda
467 1492 531 1571 sit,
559 1492 647 1558 idem
669 1502 797 1557 sanctus
819 1491 939 1556 Doctor
965 1490 1127 1576 explicuit

56 1568 107 1634 his
128 1572 256 1656 paucis:
275 1598 291 1636 n
308 1574 342 1637 ln
359 1573 529 1639 animabus
550 1576 708 1640 annulosis
721 1575 745 1651 ²,
761 1595 845 1659 quae
868 1570 974 1638 decisa
995 1574 1124 1648 vivunt,

58 1665 106 1718 est
129 1673 193 1716 una
214 1656 319 1720 anima
341 1657 374 1720 in
396 1666 481 1732 actu,
503 1668 535 1722 et
556 1658 675 1724 multae
701 1659 733 1722 in
756 1656 916 1740 potentia;
939 1654 1044 1719 diviso
1067 1674 1125 1718 au·

58 1745 124 1798 tem
147 1755 283 1820 corpore
305 1737 453 1802 animalis
476 1738 647 1824 praedicti,
666 1743 698 1804 in
714 1737 862 1823 qualibet
884 1747 974 1822 parte
997 1739 1125 1801 vivente

58 1816 178 1902 incipit
198 1821 305 1884 anima
327 1840 396 1884 esse
418 1832 491 1885 actu
506 1823 518 1858 ⁴
532 1846 560 1885 n.
584 1823 628 1887 Et
649 1843 736 1896 sane,
760 1821 951 1904 incorpore
974 1817 1127 1883 animalis

57 1898 243 1996 imperfecti
265 1922 327 1965 non
344 1901 406 1966 nisi
423 1923 486 1967 una
501 1907 609 1968 anima
623 1915 697 1968 ectu
717 1922 785 1967 esse
806 1910 928 1988 potest,
943 1901 1035 1997 quia,
1051 1921 1126 1964 cum

57 2002 196 2048 unicum
218 1984 261 2048 sit
281 1983 412 2061 animal,
428 1986 531 2070 princi
558 1985 626 2050 ium
649 1987 720 2050 eius
743 1982 878 2048 formale
901 2003 1035 2047 unicum
1058 2002 1127 2047 esse

58 2063 166 2129 debet.
190 2069 233 2131 At
246 2112 254 2143 ‚
277 2066 303 2130 si
325 2086 443 2151 corpus
466 2069 499 2132 in
523 2007 632 2153 plures
655 2076 761 2155 partes
783 2064 973 2141 dividatur,
997 2066 1126 2130 animae

59 2145 93 2210 in
110 2148 246 2232 singuiis
269 2147 416 2234 partibus
437 2161 512 2216 actu
533 2169 601 2214 esse
618 2149 799 2235 incipiunt,
813 2148 934 2233 quippe
956 2145 1044 2232 quod
1060 2146 1127 2210 sin-

58 2227 155 2313 gulae
178 2239 309 2314 partes,
334 2232 468 2315 inques
490 2251 607 2318 corpus
631 2231 780 2296 animalis
802 2231 846 2293 im
889 2227 986 2295 rfecti
1007 2227 1128 2295 dividi-

59 2323 128 2388 tur,
149 2332 271 2398 organa
293 2309 333 2375 ad
356 2313 454 2377 vitam
478 2315 670 2380 sufficientia
684 2313 813 2380 habeut.
859 2332 902 2376 ua
923 2309 1013 2377 dere
1037 2312 1069 2376 in
1094 2332 1128 2374 a·

101 2637 109 2672 ¹
133 2633 195 2684 inde
209 2639 282 2696 patet
295 2635 411 2684 animam
431 2630 571 2680 brutorum
590 2643 643 2680 non
662 2643 719 2681 csse
739 2630 923 2682 indivisibilem
942 2642 1036 2688 exeo,
1057 2632 1128 2696 quod

60 2724 75 2760 a
99 2708 211 2758 materia
231 2719 282 2756 non
303 2707 409 2769 pendet,
429 2717 461 2752 ac
481 2703 587 2766 proinde
600 2703 718 2753 ordinem
733 2703 878 2754 formarum
893 2705 1070 2754 materialium
1084 2719 1129 2756 ez·

59 2782 143 2833 cedit:
163 2781 208 2828 sed
228 2793 259 2830 ex
278 2793 310 2829 eo
329 2779 478 2833 dumtaxat,
491 2777 562 2839 quod
583 2775 731 2825 indivisibili
752 2779 854 2826 ratione
873 2790 971 2840 corpus
989 2776 1126 2840 informat,

60 2857 98 2905 ita
120 2859 149 2904 ut
167 2853 200 2903 ad
218 2853 335 2902 diversas
348 2851 427 2900 huius
441 2854 528 2912 partes
549 2849 661 2899 nonnisi
681 2851 754 2898 reiut
773 2850 805 2898 ad
825 2862 919 2906 onum,
936 2855 964 2900 et
983 2851 1129 2900 indivisibi-

60 2930 117 2983 lem
136 2928 315 2988 organisrnum
336 2936 364 2973 se
384 2921 488 2972 babeat.
509 2918 676 2986 Quapropter
687 2934 719 2970 ex
733 2921 783 2972 hac
797 2921 1003 2974 indivisibilitate
1022 2930 1128 2974 animae

59 3003 202 3050 brutorum
217 2998 286 3048 bsud
299 2997 387 3058 colligi
401 3000 487 3057 potest
500 2995 594 3056 ipsam,
607 2994 716 3057 perinde
729 3009 761 3043 ac
774 2995 891 3045 animam
904 2995 1060 3055 humanam,
1070 3010 1128 3048 esse

58 3089 72 3122 s
94 3071 239 3122 iritualem.
856 3113 865 3135 ,

74 3089 112 3180 ρῖ
125 3145 180 3208 Qu.
200 3146 296 3207 dirpp,
319 3143 356 3191 lle
375 3141 446 3194 Pot..
466 3152 492 3202 q.
514 3135 559 3196 lll,
580 3153 606 3188 a.
630 3137 662 3187 te
681 3138 714 3187 ad
734 3139 762 3188 5.
784 3136 855 3189 ldern
874 3139 1014 3190 dicendum
1034 3144 1074 3188 est
1093 3140 1126 3190 de

60 3219 153 3268 anima
172 3217 287 3279 plantae,
308 3227 368 3262 nam
388 3212 465 3271 haee,
482 3230 493 3254 ι
509 3212 571 3274 quie
591 3209 746 3273 imperfecta
758 3216 799 3261 est
812 3213 839 3262 in
852 3212 944 3262 ordine
963 3212 1135 3272 animarum,¹

62 3303 118 3341 non
131 3289 241 3352 requirit
260 3299 383 3349 magnam
402 3285 579 3334 diversitatem
601 3285 627 3331 in
647 3284 776 3345 partibus;
790 3285 859 3334 unde
872 3285 960 3334 anima
974 3285 1056 3334 totius
1069 3291 1129 3348 poi·

62 3371 105 3414 est
118 3362 212 3412 salvari
228 3363 253 3410 in
265 3359 356 3422 eliqua
369 3359 481 3421 partium
499 3376 522 3412 η
539 3359 568 3406 in
582 3357 628 3405 iil.
643 3358 671 3405 11
682 3358 719 3406 De
732 3358 835 3418 enim,
849 3358 912 3406 lect.
928 3353 974 3407 iv.

101 3433 113 3470 ³
133 3432 261 3485 Dicuntur
279 3431 402 3482 animalis
422 3431 551 3479 annuloso
569 3430 625 3486 ilia,
639 3442 708 3492 qnae
723 3430 822 3480 sceleto
835 3429 1024 3485 destituuntur,
1038 3433 1128 3492 cipro

65 3507 222 3558 fulcimento
235 3505 331 3555 liabent
346 3504 441 3565 pellem
456 3501 573 3562 plexibus
587 3502 795 3561 transversariis,
810 3501 891 3552 veluti
906 3504 1022 3560 oonn'ie,
1037 3501 1129 3552 distin-

64 3585 150 3636 ctanr;
165 3577 312 3630 cuiusmodi
327 3582 397 3633 sunt,
412 3589 438 3625 e.
453 3587 491 3637 g,
506 3573 648 3638 eoniopeer.
663 3622 667 3629 ,

104 3649 115 3687 ⁶
135 3656 222 3704 Corrtr.
238 3651 323 3709 Geni„
338 3649 383 3698 lib.
400 3645 432 3709 ll,
447 3661 472 3696 c.
488 3645 532 3696 89.
