2475 3909
513 161 695 209 unrococra
1055 143 1094 207 15

63 266 147 325 rere,
170 248 247 333 quia
269 245 375 311 omnis
398 254 504 311 nostra
526 247 671 328 cognitio
694 266 755 309 non
777 245 863 309 circa
879 267 930 325 ea,
952 246 1134 344 exquibus

63 352 113 395 res
135 330 391 404 constituuntur,
413 326 468 391 sed
490 328 576 393 circa
598 349 649 403 ea,
671 347 755 423 quae
777 324 817 390 de
840 326 937 393 rebus
959 328 1054 394 nobis
1077 352 1137 415 ap·

64 420 189 496 parent,
204 422 400 477 versaretur.
416 412 515 495 Atqui
537 406 571 473 id
588 411 714 474 nonnisi
737 429 756 472 a
777 408 934 493 Scepticis
948 414 1047 475 asseri
1064 425 1135 495 pot-

62 502 120 559 est.
144 494 255 578 Ergo,
284 492 311 557 si
333 491 456 557 nullius
483 491 532 555 rei
560 490 697 557 essentia
723 490 822 555 realis
846 502 1012 578 comperta
1039 494 1136 557 nobis

63 583 159 650 esset,
204 595 297 651 urus,
321 583 418 659 putus
441 592 482 637 ue
505 574 738 657 Scepticismus
758 571 929 638 obtineret.

99 657 155 721 40.
171 595 256 722 lllud
278 668 390 722 contra
414 594 624 721 diobertium
643 655 814 739 speciatim
834 654 1052 721 adnotandum
1073 666 1134 733 est,

83 736 150 801 uod
177 761 219 805 ex
243 737 314 803 eius
341 738 498 801 sententia
523 736 585 801 boc
612 740 794 802 maximum
826 736 1003 803 absurdum
1035 738 1135 803 etiam

61 758 146 895 luit,
169 841 243 887 nem
268 840 286 883 e
309 840 348 884 ne
369 818 475 883 Deum
495 818 630 903 quidem
651 820 808 883 essentias
828 839 939 884 rernm
964 838 1136 903 coguosce-

61 923 95 966 re
112 918 216 983 posse.
265 900 362 965 tenim
383 900 540 964 essentiae
555 919 681 977 rerum,
698 901 708 963 i
734 900 802 964 sius
819 898 980 966 Giobertii
996 900 1133 976 iudicio,

61 993 135 1047 sunt
155 979 387 1047 immutabiles.
409 982 498 1066 Ergo
519 980 547 1045 si
568 980 659 1065 ipsae
684 921 830 1047 allectiva
851 982 885 1046 iu
907 1003 941 1045 se
969 982 1136 1067 inexcogi-

62 1062 180 1128 tabiles
194 1064 271 1141 siut,
287 1082 465 1148 numquam
481 1071 586 1147 potest
597 1060 681 1138 fieri,
698 1073 733 1130 ut
749 1062 970 1148 intelligibiles
984 1064 1133 1130 evadant.

107 1204 175 1255 dur.
192 1202 238 1254 lll.
250 1231 284 1240 —
298 1201 447 1254 Nonnullae
465 1206 635 1265 quaestiones
653 1205 686 1253 ad
706 1204 841 1254 notionem
860 1207 991 1257 essentiae
1011 1209 1094 1271 magis
1127 1218 1132 1227 ·

279 1278 416 1340 magisque
434 1276 621 1326 declarandam
641 1276 717 1326 valde
736 1277 815 1327 utiles
834 1279 973 1328 solvuntur

99 1396 151 1460 t1.
175 1394 254 1459 Tres
273 1396 480 1481 quaestiones
502 1394 536 1458 iu
558 1394 617 1457 boc
644 1394 783 1459 articulo
811 1396 1054 1481 investigandas
1082 1419 1134 1463 su-

61 1476 232 1561 scipimus,
248 1498 364 1563 nempe
385 1474 418 1540 1⁰
434 1484 543 1541 utrum
557 1476 714 1540 essentiae
736 1497 849 1540 rerum
871 1478 936 1542 sint
956 1479 1134 1565 simplices,

60 1578 102 1621 an
123 1561 334 1642 compositae3
349 1557 386 1621 2⁰
400 1567 512 1623 utrum
533 1578 596 1621 esse
617 1559 775 1623 essentiae
795 1556 837 1621 ab
857 1579 919 1623 esse
940 1562 1134 1627 existentiae

61 1636 327 1722 distinguendum
343 1641 397 1715 sit,
414 1659 525 1715 necne;
541 1637 575 1705 3⁰
589 1660 732 1725 quanam
754 1641 881 1705 ratione
904 1646 1062 1710 essentiae
1085 1666 1136 1708 re-

61 1738 136 1783 rum
157 1720 221 1786 sint
243 1732 408 1797 aeternae,
426 1722 638 1799 necessariae,
659 1729 693 1786 et
714 1722 944 1787 immutabiles.
969 1724 1057 1799 Quid
1072 1726 1137 1790 cir-

62 1820 101 1865 ca
122 1799 180 1864 bas
194 1804 401 1887 quaestiones
423 1802 628 1869 sentiendum
650 1804 709 1880 sit,
725 1824 767 1867 ex
786 1806 996 1887 sequentibus
1019 1829 1136 1894 propo-

64 1881 239 1949 sitionibus
261 1885 394 1970 planum
417 1882 482 1951 fiet.

106 1963 158 2029 42.
182 1965 343 2051 Prop.1⁸.
362 1967 473 2033 Omnes
493 1966 641 2031 essentiae
659 1976 731 2029 sunt
752 1969 936 2049 compositae
956 1990 996 2032 ec·
1010 1971 1137 2055 quibus-

62 2044 136 2107 dum
158 2049 341 2191 principiis:
365 2070 441 2133 quoe
464 2061 566 2113 tomen
586 2050 634 2111 ite
653 2048 736 2112 inter
761 2068 793 2110 se
813 2048 984 2130 cohaerent,
1006 2062 1054 2131 ret,
1078 2052 1136 2117 oli·

62 2146 122 2211 quo
144 2128 269 2194 ilerum
294 2129 426 2207 snddrto,
449 2132 576 2196 essentia
597 2128 684 2194 illico
702 2139 809 2212 percat
824 2131 848 2195 ¹.

104 2208 264 2275 Probatur
284 2209 318 2276 1³
344 2232 417 2296 pars
439 2222 548 2279 contra
570 2210 774 2276 Cartesiauos
793 2212 818 2276 ².
841 2214 1010 2290 Quaelibet
1031 2238 1136 2282 essen-

60 2288 109 2352 tia
130 2290 292 2357 eiusmodi
306 2314 376 2358 esse
399 2292 505 2371 debet,
521 2304 559 2360 ut
580 2295 697 2359 babeat
718 2305 788 2359 tum
809 2296 852 2358 ali
878 2294 948 2374 uid,
968 2320 1029 2384 per
1048 2298 1135 2384 quod

62 2390 139 2435 cum
163 2371 238 2437 aliis
258 2374 428 2451 consentit,
451 2387 520 2442 tum
543 2376 682 2460 aliquid,
704 2396 763 2459 per
785 2317 875 2459 quod
894 2400 911 2442 a
934 2382 1050 2446 ceteris
1071 2381 1137 2445 dis·

60 2452 278 2533 criminatum
305 2457 400 2601 quia,
423 2457 452 2521 si
472 2457 618 2541 primum
638 2458 774 2534 deesset,
794 2479 857 2533 res,
879 2480 964 2544 quae
987 2463 1022 2526 iu
1043 2484 1136 2527 mun-

60 2533 105 2598 do
127 2545 227 2614 sunt,
249 2538 337 2603 nulo
365 2558 452 2602 nexu
478 2538 742 2613 continerentur;
765 2540 815 2603 siu
837 2540 999 2618 alterum,
1021 2565 1136 2610 omues

59 2636 116 2681 res
136 2638 257 2696 uuum,
273 2618 425 2703 idemque
446 2618 564 2683 forent.
581 2618 799 2705 Quapropter,
821 2642 895 2687 curn
911 2644 962 2688 res
976 2624 1135 2691 deliniun-

60 2708 144 2774 tur,
177 2700 245 2766 sive
277 2722 388 2765 earum
420 2700 559 2765 essentia
591 2700 815 2786 significatur,
838 2702 1010 2772 adhibetur
1039 2728 1134 2791 penus

59 2782 267 2862 proximum,
289 2780 377 2866 quod
399 2782 626 2865 complectitur
648 2782 769 2867 aliquid
793 2805 964 2851 commune
987 2791 1036 2854 rei
1057 2790 1137 2856 deli·

62 2864 153 2928 uitae
177 2883 250 2926 cum
272 2864 358 2939 aliis,
385 2873 417 2929 et
437 2863 633 2948 differentia,
654 2886 719 2949 qua
740 2865 913 2933 exhibetur
933 2869 975 2935 ali
1000 2873 1072 2950 uid,
1094 2895 1136 2937 ex

63 2962 129 3028 quo
152 2964 203 3008 res
224 2943 397 3010 delinitae
419 2945 534 3010 ceteris
555 2947 654 3025 rebus
674 2948 920 3016 discriminatur
934 2953 956 3015 ³.
978 2893 1068 3040 lirgo
1088 2978 1136 3021 es

62 3027 189 3092 seutiae
210 3047 321 3092 rerum
342 3047 385 3091 ex
407 3029 508 3093 variis
529 3029 704 3115 principiis
724 3042 800 3097 sunt
820 3036 1031 3119 compositae.

99 3241 110 3276 ¹
133 3234 183 3288 llic
203 3238 339 3301 loquimur
358 3236 389 3287 de
409 3237 529 3287 essentiis
549 3250 638 3288 rerum
654 3244 818 3301 creatarum,
839 3244 912 3305 quia,
927 3258 988 3294 cum
1002 3242 1135 3307 Esseutia,

62 3314 118 3365 eive
130 3306 197 3362 llsse
210 3308 257 3360 Dei
270 3312 304 3361 eit
315 3310 551 3373 simplicissimum,
565 3312 638 3361 nulla
652 3313 678 3361 in
691 3308 731 3363 llo
744 3316 899 3377 compositio
913 3317 1023 3367 investiri
1038 3323 1134 3381 potest.

98 3379 280 3435 ’cortesiani
304 3396 431 3433 censuere
457 3384 584 3433 essentias
609 3397 697 3433 rerum
719 3386 744 3433 tn
765 3389 843 3437 unica
863 3389 1024 3451 proprietate
1048 3394 1138 3441 consi-

62 3462 147 3512 stere,
167 3460 249 3519 atque
269 3454 347 3513 banc,
368 3456 438 3519 quod
458 3456 491 3505 nd
511 3456 633 3517 splritum
652 3457 759 3517 attinet,
779 3473 837 3510 essa
854 3464 1046 3525 capitationem,
1066 3467 1136 3527 qnod

61 3530 96 3579 ad
116 3542 216 3592 corpus
235 3542 292 3578 esee
311 3532 493 3579 extensionem.

100 3600 112 3637 ³
133 3597 169 3653 Cf
186 3602 284 3665 espa,
305 3614 331 3663 p.
354 3598 374 3660 l,
396 3603 448 3652 loe.
470 3602 528 3660 cit,
551 3613 577 3661 p.
598 3598 632 3649 Ξῖ.)
653 3601 705 3652 vol.
728 3600 749 3653 l.
