2475 3909
481 219 754 267 nurunorouonra
1062 204 1124 271 261]

137 306 204 371 176.
229 302 336 371 Obiic.
367 298 399 366 1⁰
427 301 580 367 Parentes
612 303 778 367 hominem
812 322 966 385 generare
994 304 1167 393 dicuntur,

93 391 195 473 Atqui
218 386 314 451 horno
336 392 460 450 constat
481 406 523 449 ex
544 386 665 461 anima,
688 394 721 448 et
742 404 889 468 corpore.
914 388 1003 473 Ergo
1031 408 1093 452 non
1116 410 1166 453 so-

94 472 165 543 lum
186 490 243 535 cor
267 488 316 540 ns,
338 465 394 531 sed
415 466 515 532 etiam
536 467 645 531 anima
668 486 726 551 per
748 468 989 550 generationem
1011 471 1127 537 oritur.

138 552 206 617 177.
262 571 330 635 esp.
355 550 440 617 Diei.
463 550 555 624 mai,
578 556 738 632 quatenus
762 559 940 634 operantur
954 549 994 615 ad
1008 553 1165 615 unionem

94 635 254 730 corporis,
276 642 308 698 et
329 632 470 705 animae,
485 650 527 693 ex
542 650 607 715 qua
629 631 748 695 unione
771 631 866 695 homo
885 642 933 697 est
948 632 1056 708 humo,
1079 654 1163 697 cono.

95 737 187 793 mor.;
210 726 366 800 quatenns
389 721 545 798 generant
565 711 746 796 quamlibet
768 724 893 796 partem
915 713 1074 790 hominis,
1096 734 1163 797 nep.

94 801 188 875 mei.;
211 819 296 864 coac.
319 796 397 859 mio.
421 795 500 875 Nep.
525 815 608 859 cone.
631 796 674 857 Et
695 815 784 867 anne,
808 818 826 857 u
848 793 926 859 licet
946 794 1054 859 anima
1069 798 1167 861 ratio.

95 880 181 945 neiis
202 901 266 944 nnn
289 878 330 943 sit
351 898 370 941 a
392 886 583 961 generante,
607 876 684 939 unio
716 887 823 941 tamen
845 878 991 963 corporis
1023 876 1062 940 ad
1095 898 1167 942 eam

96 973 146 1027 est
166 957 407 1048 quodammodo
429 979 447 1023 a
470 958 669 1041 {generante¹
695 977 725 1033 »3
748 977 821 1021 nam
844 980 1001 1044 generans
1022 958 1178 1044 disponit

96 1064 229 1130 corpus,
244 1053 282 1109 ut
295 1040 558 1105 coniunctionem
580 1059 654 1104 cum
678 1039 785 1104 anima
806 1039 983 1106 secundum
1005 1037 1093 1125 leges
1114 1062 1169 1105 naa

97 1138 191 1192 turae
214 1120 411 1209 expostulet,
432 1130 466 1186 et
486 1122 632 1205 acquirat
649 1124 674 1185 ².
698 1120 862 1198 Quoniam
883 1142 962 1189 reru
985 1144 1025 1186 ax
1048 1123 1168 1188 unione

97 1210 228 1275 animae
249 1206 289 1271 ad
305 1224 423 1291 corpus
445 1202 540 1270 homo
555 1214 605 1268 est
626 1204 733 1280 homo,
756 1203 895 1289 optimo,
915 1205 1099 1289 meritoque
1120 1206 1170 1271 iu=

97 1311 134 1355 re
158 1299 306 1375 parentes
327 1287 492 1352 hominem
515 1306 670 1371 generare
695 1284 868 1361 dicuutur,
891 1286 968 1371 quia
990 1290 1171 1370 generatio

98 1374 150 1437 nis
172 1371 256 1449 finis,
280 1380 317 1435 ut
338 1388 435 1464 saepe
457 1368 658 1445 monuimus,
681 1388 744 1433 non
759 1376 807 1433 eat
822 1365 938 1444 forma,
961 1368 1017 1433 sed
1039 1389 1170 1456 compo-

98 1455 200 1521 ritum
222 1475 264 1517 ex
284 1462 435 1525 materia,
457 1460 490 1513 et
513 1448 631 1514 forma.

141 1536 211 1602 178.
234 1529 398 1601 01εἰίε.20
421 1531 454 1597 Si
477 1551 595 1617 eorpus
627 1550 687 1615 per
719 1531 983 1615 generationem,
1006 1540 1039 1597 et
1061 1532 1170 1597 anima

98 1638 159 1703 per
179 1618 374 1682 creationem
395 1614 512 1690 oritur,
536 1634 637 1677 unum
661 1633 722 1676 non
743 1620 791 1677 est
811 1632 873 1676 esse
892 1611 1045 1677 hominis.
1069 1615 1170 1699 Atqui

98 1719 296 1784 consequens
316 1706 365 1762 est
385 1693 574 1761 absurdum.
597 1696 686 1779 Ergo
719 1695 830 1758 anima
863 1714 922 1781 per
948 1695 1052 1780 ipsam
1076 1716 1171 1779 gene·

99 1783 261 1847 rationem
281 1778 427 1863 corporis
449 1778 566 1845 oritur.
968 1786 970 1791 ·

139 1865 210 1930 179.
234 1864 332 1945 Resp.
357 1860 435 1940 Nep.
459 1861 536 1935 root}
552 1877 636 1923 cone.
657 1857 733 1923 mio.
755 1856 834 1939 Nep.
850 1877 933 1922 conr.
949 1859 1002 1931 Er
1015 1878 1068 1931 eo,
1083 1856 1171 1943 quod

99 1964 220 2041 eorpus
241 1941 583 2029 per'pencrationem,
609 1948 643 2005 et
663 1940 772 2003 anima
801 1959 859 2024 per
880 1941 1076 2005 creationem
1099 1961 1173 2025 pro-

99 2026 255 2103 ducitur,
276 2045 335 2089 esre
356 2023 495 2105 corporis
515 2023 557 2085 ab
579 2041 641 2087 crac
664 2021 789 2093 animae
817 2022 953 2089 minime
976 2031 1169 2108 separatum

100 2130 176 2173 nam
191 2132 208 2171 u
224 2126 336 2173 creans
358 2102 413 2169 dat
432 2125 493 2168 esee
514 2104 641 2168 animae
656 2104 688 2169 in
704 2123 854 2188 corpore,
877 2113 910 2168 et
930 2124 1085 2189 generans
1106 2102 1170 2168 dis·

100 2191 195 2277 ponit
213 2208 333 2273 eorpus
354 2185 394 2249 ad
416 2186 499 2263 hoc,
531 2184 619 2270 quod
652 2184 748 2252 huius
773 2206 836 2251 erre
866 2185 908 2251 sit
930 2188 1092 2272 particeps
1114 2206 1174 2272 per

101 2273 243 2335 animam
264 2268 416 2335 unitam⁸
439 2290 468 2329 ε.

143 2354 213 2419 180.
237 2354 314 2421 inst.
335 2348 444 2414 Unum
463 2368 523 2414 esre
544 2348 686 2415 hominis
708 2346 844 2434 produci
862 2368 925 2421 non
944 2360 1083 2435 potesta
1098 2369 1173 2414 cau.-

102 2436 148 2501 sis
169 2434 318 2499 diversis.
343 2433 441 2514 Ergo.

143 2517 213 2583 181.
231 2517 330 2599 Resp.
349 2513 538 2588 Dictum„
566 2511 592 2574 si
615 2510 690 2575 illae
713 2511 861 2577 diversae
883 2531 1001 2576 causae
1024 2532 1088 2576 non
1111 2513 1175 2579 sint

101 2599 189 2663 iuter
211 2618 245 2662 se
267 2594 445 2669 ordinatae,
467 2613 552 2670 emir.
575 2604 655 2667 ont,
679 2614 785 2669 secus,
807 2614 873 2678 nep.
896 2606 960 2657 not.
984 2593 1064 2675 Nep.
1088 2614 1172 2659 coar.

103 2678 243 2757 Causae,
266 2679 351 2744 inter
372 2696 453 2762 quas
474 2674 583 2754 nutius
598 2674 679 2752 ordo
699 2677 826 2754 existit,
850 2673 1002 2751 eumdem
1024 2674 1175 2753 clientum

475 2808 559 2817 ..α--

100 2874 206 2939 dtffun'o
217 2874 344 2939 quaedum
357 2872 525 2934 concipietur.
540 2866 567 2919 S.
578 2864 610 2919 0.
625 2864 798 2934 congregatio
812 2877 869 2934 ¹tutu
883 2874 916 2924 ub
932 2878 1175 2935 traducianirmum,

101 2954 161 3007 tum
172 2946 208 2995 ob
221 2946 325 3009 aliquas
336 2942 480 3004 doctrinas,
491 2956 558 3005 quur
571 2940 642 3004 prot.
654 2938 811 2994 Lorauicns.
823 2953 982 3010 propugnat,
993 2954 1020 2999 et
1032 2962 1102 3013 qnae
1114 2953 1177 3007 sunt

102 3019 205 3071 nimiter
223 3019 324 3079 aliquot
344 3028 377 3064 ει
400 3022 502 3076 septem
523 3013 767 3081 propositionibus,
791 3031 859 3080 quaa
881 3019 974 3069 eadem
1001 3016 1177 3084 congregatio

102 3094 146 3143 die
167 3089 200 3140 18
220 3094 288 3153 sept.
310 3087 376 3137 iiiut
398 3088 468 3136 houd
486 3094 538 3136 tuto
557 3088 629 3135 nudi
644 3100 721 3149 porra
740 3088 865 3140 iudicarit
883 3084 1008 3160 (ciquuo
1021 3094 1136 3143 diximus
1150 3094 1176 3142 in

102 3163 200 3219 meae,
220 3176 246 3219 ti·
266 3157 290 3223 [ο
309 3171 335 3208 ¹·
357 3160 384 3218 Β,
406 3172 434 3222 Ρ·
453 3158 522 3216 ²¹¹·
544 3162 600 3227 ¹¹⁰².-
625 3157 653 3216 Ξ,
674 3160 727 3209 101·
748 3156 788 3227 l),
809 3166 867 3216 tum
885 3163 919 3213 ob
937 3166 1004 3215 atius
1027 3166 1176 3227 opiniones.

102 3248 171 3301 quus
190 3238 269 3284 cruta
288 3234 393 3289 miuus,
413 3244 493 3295 quam
514 3229 554 3279 iar
572 3234 624 3285 est.
643 3232 761 3295 exponit,
781 3234 900 3285 decrerit
921 3253 932 3282 r
954 3235 1073 3286 inlibris
1093 3235 1178 3300 phito-

102 3306 221 3371 sophicis
246 3318 261 3357 ι
287 3298 403 3355 Geraroo
428 3297 558 3354 casimiro
577 3300 681 3365 Ubaghs
707 3303 837 3357 haetenus
862 3308 889 3357 in
913 3307 1003 3359 lucem
1026 3309 1124 3368 editis,
1150 3312 1178 3358 et

101 3379 261 3446 praesertim
281 3376 308 3426 in
327 3370 433 3439 Lerina,
453 3380 480 3424 et
493 3368 640 3423 Throdicra
661 3374 772 3428 inveniri
792 3378 942 3439 doctrinas,
963 3394 1009 3431 sen
1029 3382 1177 3444 opiniones,

103 3464 175 3519 quaa
194 3450 294 3514 absque
310 3448 431 3511 pertento
450 3446 518 3497 tradi
537 3459 590 3496 nen
609 3454 718 3509 possunt
737 3466 762 3500 ι.
783 3445 819 3503 ct
837 3454 873 3503 ια
897 3452 1006 3506 scama
1024 3469 1037 3506 ο
1056 3455 1082 3517 ρ,
1101 3454 1177 3514 pff,

105 3525 163 3579 rot.
183 3518 262 3581 tari,
282 3532 310 3584 ρ.
331 3518 463 3576 teo-tat,
482 3516 576 3583 Napoii
598 3519 677 3570 1868.
1107 3512 1111 3521 “

141 3598 153 3633 ¹
174 3598 223 3660 Oq.
244 3596 341 3660 timp,
364 3595 402 3643 De
421 3592 492 3650 ror..
512 3606 541 3654 q.
561 3582 608 3649 iti,
628 3607 655 3653 a.
676 3592 692 3659 11
711 3593 744 3645 ad
766 3594 810 3663 19,τ

141 3666 236 3731 ²pu.
256 3666 288 3715 aa
307 3665 335 3730 a„
348 3663 404 3702 -ε
422 3664 487 3715 rou.
507 3664 540 3716 aa
559 3662 605 3722 ao.
