2475 3909
485 142 759 192 anrunonnaottta
1057 119 1119 187 ffi'l

82 222 130 288 sis
152 226 275 309 pausis,
297 244 380 308 quas
402 227 548 293 evolutio
570 226 751 292 embrionis
780 222 913 289 humani
936 222 1025 299 lacit,
1051 223 1158 307 prole-

84 317 138 369 cto
160 327 223 370 uua
250 308 376 390 species
400 307 431 373 in
455 309 554 374 aliam
589 316 799 373 transmutata
823 304 931 382 soret,
954 306 1157 402 proindeque

86 386 181 470 ipsae
203 385 388 465 mutabiles,
410 412 475 454 non
497 412 575 455 vero
597 391 681 455 lirae
705 400 738 455 el
759 389 910 453 immotae
933 386 1089 452 dicendae
1112 409 1160 451 es·

84 478 158 533 sent
173 469 196 530 ¹.
220 472 321 615 Attpui
345 471 406 535 boo
428 474 563 538 omnino
591 479 775 557 repugnat3
798 469 889 553 qnia,
912 490 987 537 curn
1009 466 1157 533 diversae

85 550 213 643 species
235 549 419 616 beluarum
453 554 496 617 nb
527 556 672 640 aliquam
696 551 927 650 proprietatem
954 552 1159 616 essentialem

84 630 251 709 drlleraut,
273 634 512 700 admittendum
536 637 622 702 loret
647 645 802 699 essentias
830 654 941 697 rerum
964 654 1033 697 esse
1057 644 1160 696 muta·

87 712 193 777 biles:
217 727 385 799 praeterea
406 719 632 802 experientiae
654 716 861 789 contradicit,
884 714 976 799 quia,
999 716 1046 778 uti
1064 734 1081 776 a
1097 714 1161 779 Cn-

87 796 197 861 sierio
219 796 474 863 demonstratum
497 803 594 875 θεῖ’,
616 800 742 885 species
767 797 948 862 belluarum
970 798 1004 860 in
1037 795 1160 860 cunctis

87 880 275 961 praeteritis
305 880 466 945 aetatibus
498 881 633 947 eaedem
663 880 818 955 luerunt,
841 900 878 943 ac
900 899 984 942 nunc
1009 889 1105 952 sunt,
1129 886 1161 941 et

85 961 300 1035 mutationes,
322 983 408 1047 quae
430 962 472 1026 ob
494 965 686 1031 varietatem
709 961 806 1038 coeli,
829 961 975 1046 aliasque
991 980 1103 1025 causas
1127 962 1161 1023 in

86 1039 136 1103 eis
157 1038 248 1119 liunt,
272 1064 335 1106 non
357 1054 444 1119 sunt,
469 1046 532 1110 nisi
556 1048 750 1118 exteriores,
773 1054 805 1109 et
818 1042 1045 1111 accidentales.
1069 1043 1160 1139 Ergo

85 1118 233 1187 diversas
255 1128 379 1209 species
400 1127 593 1193 animalium
614 1129 695 1192 oriri
720 1148 781 1190 non
805 1127 948 1211 potuisse
971 1146 1012 1189 ex
1035 1144 1157 1272 pausis,

85 1222 170 1351 pppns
189 1205 336 1353 ppplutio
357 1206 536 1274 embrionis
557 1210 690 1275 bumani
714 1208 814 1283 lacit,
838 1226 898 1293 pro
930 1220 1019 1273 certo
1063 1205 1161 1272 aben·

359 1414 426 1468 bar.
444 1416 477 1467 ll.
490 1441 527 1457 -
539 1414 680 1470 lielellltor
700 1419 894 1470 emanatismus

130 1518 200 1585 toa.
225 1518 482 1585 vetustissimam
516 1523 648 1588 illorum
681 1524 896 1607 opinionem,
922 1522 978 1617 qui
1006 1522 1162 1586 Numinis

87 1600 232 1685 supremi
254 1603 425 1668 essentiam
442 1624 501 1688 per
515 1606 718 1679 universum,
734 1605 773 1670 ad
787 1604 914 1669 animae
931 1612 1044 1677 instar,
1060 1600 1163 1667 dillu-

89 1704 159 1747 sam
183 1680 350 1766 putabant,
372 1695 471 1767 atque
494 1685 570 1751 inde
593 1688 709 1753 mentis
731 1698 859 1754 nostrae
881 1684 1043 1769 originem
1058 1682 1159 1749 dedu·

87 1762 207 1830 cebant
227 1762 407 1830 declarasse
428 1765 561 1834 videtur
577 1768 787 1856 Pythagoras.
803 1768 853 1833 Ex
868 1767 963 1831 cuius
991 1768 1161 1846 sententia,

89 1846 178 1910 Deus
192 1854 241 1911 est
255 1846 344 1911 velut
358 1848 479 1921 aether,
494 1852 552 1934 qui
570 1871 628 1936 per
640 1872 753 1916 omnes
768 1848 881 1914 mundi
902 1857 1009 1932 parles
1023 1847 1161 1915 dillusus

88 1930 238 1994 omnium
268 1929 367 1993 vitatu
382 1976 392 2008 ,
407 1942 597 2017 motumque
615 1932 798 2007 constituit,
812 1940 910 2014 alque
924 1950 966 1993 ex
981 1929 1037 1994 illo
1058 1932 1163 1996 aelbe-

90 2032 127 2074 re
143 2010 287 2093 carpitur
302 2009 422 2084 anima,
445 2034 530 2096 quae
553 2013 691 2099 preinde
714 2014 852 2079 Divinae
879 2022 1015 2077 naturae
1033 2032 1163 2078 consors

91 2101 141 2156 est
155 2093 179 2154 ⁸.
203 2092 390 2158 Secundum
412 2094 603 2172 Platonem,
626 2098 755 2161 animae
778 2093 954 2161 rationales
974 2115 1016 2160 ex
1040 2092 1161 2161 Divina

91 2175 205 2241 Mente
227 2175 365 2240 effluunt
386 2197 445 2261 per
466 2178 609 2242 animam
631 2176 839 2252 mundanam,
862 2194 960 2273 quarn
984 2186 1090 2239 tamen
1108 2177 1163 2241 ille

92 2254 163 2320 lleo
185 2256 319 2341 quidem
341 2258 501 2332 similem,
524 2259 581 2324 sed
604 2256 644 2323 ab
667 2258 738 2344 ipso
760 2258 829 2324 Deo
851 2257 1037 2329 discretam,
1060 2267 1094 2323 et
1114 2279 1164 2323 se·

92 2347 236 2423 paratam
259 2338 430 2404 admisisse
444 2341 575 2408 videtur
589 2341 614 2403 ⁶.
631 2343 674 2405 tt
687 2341 788 2407 Stoici
806 2341 908 2437 ipsam
925 2338 984 2401 Dei
1001 2350 1162 2414 naturam,

92 2419 183 2485 velut
204 2421 336 2486 vitalem
360 2421 482 2505 ignem,
506 2444 567 2507 per
589 2421 777 2489 universnm
799 2418 952 2485 drll'usam
967 2439 1050 2496 esse,
1066 2430 1163 2503 atque

91 2522 136 2565 ex
157 2521 208 2577 ea,
230 2512 397 2587 tamquam
418 2524 436 2567 e
460 2503 548 2569 lonte
571 2501 727 2601 quodam,
750 2503 875 2569 animas
890 2511 1016 2566 nostras
1033 2502 1161 2567 hauriri

91 2587 340 2649 asseruerunt⁵.
364 2584 590 2682 Neoplatnnicr
613 2606 656 2650 ex
679 2586 774 2662 Uno,
802 2584 871 2649 siva
894 2580 962 2647 Deo
987 2582 1165 2665 lrrlellr'pcrr-

91 2665 196 2739 tiom,
217 2675 373 2749 quaeest
394 2668 596 2753 principium
618 2668 767 2732 omnium
788 2667 977 2752 spirituum
1000 2685 1043 2729 ex
1068 2665 1162 2730 Intel-

90 2746 223 2829 lipentr'o
242 2758 351 2812 autem
373 2747 512 2813 unimam
534 2748 761 2825 universalem,
784 2754 938 2832 quaeest
959 2746 1163 2831 principium

91 2830 240 2892 omnium
261 2829 445 2893 animarum
468 2831 720 2917 particularium
748 2848 940 2916 promouere
969 2826 1161 2893 docuerunt.

93 2908 219 2975 Deinde
241 2912 384 2975 animam
408 2912 582 2976 humanam
603 2932 643 2975 ex
666 2911 786 2976 Divina
809 2910 987 2977 substantia
1010 2930 1163 2975 emanare

92 2990 157 3056 rati
179 3002 255 3057 sont
268 2990 464 3069 Manichaei,
479 3005 513 3061 et
525 2993 810 3071 Priscillianistae,
831 3002 953 3058 veteres
967 2991 1124 3056 haeretici
1139 2995 1163 3065 ⁸,

132 3186 143 3225 ¹
161 3184 217 3237 lloe
236 3187 372 3238 doctrinae
391 3202 455 3238 roae
474 3188 646 3237 corollarium
667 3188 810 3238 adversarii
830 3202 882 3238 nun
901 3188 1031 3239 abnuunt.

129 3258 237 3321 ²llpml
257 3258 395 3319 lllourens,
418 3262 509 3311 cuoier
527 3264 594 3317 ete„
616 3276 643 3310 n.
664 3260 729 3310 29¹.

131 3326 198 3382 ‘Cl
214 3326 284 3390 Cic„
307 3334 345 3382 llo
361 3340 419 3382 not.
440 3334 534 3391 Dece,
554 3332 601 3382 lib.
625 3328 645 3389 l,
665 3347 691 3382 c.
715 3332 759 3381 ll.

130 3400 142 3439 Ι
161 3398 198 3455 (ΖΙ
213 3397 352 3467 Cbaignet,
373 3406 412 3455 Da
430 3406 458 3454 lo
474 3404 637 3468 papebolople
656 3406 687 3457 dr
707 3404 811 3463 Platon,
831 3417 857 3465 p.
874 3400 895 3462 Ι,
910 3416 936 3453 o.
951 3402 980 3461 3,
994 3408 1010 3465 ⁸
1024 3401 1051 3463 2,
1067 3416 1094 3466 p.
1114 3402 1163 3453 lib

93 3489 156 3538 sqq,
178 3472 250 3524 Paris
274 3474 353 3525 teor.
373 3476 433 3512 -5
452 3469 491 3526 C!
503 3472 574 3535 cle..
594 3477 645 3540 Op.
666 3480 721 3533 eit„
741 3476 789 3525 llll.
812 3470 856 3534 ΙΙΙ,
876 3489 902 3525 o.
926 3474 970 3525 ΙΙ.

93 3540 335 3681 ad⁸clgrlnsmbpgp
346 3548 524 3681 goffia?
540 3550 601 3608 tto,
622 3548 668 3601 lib.
684 3546 743 3609 llll,
763 3562 789 3600 s.
807 3549 832 3609 t,
846 3552 873 3599 at
893 3550 988 3601 Contra
1007 3548 1167 3599 mandacium
