2475 3909
188 135 247 204 idi
581 152 783 205 cosnosocra

145 261 242 306 causa
263 240 334 305 eins
355 239 399 308 sit
419 239 555 316 occulta3
576 237 611 304 2⁰
635 241 726 306 utin
748 261 796 315 re,
819 240 940 325 inqua
962 237 1009 316 lit,
1032 237 1164 326 aliquid
1189 241 1217 305 i·

102 405 106 414 ,
145 323 196 408 psi
219 343 401 407 repugnans
421 343 489 388 esse
504 333 652 424 putetur.
675 323 743 386 lam
763 332 936 407 utrumqne
959 321 1086 388 duobus
1106 322 1214 388 modis

145 406 331 490 contingere
353 415 466 489 potest.
491 405 619 469 Etenim
646 424 743 469 eausa
769 416 926 479 eventus,
948 426 1048 489 quem
1069 403 1215 470 admira·

145 507 236 562 mur,
258 487 308 552 ael
330 499 378 552 est
397 487 522 553 occulta
549 487 715 550 secundnm
736 507 779 563 se,
801 487 944 562 honest,
966 485 1156 562 eiusmodi,
1179 503 1215 552 nt

145 587 258 634 omncs
280 569 387 645 lateat,
405 569 453 634 vel
467 568 592 634 occulta
610 569 710 654 pnood
730 587 796 644 nos,
818 569 878 634 hoo
900 582 960 644 est,
982 569 1163 644 eiusmodi,
1179 581 1213 634 ut

145 650 302 734 quosdam
323 651 426 715 solum
453 649 560 717 lateat.
585 649 664 716 ltem
681 651 713 714 in
728 663 969 735 eventuqnem
990 653 1211 724 admiramur,

145 732 195 797 vel
218 753 293 800 vcra
314 743 363 799 est
387 732 509 818 aliquid
536 753 720 818 repugnans
747 733 781 797 in
806 755 864 810 re,
887 732 927 798 ad
956 755 1052 818 qnam
1074 747 1215 799 eventus

145 815 296 900 pertinet,
316 817 365 880 vel
388 823 522 962 apparet
541 835 623 890 esse,
644 813 722 879 dum
744 837 820 880 vere
842 828 983 885 nonest.
1006 818 1039 884 Si
1061 837 1166 881 causa
1183 838 1213 880 a

146 907 270 974 ventus,
292 917 387 995 quem
409 919 427 962 a
452 898 623 972 miramur,
645 906 694 964 est
714 897 880 962 secundnm
901 919 931 961 sc
953 899 1092 974 occulta,
1116 911 1213 995 atque

146 977 179 1041 in
201 999 259 1056 re,
282 999 368 1044 circa
389 1000 488 1126 apuam
510 979 579 1066 ipsa
602 990 760 1057 versatur,
784 991 833 1046 est
853 982 1016 1047 contraria
1039 981 1213 1066 dispositio

146 1059 186 1122 ad
208 1059 314 1144 ipsum
336 1081 394 1147 pro
419 1059 590 1137 nuendum,
613 1072 747 1129 eventus
772 1074 821 1129 εει
843 1062 942 1139 illud,
964 1063 1053 1149 quod
1074 1065 1215 1128 ennoea·

145 1140 211 1204 inm
232 1153 378 1220 vocatum
400 1143 477 1228 qnia
500 1143 600 1219 Deus,
622 1144 745 1231 quippe
759 1145 816 1228 qui
834 1145 867 1209 in
887 1145 978 1210 redas
999 1143 1160 1211 omnibns
1173 1167 1215 1209 se-

145 1224 313 1289 cretissimo
334 1237 498 1312 operatur,
514 1237 563 1291 εει
583 1246 680 1291 causa
701 1227 927 1305 occnlts'sn’sac,
947 1238 981 1293 et
999 1230 1214 1294 remotissimo

145 1310 297 1374 constris
322 1307 483 1386 ansaldus,
505 1320 536 1374 at
561 1327 600 1372 ue
627 1308 699 1393 ipae
727 1318 850 1375 tantum
877 1311 912 1375 in
945 1308 1043 1376 rebus
1074 1313 1212 1396 operari

146 1398 249 1475 potest
262 1389 398 1475 aliquid,
414 1390 455 1455 ad
468 1411 512 1537 pp
571 1410 621 1454 res
635 1411 699 1456 non
713 1403 787 1458 sunt
807 1413 880 1456 com
904 1404 1023 1458 cratae.
1040 1394 1099 1460 Sin
1114 1414 1214 1459 causa

144 1483 278 1539 eventus
299 1491 363 1536 non
387 1473 475 1537 omni
499 1494 549 1547 as,
572 1471 629 1536 sed
649 1472 845 1558 quibusdam
888 1485 1032 1541 umtnxat
1046 1477 1090 1542 sit
1103 1476 1212 1542 occul-

146 1564 188 1631 ιε,
212 1575 314 1640 neque
337 1554 369 1618 in
392 1576 427 1620 re
449 1555 492 1621 sit
518 1553 666 1640 aliquid,
688 1555 775 1642 quod
798 1557 830 1622 ei
852 1577 929 1622 vere
950 1567 1134 1643 repugnat,
1158 1557 1211 1624 sed

143 1635 248 1782 soalbupi
269 1635 445 1758 secundmp
467 1639 657 1723 opinionem,
681 1659 738 1704 scu
759 1649 971 1724 apparenter,
990 1639 1128 1707 effectus
1153 1643 1212 1704 ssi-

143 1737 162 1781 r
201 1719 255 1784 s's‘s
275 1727 408 1786 vocatur
438 1768 446 1782 .

347 1849 414 1900 itas.
436 1846 505 1902 Vlli.
521 1875 554 1885 -
568 1845 604 1898 lla
624 1850 813 1902 miraculorum
833 1852 1006 1914 possibilitate

185 1957 254 2024 15t.
277 1953 512 2023 Miraouloruru
533 1952 778 2041 possibilitatem
801 1963 919 2100 repant
938 1975 1052 2018 omncs
1073 1955 1129 2032 ii,
1153 1958 1207 2042 qui

144 2039 187 2104 ob
207 2039 381 2115 diversam,
405 2046 440 2104 ut
460 2034 605 2102 diximus
619 2038 645 2112 ²,
661 2037 821 2102 rationem
855 2059 932 2124 eges
953 2046 1092 2102 naturae
1115 2037 1209 2103 abso·

143 2121 209 2189 luta
232 2122 439 2196 necessarias,
462 2126 495 2183 et
516 2118 731 2185 immutabiles
752 2139 821 2184 esse
842 2129 962 2186 tenent.
976 2117 1045 2184 Nec
1068 2120 1138 2186 alia
1160 2131 1206 2186 εει

144 2205 258 2292 opinio
284 2201 593 2277 Rationalistarum3
616 2222 691 2266 nam
713 2201 776 2286 ipsi
799 2201 1090 2266 comminiscuntur
1122 2201 1204 2268 hand

144 2284 297 2372 possibile
318 2305 388 2351 esse
409 2294 444 2352 ut
465 2281 566 2358 lacta,
586 2303 671 2368 quae
697 2281 826 2381 legibus
847 2283 1051 2368 experientia
1072 2285 1207 2349 univer·

143 2370 204 2433 sim
225 2367 402 2454 exploratis
422 2364 644 2442 adversantur,
663 2374 862 2451 contingant,
876 2377 909 2432 et
924 2364 999 2430 ideo
1019 2367 1135 2431 omnia
1150 2367 1207 2431 mi·

144 2450 269 2528 raouln,
284 2470 366 2569 qupe
388 2450 503 2516 Sacrae
525 2447 665 2514 Litterae
685 2456 829 2526 narrant,
842 2447 944 2515 veluti
958 2447 1087 2537 mythos
1110 2449 1207 2514 inter·

145 2545 314 2620 pretantur
343 2580 350 2596 .

480 2645 818 2662 W

181 2700 190 2736 ¹
209 2695 267 2750 Non
285 2697 380 2748 dosunt
398 2696 487 2748 notae,
506 2688 601 2754 quibas
614 2687 743 2737 miracula
756 2685 810 2737 reri
829 2683 971 2734 nominisa
991 2682 1162 2734 mirabilinns
1173 2683 1210 2731 di·

144 2778 309 2822 scernantnr.
328 2764 435 2820 Etenim
453 2763 498 2813 ilia
517 2761 550 2812 ab
569 2759 625 2811 istis
642 2757 767 2820 distingui
786 2761 896 2822 possunt
914 2768 966 2805 non
984 2755 1071 2804 sotum
1091 2767 1128 2806 es
1139 2769 1211 2805 com·

145 2845 278 2908 paratione
296 2845 439 2892 eventuum
457 2847 520 2886 cum
538 2833 682 2895 exploratis
700 2834 810 2880 naturae
828 2829 945 2892 legibus,
964 2827 1010 2878 sed
1028 2829 1115 2877 etiam
1136 2827 1166 2877 ιο
1179 2841 1210 2877 ει

145 2918 268 2981 ingenio,
289 2913 428 2976 indutaque
447 2909 524 2964 eins,
543 2903 590 2970 qui
608 2904 768 2954 miraculum
794 2906 940 2965 operatur,
960 2913 1026 2951 num
1043 2901 1079 2948 sit
1098 2901 1210 2964 pietate,

144 2991 280 3053 animique
299 2983 457 3037 demissione
476 2977 604 3041 insignis,
624 2989 727 3034 necne,
747 2973 778 3024 2⁰
796 2985 831 3024 ex
849 2974 928 3024 modo
945 2971 1083 3036 operandi,
1105 2971 1209 3023 scilicet

146 3077 211 3114 num
229 3061 319 3111 omnia
329 3093 338 3119 ,
357 3067 426 3122 qnae
452 3050 612 3102 miraculum
631 3047 865 3105 concomitantnr,
885 3045 1021 3096 redoleant
1040 3043 1209 3109 religionem,

142 3137 314 3201 grantatem,
334 3134 361 3182 ct
380 3126 553 3182 modestiam,
572 3121 692 3186 nihilque
711 3118 903 3183 superstitiosi,
922 3122 949 3168 et
969 3117 1074 3168 rldlenll
1097 3130 1165 3180 prae
1183 3130 1210 3168 sa

144 3210 242 3262 taranta
262 3205 292 3257 3⁰
310 3201 491 3255 astinenum
509 3195 608 3259 oparn,
629 3199 687 3245 tum
705 3191 851 3256 operantis,
870 3190 923 3242 hoo
940 3195 992 3248 est,
1005 3204 1070 3241 num
1089 3202 1161 3254 opus
1178 3189 1210 3240 ad

145 3279 249 3332 cnitnm
262 3275 308 3328 ital
322 3269 541 3340 promovendum,
554 3265 747 3330 nominumque
759 3263 840 3314 corda
854 3275 948 3315 amora
959 3259 1007 3314 ilci
1019 3262 1210 3314 inita-mama

143 3357 256 3415 spectet,
275 3355 302 3400 at
320 3361 386 3399 num
403 3355 516 3408 operans
533 3339 648 3404 gloriam
663 3335 712 3390 Dei
729 3337 808 3388 unice
820 3341 942 3401 quaerat,
955 3348 991 3386 an
1001 3336 1144 3400 propriam
1155 3336 1209 3399 gio-

144 3425 224 3480 rtsm,
243 3427 270 3472 et
289 3423 392 3472 tucrum
411 3417 570 3477 aucupetur,
591 3411 621 3462 t⁰
638 3424 671 3462 aa
689 3411 862 3474 praestantis,
882 3412 911 3459 et
926 3407 1067 3459 duratione
1084 3405 1209 3466 ederus,

146 3495 208 3555 quta
225 3506 306 3555 opera
324 3491 371 3542 ilai
390 3495 451 3541 snnt
469 3487 557 3542 tirma,
577 3483 772 3548 praestigiaqne
791 3482 845 3532 cito
863 3485 1036 3533 evanescunt.
1055 3473 1094 3532 Gt
1108 3475 1208 3531 Benct.

148 3559 219 3620 xiv,
239 3567 287 3625 Op.
310 3566 364 3622 ott..
385 3561 431 3612 itt.
453 3555 498 3616 ill,
518 3569 544 3607 c.
565 3555 592 3606 l.
608 3555 665 3594 -2
685 3554 748 3620 Psg.
770 3555 821 3605 tiis
840 3567 881 3620 sq.

182 3631 194 3708 .³
212 3629 312 3684 dorum
331 3635 481 3686 commenta
500 3629 527 3682 in
545 3641 629 3682 ιιιιιιιιι
647 3629 756 3697 collegit
774 3623 891 3694 Strams,
909 3627 955 3683 Υιε
972 3627 1004 3680 do
1020 3624 1119 3686 tlsss,
1139 3625 1208 3676 trad.
