2475 3909
124 147 185 216 iil
518 165 719 216 cesuonours

79 251 278 334 primarius,
301 259 334 318 et
363 249 561 315 secundarios
594 249 692 333 vulgo
719 247 935 334 distinguunt.
956 247 1034 312 Illae
1059 255 1156 324 suut,

81 329 354 427 quemadmodum
377 332 517 400 Locirius
538 332 596 408 ait,
611 332 763 409 soliditas,
785 331 933 407 extensio,
954 331 1067 427 pipare,
1081 348 1159 393 mo-

83 426 147 511 tus,
171 435 269 501 poros,
284 426 310 479 et
324 435 471 480 uumerus
486 415 511 490 *ς
528 413 608 480 istae
630 423 739 480 autem
752 413 932 480 consistunt
953 433 987 476 rn
1007 407 1159 496 quadam

59 577 62 585 y
84 518 129 572 vr,
151 517 215 582 qua
237 497 413 583 primariae
437 494 570 582 poliant,
591 495 790 582 producendi
811 495 845 558 in
867 495 974 560 animo
994 493 1159 558 sensatio-

83 598 152 656 ncs,
173 599 201 643 e.
220 598 250 662 g.
265 625 275 657 ,
292 579 415 656 colores,
439 597 575 662 sapores,
596 578 702 644 odores
724 588 786 644 etc.
807 576 875 642 lam
897 578 932 641 in
953 573 1156 653 definiendo,

83 671 192 724 utrum
213 655 273 725 bae
297 660 510 746 proprietates
531 660 653 746 reipsa
676 661 881 726 inveniantur
895 659 930 723 in
943 655 1157 743 corporibus,

83 743 93 806 i
121 742 146 804 si
170 739 262 808 valde
285 743 369 808 inter
396 763 429 808 se
450 740 617 807 dissident.
641 741 821 817 Nonnulli,
844 742 927 806 iuter
954 759 1035 826 quos
1059 737 1160 802 idem

111 823 247 902 eckius,
270 823 387 891 docent
412 823 583 911 qualitates
610 826 785 909 primarias
810 844 879 888 esse
901 820 1076 898 obiectione,
1097 841 1160 884 se·

83 904 257 970 cundarias
277 919 385 973 autem
407 927 476 972 esse
496 905 692 982 notorious,
713 926 830 991 nempe
852 904 954 969 animi
976 903 1077 969 nostri
1099 899 1161 966 af-

83 987 252 1066 iectiones,
274 988 393 1073 quibus
415 987 496 1053 nibil
518 989 627 1054 simile
650 992 683 1053 in
705 1007 841 1073 corpore
862 985 1044 1071 respondet.
1066 983 1158 1063 Alii,

84 1068 272 1154 intorques
293 1065 516 1156 Berkelepus,
540 1090 652 1135 omnes
673 1071 845 1156 qualitates
868 1067 1060 1154 primarias,
1082 1089 1160 1133 non

85 1169 176 1216 secus
198 1172 236 1214 aa
258 1153 488 1229 secundariae,
512 1173 581 1216 esse
604 1152 789 1218 subiectione
811 1149 1030 1225 contendunt,
1052 1158 1160 1244 atpue

83 1232 160 1296 inde
183 1231 390 1298 idealismum
413 1233 585 1299 eliciuut¹.
609 1234 794 1301 Leibnitins
816 1233 958 1317 denique
972 1233 996 1309 ⁸,
1015 1231 1162 1299 Gaure-

83 1317 155 1379 rius
169 1316 195 1390 ⁴,
212 1315 335 1402 aliique
359 1336 422 1380 non
445 1317 548 1381 solum
571 1317 743 1401 qualitates
765 1315 950 1402 primarias,
972 1312 1163 1380 sedetiam

82 1395 294 1462 secundariae
316 1417 385 1464 esse
408 1399 510 1464 reales
532 1399 718 1477 voluerunt,
740 1410 836 1486 atque
859 1395 941 1472 istis,
964 1393 1094 1481 perinde
1113 1416 1161 1462 ac

84 1477 163 1554 iliis,
186 1477 314 1564 aliquid
336 1479 441 1546 simile
464 1482 498 1546 iu
521 1502 658 1567 corpore
673 1483 869 1570 respondero
891 1478 1037 1545 arbitrati
1059 1489 1158 1544 sunt.

123 1560 177 1628 7³.
193 1559 282 1637 Quid
304 1560 345 1648 de
365 1563 423 1628 bac
443 1565 665 1631 controversia
685 1565 889 1632 sentiendum
907 1562 962 1638 sit,
978 1562 1021 1627 ita
1041 1557 1162 1629 breri-

82 1650 133 1709 ter
155 1641 368 1709 declaramus.

126 1722 160 1790 1⁰
180 1723 314 1790 Certum
340 1734 389 1791 est
409 1727 649 1812 proprietates,
670 1748 754 1814 quae
777 1750 796 1792 a
816 1722 1003 1792 recentibus
1029 1725 1162 1809 prima-

82 1805 153 1872 riae
169 1807 384 1892 appellantur,
399 1828 466 1873 esse
480 1808 595 1884 reales,
613 1811 681 1876 sire
704 1811 784 1879 tales
799 1809 832 1874 in
847 1807 1053 1894 corporibus,
1068 1826 1161 1890 qua-

83 1887 130 1954 les
152 1910 170 1954 a
192 1889 285 1954 nobis
306 1902 557 1975 cognoscuntur.
582 1891 714 1958 Etenim
737 1891 953 1979 proprietates
976 1889 1161 1976 primariae

83 1968 210 2056 aliquid
231 1968 407 2050 denotant,
428 1994 494 2059 quo
515 1976 662 2039 extensio
686 1977 719 2039 in
741 1993 877 2059 corpore
902 1970 1159 2051 determinatur,

83 2054 256 2137 quiscum
277 2055 457 2138 quantitas,
479 2064 549 2121 tum
570 2055 686 2140 figura,
709 2067 778 2123 tum
799 2056 893 2131 situs,
916 2064 985 2119 tum
1007 2052 1158 2138 denique

84 2147 191 2202 motus
214 2135 434 2200 extensionem
448 2136 604 2203 exhibent
622 2138 758 2204 dirersis
772 2136 876 2203 modis
890 2135 1156 2201 determinatam.

83 2216 184 2301 Atqui
206 2215 354 2282 extensio
378 2219 411 2280 in
433 2240 580 2306 corpore,
597 2222 646 2286 uti
669 2216 880 2297 ostendimus,
895 2227 943 2282 esi
965 2216 1072 2294 realis,
1087 2215 1159 2284 boc

83 2310 142 2376 mi,
165 2296 248 2376 talis,
264 2297 370 2383 qualis
393 2319 410 2364 a
433 2299 526 2367 nobis
547 2303 763 2388 cognoscitur.
780 2301 869 2386 Ergo
889 2299 1061 2384 qualitates
1082 2301 1158 2383 pri-

85 2381 209 2448 mariae
232 2399 361 2466 quoque
384 2393 459 2448 sunt
480 2384 599 2462 reales,
626 2404 739 2470 nempe
762 2383 858 2460 tales,
880 2382 992 2467 quales
1014 2403 1032 2445 a
1053 2379 1155 2448 nobis

85 2472 335 2548 cognoscuntur.

121 2621 132 2662 Ι
149 2627 227 2676 lissei
240 2625 318 2689 pilii„
331 2628 400 2682 ets..
415 2621 461 2672 lib.
476 2618 510 2680 ii,
525 2637 550 2672 c.
564 2621 591 2680 8,
606 2621 708 2682 59-31.
729 2619 846 2676 Diximus
864 2628 1001 2677 amodum
1020 2627 1156 2689 bordin,

82 2699 145 2764 qaia
165 2697 209 2747 aiii
228 2697 338 2748 dirersis
357 2695 441 2746 modis
462 2693 519 2745 iiius
539 2701 707 2746 enumerant.

121 2768 138 2806 ²·
153 2765 308 2832 Gsiiuppius
329 2766 432 2838 (suppio
444 2769 494 2833 fit..
512 2768 556 2816 lib.
573 2763 618 2825 iv,
634 2783 660 2818 o.
675 2769 703 2826 4,
717 2765 802 2834 sii),
817 2771 894 2820 cuins
907 2771 1066 2821 metentium
1079 2762 1158 2823 Sele-

84 2847 157 2894 setus
176 2836 242 2910 (sid.
259 2843 326 2892 Diot.
340 2843 405 2906 phil.
420 2846 471 2890 art.
486 2835 603 2907 idatiirs)
617 2853 703 2903 nuper
714 2841 841 2903 telendit,
856 2839 1002 2907 Berkeieyo
1020 2847 1160 2896 consessit

84 2928 179 2966 omnes
198 2913 384 2978 proprietates,
405 2925 472 2977 ques
492 2923 538 2962 uos
557 2913 663 2975 corpori
682 2913 833 2973 tribuimus,
853 2929 906 2965 non
925 2916 997 2965 aliud
1015 2928 1083 2973 esse,
1099 2919 1158 2970 nisi

85 2989 247 3040 sensatioues
267 2993 380 3044 nostras,
395 2983 491 3049 quibus
504 2996 545 3033 res
559 2985 720 3034 extrinsecus
732 2985 850 3036 obiectes
863 2987 1008 3046 induimus.
1020 2987 1065 3037 sed
1079 2987 1160 3040 idea-

83 3061 193 3112 iismnrn
212 3059 272 3110 iotis
292 3057 414 3110 concludi
439 3069 514 3119 posse
538 3058 653 3119 negarit.
674 3053 722 3108 Ast
741 3071 890 3122 perperam.
908 3056 988 3118 Nam,
1007 3074 1156 3124 corporum

84 3139 207 3186 naturam
228 3131 333 3182 nonnisi
351 3142 384 3182 ox
402 3141 495 3179 eorum
515 3129 719 3191 proprietatibus
737 3143 895 3194 cognoscere
914 3145 1064 3195 possumns;
1083 3148 1158 3198 qna·

84 3211 202 3270 propter,
222 3205 243 3254 si
263 3207 377 3254 eunome
402 3203 578 3264 proprietates
602 3215 744 3263 corporum
770 3217 822 3254 non
842 3209 904 3254 suut
921 3206 989 3255 teies
1007 3206 1102 3268 qualos
1124 3209 1156 3260 in

85 3279 238 3342 corporibus
250 3290 266 3326 ι
280 3275 355 3326 nobis
367 3279 572 3338 cognoscunturs
588 3275 800 3325 concludendum
819 3282 860 3328 est
879 3289 927 3327 nos
945 3281 1071 3328 nstunrn
1089 3291 1157 3328 eor-

83 3363 179 3414 porum
198 3350 330 3414 ignorare,
351 3361 383 3398 eo
403 3347 511 3410 proinde
537 3345 689 3397 ideeiismus
715 3343 868 3415 berkoieyi,
888 3351 943 3401 sire
962 3350 1156 3412 soeptioistuns

85 3424 158 3472 eires
177 3422 300 3472 solentius
319 3433 409 3471 rarum
429 3420 591 3470 naturalium
611 3419 790 3469 admittendus
808 3426 861 3472 est.

122 3492 134 3528 ⁸
152 3495 186 3542 Ν.
201 3495 244 3549 E„
265 3493 311 3542 lib.
333 3487 366 3552 ii,
387 3506 413 3542 e.
428 3493 456 3542 8.
470 3487 526 3556 Qus
548 3491 574 3538 in
593 3503 622 3539 re
641 3487 785 3543 Leibnitins
804 3491 1004 3562 monadoiogiap
1016 3505 1080 3543 snae
1092 3495 1156 3557 pia-

87 3565 148 3616 citis
168 3575 260 3622 parum
280 3564 410 3613 oobaesii.

122 3631 134 3674 ⁴
154 3633 240 3687 artas
258 3635 288 3684 ds
305 3635 465 3700 Pepooiopia
485 3633 531 3685 lib.
554 3631 576 3695 l,
596 3647 622 3688 o.
645 3634 670 3696 i,
690 3644 757 3689 sest.
771 3637 799 3698 2,
820 3643 835 3700 s
853 3637 881 3698 4,
901 3633 973 3690 Paris
995 3634 1074 3689 tuot.
