2475 3909
466 173 697 222 nmaurnorns
1016 154 1075 222 135

66 268 147 324 auor
167 257 279 324 cirtote'
307 258 562 342 cognoscitiuorh
592 261 691 358 Atqui
721 255 923 334 intellectus,
953 257 1012 322 etsi
1042 278 1116 322 cnm

65 362 187 428 corpore
208 345 437 427 coniungatur,
458 351 562 406 tamen
586 351 728 409 actiones
742 361 815 405 suas
830 337 899 403 sine
913 337 980 403 ullo
995 359 1116 426 organo

65 444 209 511 corporeo
231 434 370 490 exercet.
394 423 481 508 Ergo
503 421 679 489 dicendum
700 432 750 489 est
769 421 825 502 id,
851 419 938 506 quod
963 421 997 485 in
1018 421 1117 488 nehus

65 505 97 570 ad
117 508 283 572 materiam
306 506 465 592 pertinet,
487 527 504 570 a
528 505 738 573 facultatibus
765 503 1002 582 sentientibus,
1031 525 1117 601 qnae

65 590 226 672 organicae
247 599 335 666 sunt,
357 586 566 675 apprehendi,
591 587 632 654 ah
654 586 818 653 intellectu
840 595 966 663 autem,
990 607 1048 671 qur
1069 594 1120 652 est

66 667 191 736 lacnltas
214 673 287 737 inor
310 672 423 742 anica,
449 691 554 756 neque
581 671 752 736 materiam
775 672 809 735 in
830 667 928 734 rebus
950 669 1115 754 cognosci,

65 771 158 836 neque
179 689 317 838 aliquid,
340 751 425 836 quod
446 772 488 817 ex
511 755 648 819 materia
669 749 758 830 duit,
782 749 834 816 sed
858 759 982 816 tantum
1004 770 1117 815 earum

63 836 226 900 essentiam
249 836 440 902 abstractam
462 855 481 898 a
503 836 650 912 materia,
666 842 699 899 et
712 831 953 911 conditionibus
967 834 1119 898 materia·

63 915 151 981 libus.
174 917 302 984 Exinde
324 926 411 1004 patet
432 915 633 983 intellectum
660 936 853 1002 cognoscere
876 935 936 993 ea,
960 935 1043 1000 qnae
1065 934 1118 980 co-

64 1001 181 1095 gnoscit
201 1021 324 1076 sensus,
346 997 455 1064 altiori
475 1010 583 1065 tamen
605 998 714 1076 modo,
729 1001 808 1097 quia
829 1017 939 1063 sensus
954 998 1119 1146 cognoscit

63 1102 91 1144 m
111 1079 208 1146 rebus
231 1082 410 1148 accidentia
430 1083 606 1159 exteriora,
622 1091 654 1147 et
667 1081 838 1166 qualitates
861 1081 995 1146 materia
1008 1101 1054 1158 es;
1071 1081 1119 1144 in-

63 1160 202 1230 tellectus
224 1174 330 1231 autem
353 1163 507 1308 perspicit
521 1163 625 1250 ipsam
639 1184 751 1228 earum
767 1163 915 1228 intimam
931 1173 1079 1227 naturam
1090 1163 1115 1224 ².

95 1243 128 1309 2⁰
148 1245 325 1314 Ohiectum
353 1246 532 1310 rntelcctus
553 1266 594 1310 ex
615 1265 655 1309 eo
677 1245 769 1331 ipso,
799 1242 886 1330 qnod
908 1253 956 1310 est
977 1243 1118 1310 essentia

63 1327 102 1390 rei
124 1330 302 1395 materialis
324 1327 482 1394 abstracta
504 1347 522 1390 a
544 1325 787 1392 conditionibus
808 1326 1048 1403 materialibus,
1071 1333 1120 1390 est

63 1410 272 1476 universale⁸.
303 1412 344 1477 Et
371 1430 470 1486 sane,
499 1408 699 1474 conditiones
726 1406 910 1474 materiales
933 1419 1007 1474 sunt
1035 1429 1118 1494 quae

65 1489 288 1566 redduntrem
311 1489 527 1566 individuam,
543 1501 575 1557 et
595 1489 831 1575 singularem‘3
854 1501 1069 1578 quapropter,
1091 1490 1119 1554 si

62 1591 122 1639 are
136 1573 340 1641 conditiones
356 1571 537 1638 materiales
552 1582 793 1648 removeantur,
810 1587 955 1638 remanet
968 1570 1118 1647 essentia,

61 1673 137 1738 qnae
164 1657 227 1741 ipsi
255 1655 436 1721 communis
456 1664 504 1720 est
532 1676 605 1719 cnm
633 1654 708 1718 aliis
736 1653 845 1732 rehus,
870 1654 983 1720 eadem
1010 1655 1118 1741 specie

62 1738 304 1824 comprehensis
328 1736 366 1800 E.
391 1757 436 1821 g,
459 1736 484 1800 si
509 1758 527 1800 a
549 1736 679 1803 Socrate
700 1757 739 1802 ea
761 1736 976 1809 subtraxeris.
999 1733 1120 1824 quibus

62 1817 124 1902 ipse
139 1842 159 1884 a
175 1819 322 1895 Platone,
338 1817 525 1895 Aristotele,
540 1818 678 1902 aliisque
693 1816 878 1883 hominihus
892 1818 990 1885 distin
1039 1821 1119 1897 itur,

61 1912 202 1968 remanet
222 1899 411 1976 humanitas,
426 1921 507 1986 quae
520 1900 560 1965 de
577 1899 671 1986 ipso,
695 1898 829 1986 perinde
852 1921 891 1966 ac
911 1899 951 1966 de
972 1901 1119 1978 Patone,

61 1983 112 2046 elii
154 2005 197 2050 uc
218 1979 417 2059 hominibus,
439 1982 622 2068 praedicari
645 1990 758 2068 potest.
781 1982 878 2068 Atqui
902 1982 948 2061 id,
993 1983 1058 2049 nod
1079 1982 1119 2048 de

62 2002 206 2158 ptulhrs
228 2063 410 2160 praedicari
434 2074 548 2150 potest,
570 2063 833 2161 estOuniversale.
849 2065 937 2151 Ergo
956 2004 1120 2132 ohiectnm

62 2149 252 2224 intellectus,
272 2167 347 2212 cum
369 2154 412 2210 srt
432 2147 570 2212 essentia
591 2166 639 2211 rer
662 2144 821 2212 abstracta
843 2169 862 2213 a
882 2148 1121 2216 conditionibus

61 2229 160 2314 ipsam
184 2225 474 2307 individuantihus,
497 2226 680 2294 universale
702 2228 745 2295 sit
766 2238 902 2314 oportet.

95 2312 129 2380 3⁰
151 2311 220 2378 Nos
241 2311 293 2376 hic
313 2310 415 2375 locuti
436 2330 548 2376 sumns
562 2309 600 2375 de
615 2307 756 2388 obiecto,
771 2309 856 2395 quod
902 2313 1000 2390 rimo,
1014 2323 1046 2379 et
1061 2315 1122 2378 im·

61 2395 199 2461 mediate
222 2391 263 2458 ab
285 2390 450 2458 intellectu
464 2390 730 2478 apprehenditur.
747 2396 805 2458 Ast
819 2333 1014 2470 intellectus,
1036 2406 1122 2481 post·

61 2497 153 2560 gnam
189 2475 340 2541 essentias
374 2494 484 2538 rerum
511 2473 728 2541 materialium
761 2475 983 2550 intellexerit,
1017 2487 1122 2563 potest

61 2579 98 2622 ex
119 2557 202 2643 ipsis
223 2555 428 2621 diversimode
450 2557 603 2652 nepotiari
623 2557 837 2622 ratiocinando
850 2570 879 2621 et
892 2559 1073 2706 topuireodo
1097 2561 1120 2634 ⁵,

61 2649 154 2726 atque
180 2639 225 2706 ita
252 2638 316 2704 alia
345 2649 536 2723 cognoscit,
559 2658 770 2724 quaererem
797 2642 930 2705 materia
946 2642 1014 2706 ium
1035 2640 1122 2707 ordi·

62 2742 131 2787 nem
166 2719 498 2868 praetergrediuntur.
523 2721 615 2797 ltem,
639 2741 713 2785 cum
741 2723 913 2787 statuimus
937 2724 1120 2790 universale

61 2825 124 2870 esse
146 2825 167 2870 o
192 2805 313 2870 lectum
336 2802 533 2880 intellectus,
558 2802 659 2868 locuti
682 2823 793 2868 sumus
815 2802 854 2868 de
877 2801 1018 2886 obiecto,
1033 2806 1120 2895 quod

431 2959 758 2975 m·-

95 3074 102 3108 ’
125 3070 148 3130 Ι,
168 3085 197 3134 q.
218 3063 348 3126 lxxxv,
368 3081 394 3119 a.
417 3067 428 3118 l
450 3082 477 3118 c.

93 3143 175 3265 :pp
195 3144 292 3265 stiffi,
314 3141 494 3265 eamne.
514 3135 549 3200 X,
569 3153 596 3191 a.
617 3139 634 3192 d
653 3140 731 3192 adi.

141 3251 149 3272 s
190 3252 197 3264 ·
289 3249 298 3274 r
338 3249 345 3262 ·
474 3249 480 3261 ·

93 3229 294 3338 ‘Cohhitinner
318 3285 484 3344 materiales,
510 3283 598 3334 aiente
623 3279 654 3334 ll.
673 3283 783 3338 Atherto
800 3283 851 3347 Μ..
872 3291 934 3338 aunt
955 3307 966 3333 ι
988 3289 1120 3354 quaedam

61 3359 248 3412 iadlridnantla
268 3357 397 3412 formam,
417 3371 486 3422 quas
504 3356 543 3406 etc
562 3362 623 3407 snut
642 3356 669 3407 tu
687 3372 740 3408 unc
759 3358 892 3412 indirldnc
911 3359 989 3412 nnius
1007 3363 1118 3426 special,

63 3431 132 3496 qaod
150 3445 201 3482 non
220 3435 281 3481 aunt
300 3431 326 3480 ln
344 3429 409 3480 alto.
429 3425 463 3481 ΙΙ.
476 3443 515 3494 g..
536 3429 597 3480 talia
615 3429 796 3481 membrorum
816 3432 893 3489 attus,
913 3432 954 3482 rel
974 3434 1035 3485 talio
1048 3435 1122 3486 color

63 3503 151 3563 neres,
171 3503 231 3554 talis
249 3507 334 3560 aeus,
348 3502 390 3552 vel
403 3501 464 3551 talis
476 3501 556 3564 figura
570 3500 677 3564 capitis,
691 3506 734 3553 ret
746 3504 806 3554 talis
818 3504 894 3556 locus
906 3507 1083 3570 generationis
1095 3525 1120 3566 η

65 3579 101 3632 Da
119 3577 220 3635 Aotm„
240 3575 288 3624 ΙΙΙ).
309 3571 342 3635 ΙΙ,
363 3579 443 3626 tract.
465 3571 510 3635 ΙΙΙ,
530 3587 555 3624 c.
575 3573 603 3623 Ι.

98 3649 111 3690 s
131 3647 178 3716 oq.
197 3647 294 3716 dtepp„
314 3648 353 3700 De
375 3647 447 3708 Ver„
467 3660 494 3714 q.
515 3643 537 3707 1,
557 3660 584 3698 a.
607 3643 639 3698 12
659 3659 686 3697 c.
