2475 3909
107 138 168 204 951
475 154 728 203 enrranmanem

69 241 166 304 tiueri
188 249 260 303 actu
283 238 457 323 cognoscit.
477 239 565 325 Ergo
586 261 677 305 mens
692 260 754 325 ope
770 239 947 327 syllogismi
971 236 1139 325 progredi-

69 333 123 385 tur
143 321 183 385 ad
205 319 442 406 agnoscendum
456 332 530 385 actu
550 322 645 399 illud,
661 320 747 407 quod
764 332 858 387 antea
881 323 1020 405 potentin
1045 320 1139 385 dum-

70 412 160 467 taxat
181 402 407 488 cognoscebat.

108 486 161 551 68.
185 482 226 549 lit
247 484 326 549 haec
347 484 487 548 clariora
511 483 598 561 liant,
616 486 772 551 memoria
787 481 1005 549 revocandum
1020 491 1069 549 est
1082 502 1137 547 co-

71 567 263 651 gnitionem,
277 586 376 651 quam
392 586 451 650 per
464 565 688 653 syllogismum
705 565 799 631 nobis
813 586 1054 651 comparamus,
1074 584 1140 628 non

70 668 139 712 esse
161 648 355 725 intuitionem,
376 668 436 733 per
455 669 555 734 quam
575 648 698 735 aliquid
720 650 755 711 in
776 649 839 713 olio
860 648 1066 729 cognoscitur,
1082 642 1139 709 sed

71 749 141 794 esse
168 730 384 806 deductivam,
412 750 469 815 per
493 753 592 817 quam
619 731 665 794 oli
686 730 742 794 uid
763 752 802 795 ea
824 729 886 793 olio
908 730 1099 811 cognoscitur
1112 728 1139 802 ¹;

71 808 157 875 unde
179 811 345 876 conclusio
366 831 409 874 ex
431 814 619 898 praemissis
645 751 739 877 edici²
767 811 898 876 dieitur.
927 812 1025 895 Atqui
1054 811 1140 874 ratio

72 914 136 955 non
159 902 262 979 potest
283 893 519 959 conclusionem
541 915 583 958 ex
609 894 795 980 praemissis
816 893 952 969 elicere,
975 892 1037 957 nisi
1058 889 1141 956 duas

72 974 516 1059 exeratactiones,quarum
541 997 604 1039 una
627 977 795 1041 veritatem
835 975 1077 1050 racmissarum,
1095 971 1142 1035 al·
1181 978 1189 987 “

73 1065 141 1119 tera
162 1057 331 1122 veritatem
359 1057 574 1121 conclusionis
599 1058 797 1143 cognoscit³.
851 1077 909 1201 rgo
931 1076 989 1120 nos
1009 1056 1142 1121 ratioci-

74 1135 179 1201 nando
212 1138 453 1203 conclusionem
487 1140 711 1223 cognoscimus
739 1159 802 1204 non
832 1160 870 1203 eo
894 1159 946 1201 em
975 1148 1073 1211 actu,
1103 1156 1142 1200 ac

76 1221 281 1315 praemissas,
298 1218 352 1285 sed
367 1240 450 1285 novo
465 1231 552 1294 actu,
568 1223 625 1306 qui
645 1222 694 1285 illi
711 1220 867 1294 succedit3
884 1217 969 1285 unde
995 1220 1142 1305 primum

76 1302 335 1386 investigamus,
369 1313 479 1368 utrum
511 1314 659 1367 extrema
691 1324 765 1367 eum
799 1302 904 1366 medio
936 1300 1141 1376 conveniant,

74 1381 192 1447 deinde
221 1403 263 1446 ex
291 1383 350 1447 hac
379 1385 627 1470 investigatione
657 1384 844 1451 relationem
869 1384 1015 1469 ipsorum
1038 1393 1145 1447 extre-

76 1485 205 1529 morum
226 1467 463 1549 cognoscimus.

474 1598 655 1665 GAPVT
700 1598 738 1662 V.

403 1722 449 1786 lte
469 1720 611 1786 criterio
632 1720 809 1785 memoriae

287 1844 379 1896 aiunl.
391 1874 422 1882 -
434 1844 568 1898 veracitas
582 1846 661 1895 lartius
675 1844 774 1894 callerii
787 1841 936 1892 ostenditur

116 1957 167 2021 oe.
191 1958 260 2022 Etsi
283 1959 452 2035 memoria,
468 1958 516 2023 uti
533 1955 715 2031 diximus⁴,
738 1951 819 2016 nihil
840 1949 917 2015 novi
941 1968 998 2013 nos
1020 1946 1145 2024 doceat,

76 2049 184 2103 tamen
206 2039 276 2122 ipsa
298 2040 498 2135 cognitiones
520 2046 593 2101 ante
615 2035 747 2120 adeptas
770 2040 925 2107 revocat,
947 2051 984 2095 ac
1006 2028 1146 2116 proinde

77 2118 223 2183 conditio
244 2129 303 2194 est,
327 2142 395 2185 sine
418 2140 483 2204 qua
503 2120 640 2184 scientia
657 2119 795 2182 humana
818 2124 965 2179 constare
988 2132 1051 2176 non
1075 2123 1146 2197 pot-

78 2211 137 2266 est.
161 2200 229 2263 lam
252 2203 440 2287 praeteritas
454 2202 669 2285 cognitiones,
685 2220 765 2284 quas
782 2196 951 2271 memoria,
967 2215 1042 2259 cum
1058 2204 1144 2258 recte

79 2280 261 2358 adhibetur,
279 2282 373 2348 nohis
395 2284 552 2369 suggerit,
568 2305 603 2347 re
627 2303 702 2346 vera
718 2280 797 2344 olim
821 2280 853 2343 in
877 2274 971 2341 nobis
985 2276 1146 2352 extitisse,

79 2386 113 2429 se
137 2364 226 2430 uenti
250 2366 476 2452 Propositione
498 2365 749 2429 demonstratur:
903 2440 909 2453 ³
979 2441 984 2451 .
1084 2440 1089 2450 Ι

161 2448 296 2510 emorioe
322 2448 474 2511 cerocitos
499 2448 607 2529 negari
633 2452 826 2527 conpetant,
854 2461 931 2526 paean
956 2437 1051 2503 simul
1078 2458 1149 2521 apso

82 2528 233 2591 memorio
253 2530 358 2592 naimo
380 2528 551 2613 denegetur.

121 2609 289 2674 Probatur.
313 2612 433 2677 Omnes
462 2614 495 2677 in
522 2609 573 2676 his
599 2608 726 2673 duobus
754 2602 980 2671 consentiunt:
1005 2598 1038 2665 1⁰
1059 2600 1148 2686 quod

82 2693 239 2756 memoria
260 2692 364 2777 posita
377 2702 426 2759 est
440 2694 474 2759 in
488 2696 520 2760 vi
535 2687 789 2777 recognoscendi
813 2684 1049 2773 perceptiones,
1067 2704 1149 2767 quas

82 2782 175 2838 antea
197 2772 383 2852 habuimus;
398 2774 433 2838 2⁰
449 2774 534 2861 quod
550 2774 709 2840 memoria
724 2792 788 2834 non
802 2770 896 2834 aliter
919 2786 975 2862 uos
998 2764 1149 2849 decipere

82 2862 198 2939 potest,
215 2853 276 2918 nisi
322 2867 457 2922 uatenus
472 2867 546 2921 ante
562 2866 702 2921 mentem
717 2852 802 2919 sistit
817 2858 1053 2936 perceptiones,
1068 2868 1150 2943 quaa

83 2944 178 3001 antea
215 2956 278 3000 nou
332 2936 433 3005 abuit.
467 2940 569 3024 Atqui
597 2939 713 3002 horum
740 2953 841 3000 unum
878 2930 979 2997 altero
1011 2926 1151 2995 destrui·

424 3132 752 3150 M

121 3246 131 3288 ¹
151 3246 188 3303 ct
203 3265 225 3301 s.
246 3246 354 3310 tuom,
376 3252 424 3315 ος.
444 3252 541 3317 dtepp,
562 3254 602 3301 De
627 3250 698 3309 Ver,
718 3262 746 3314 q.
767 3244 839 3307 Vlll,
859 3260 885 3298 a.
908 3244 941 3295 ts
960 3257 986 3295 o.

119 3318 187 3373 ’ct
201 3337 225 3372 s.
246 3320 357 3383 Bonan,
378 3324 411 3373 ln
430 3324 474 3374 lib.
490 3324 531 3374 111
547 3324 632 3384 Seno,
650 3320 719 3375 Dist.
739 3315 837 3379 XVlll,
858 3332 884 3369 a.
906 3316 932 3376 l,
952 3330 981 3381 q.
1002 3314 1017 3366 3
1037 3316 1073 3366 nd
1091 3330 1151 3380 erp.

120 3394 132 3430 ³
153 3413 165 3439 ι
187 3391 260 3444 Tune
279 3396 396 3457 dloitur,
417 3396 505 3446 subdit
524 3409 547 3446 t.
567 3392 702 3454 Thomas,
727 3393 826 3457 aliquid
846 3404 877 3441 ex
897 3390 988 3453 aliquo
1016 3389 1151 3452 cognosci,

85 3466 191 3531 quando
209 3480 263 3515 non
281 3473 322 3518 est
340 3468 411 3518 telem
431 3474 520 3519 motus
539 3468 565 3518 iu
585 3474 740 3532 utrumque,
761 3466 806 3516 sed
825 3465 912 3528 primo
932 3465 1055 3512 moretur
1075 3462 1155 3511 intel-

87 3539 172 3588 lectus
192 3540 218 3588 in
238 3552 331 3597 uuum,
352 3547 379 3592 ct
398 3553 430 3591 ex
449 3542 500 3592 hoc
521 3545 643 3593 moretur
664 3542 690 3591 in
709 3538 781 3590 allud
804 3557 829 3599 a,
851 3538 900 3601 Op.
921 3536 976 3594 cit„
998 3532 1060 3583 itit.

124 3606 133 3645 ⁴
154 3606 182 3659 P.
203 3608 334 3661 235-23tt
