<?xml version="1.0" encoding="UTF-8"?>
<!DOCTYPE html PUBLIC "-//W3C//DTD XHTML 1.0 Transitional//EN"
    "http://www.w3.org/TR/xhtml1/DTD/xhtml1-transitional.dtd">
<html xmlns="http://www.w3.org/1999/xhtml" xml:lang="en" lang="en">
 <head>
  <title>
</title>
<meta http-equiv="Content-Type" content="text/html;charset=utf-8" />
  <meta name='ocr-system' content='tesseract 3.04.00' />
  <meta name='ocr-capabilities' content='ocr_page ocr_carea ocr_par ocr_line ocrx_word'/>
</head>
<body>
  <div class='ocr_page' id='page_1' title='image "./philosophiachri00sansgoog_0391.png"; bbox 0 0 2475 3909; ppageno 0'>
   <div class='ocr_carea' id='block_1_1' title="bbox 556 159 1152 225">
    <p class='ocr_par' dir='ltr' id='par_1_1' title="bbox 556 159 1152 225">
     <span class='ocr_line' id='line_1_1' title="bbox 556 159 1152 225; baseline -0.003 -1"><span class='ocrx_word' id='word_1_1' title='bbox 556 174 759 224; x_wconf 82' lang='lat' dir='ltr'><strong>cosuoaoum</strong></span> <span class='ocrx_word' id='word_1_2' title='bbox 1112 159 1152 225; x_wconf 84' lang='lat'><strong>91</strong></span> 
     </span>
    </p>
   </div>
   <div class='ocr_carea' id='block_1_2' title="bbox 117 257 1201 2312">
    <p class='ocr_par' dir='ltr' id='par_1_2' title="bbox 118 257 1195 427">
     <span class='ocr_line' id='line_1_2' title="bbox 119 257 1195 338; baseline 0 -12"><span class='ocrx_word' id='word_1_3' title='bbox 119 259 225 327; x_wconf 87' lang='lat' dir='ltr'><strong>tiones</strong></span> <span class='ocrx_word' id='word_1_4' title='bbox 246 257 361 324; x_wconf 73' lang='lat' dir='ltr'><strong>vitales</strong></span> <span class='ocrx_word' id='word_1_5' title='bbox 383 269 518 326; x_wconf 89' lang='lat' dir='ltr'><strong>naturae</strong></span> <span class='ocrx_word' id='word_1_6' title='bbox 540 281 617 326; x_wconf 85' lang='lat' dir='ltr'><strong>suae</strong></span> <span class='ocrx_word' id='word_1_7' title='bbox 633 269 862 326; x_wconf 87' lang='lat' dir='ltr'><strong>consentaneas</strong></span> <span class='ocrx_word' id='word_1_8' title='bbox 876 259 1025 338; x_wconf 87' lang='lat' dir='ltr'><strong>eliciunt,</strong></span> <span class='ocrx_word' id='word_1_9' title='bbox 1041 259 1123 326; x_wconf 88' lang='lat' dir='ltr'><strong>haec</strong></span> <span class='ocrx_word' id='word_1_10' title='bbox 1137 280 1195 326; x_wconf 90' lang='lat' dir='ltr'><strong>au·</strong></span> 
     </span>
     <span class='ocr_line' id='line_1_3' title="bbox 118 339 698 427; baseline 0 -21"><span class='ocrx_word' id='word_1_11' title='bbox 118 353 186 406; x_wconf 89' lang='lat' dir='ltr'><strong>tem</strong></span> <span class='ocrx_word' id='word_1_12' title='bbox 208 339 306 405; x_wconf 89' lang='lat' dir='ltr'><strong>nullis</strong></span> <span class='ocrx_word' id='word_1_13' title='bbox 327 343 457 427; x_wconf 82' lang='lat' dir='ltr'>organis</span> <span class='ocrx_word' id='word_1_14' title='bbox 479 341 698 408; x_wconf 88' lang='lat' dir='ltr'><strong>instruuntur.</strong></span> 
     </span>
    </p>

    <p class='ocr_par' dir='ltr' id='par_1_3' title="bbox 117 419 1200 1884">
     <span class='ocr_line' id='line_1_4' title="bbox 159 419 1194 510; baseline 0.001 -23"><span class='ocrx_word' id='word_1_15' title='bbox 159 423 190 487; x_wconf 77' lang='lat' dir='ltr'><strong>d.</strong></span> <span class='ocrx_word' id='word_1_16' title='bbox 215 422 285 486; x_wconf 83' lang='lat' dir='ltr'><strong>Hoc</strong></span> <span class='ocrx_word' id='word_1_17' title='bbox 306 421 484 488; x_wconf 86' lang='lat' dir='ltr'><strong>discrimen</strong></span> <span class='ocrx_word' id='word_1_18' title='bbox 506 445 548 488; x_wconf 82' lang='lat' dir='ltr'><strong>ex</strong></span> <span class='ocrx_word' id='word_1_19' title='bbox 570 424 748 510; x_wconf 75' lang='lat' dir='ltr'><strong>multiplici</strong></span> <span class='ocrx_word' id='word_1_20' title='bbox 771 443 868 488; x_wconf 87' lang='lat' dir='ltr'><strong>causa</strong></span> <span class='ocrx_word' id='word_1_21' title='bbox 890 419 1072 488; x_wconf 78' lang='lat' dir='ltr'><strong>ostenditur</strong></span> <span class='ocrx_word' id='word_1_22' title='bbox 1089 423 1116 499; x_wconf 86' lang='lat'><strong>¹,</strong></span> <span class='ocrx_word' id='word_1_23' title='bbox 1138 423 1194 488; x_wconf 88' lang='lat' dir='ltr'><strong>sed</strong></span> 
     </span>
     <span class='ocr_line' id='line_1_5' title="bbox 118 503 1195 604; baseline 0 -36"><span class='ocrx_word' id='word_1_24' title='bbox 118 505 298 600; x_wconf 82' lang='lat' dir='ltr'><strong>praecipue</strong></span> <span class='ocrx_word' id='word_1_25' title='bbox 321 503 354 568; x_wconf 85' lang='lat'><strong>1⁰</strong></span> <span class='ocrx_word' id='word_1_26' title='bbox 375 525 415 568; x_wconf 74' lang='lat' dir='ltr'><strong>ea</strong></span> <span class='ocrx_word' id='word_1_27' title='bbox 436 508 578 586; x_wconf 76' lang='lat' dir='ltr'><strong>origiue,</strong></span> <span class='ocrx_word' id='word_1_28' title='bbox 608 517 641 572; x_wconf 91' lang='lat' dir='ltr'><strong>et</strong></span> <span class='ocrx_word' id='word_1_29' title='bbox 657 527 718 604; x_wconf 79' lang='lat' dir='ltr'><strong>per</strong></span> <span class='ocrx_word' id='word_1_30' title='bbox 741 507 878 569; x_wconf 75' lang='lat' dir='ltr'><strong>emitote.</strong></span> <span class='ocrx_word' id='word_1_31' title='bbox 902 505 986 570; x_wconf 88' lang='lat' dir='ltr'><strong>Nam</strong></span> <span class='ocrx_word' id='word_1_32' title='bbox 1014 525 1195 589; x_wconf 89' lang='lat' dir='ltr'><strong>corporum</strong></span> 
     </span>
     <span class='ocr_line' id='line_1_6' title="bbox 117 527 1196 673; baseline 0 -23"><span class='ocrx_word' id='word_1_33' title='bbox 117 585 300 651; x_wconf 76' lang='lat' dir='ltr'><strong>viventium</strong></span> <span class='ocrx_word' id='word_1_34' title='bbox 323 586 386 652; x_wconf 90' lang='lat' dir='ltr'><strong>alia</strong></span> <span class='ocrx_word' id='word_1_35' title='bbox 408 585 448 650; x_wconf 89' lang='lat' dir='ltr'><strong>ab</strong></span> <span class='ocrx_word' id='word_1_36' title='bbox 471 587 544 653; x_wconf 87' lang='lat' dir='ltr'><strong>aliis</strong></span> <span class='ocrx_word' id='word_1_37' title='bbox 558 589 622 652; x_wconf 88' lang='lat' dir='ltr'><strong>sibi</strong></span> <span class='ocrx_word' id='word_1_38' title='bbox 639 527 803 654; x_wconf 69' lang='lat' dir='ltr'><strong>similibus</strong></span> <span class='ocrx_word' id='word_1_39' title='bbox 818 598 1042 673; x_wconf 84' lang='lat' dir='ltr'><strong>procreantur,</strong></span> <span class='ocrx_word' id='word_1_40' title='bbox 1067 595 1098 650; x_wconf 89' lang='lat' dir='ltr'><strong>et</strong></span> <span class='ocrx_word' id='word_1_41' title='bbox 1120 607 1196 650; x_wconf 91' lang='lat' dir='ltr'><strong>suc-</strong></span> 
     </span>
     <span class='ocr_line' id='line_1_7' title="bbox 117 667 1197 756; baseline 0.001 -26"><span class='ocrx_word' id='word_1_42' title='bbox 117 667 244 732; x_wconf 88' lang='lat' dir='ltr'><strong>cessiva</strong></span> <span class='ocrx_word' id='word_1_43' title='bbox 265 669 316 732; x_wconf 93' lang='lat' dir='ltr'><strong>sui</strong></span> <span class='ocrx_word' id='word_1_44' title='bbox 339 670 467 754; x_wconf 87' lang='lat' dir='ltr'><strong>generis</strong></span> <span class='ocrx_word' id='word_1_45' title='bbox 483 672 718 756; x_wconf 82' lang='lat' dir='ltr'><strong>propagatione</strong></span> <span class='ocrx_word' id='word_1_46' title='bbox 740 678 987 755; x_wconf 66' lang='lat' dir='ltr'><strong>perpetuandam</strong></span> <span class='ocrx_word' id='word_1_47' title='bbox 1004 687 1067 731; x_wconf 92' lang='lat' dir='ltr'><strong>non</strong></span> <span class='ocrx_word' id='word_1_48' title='bbox 1083 668 1197 733; x_wconf 83' lang='lat' dir='ltr'><strong>viren-</strong></span> 
     </span>
     <span class='ocr_line' id='line_1_8' title="bbox 118 748 1198 835; baseline 0 -23"><span class='ocrx_word' id='word_1_49' title='bbox 118 748 165 812; x_wconf 91' lang='lat' dir='ltr'><strong>tia</strong></span> <span class='ocrx_word' id='word_1_50' title='bbox 189 761 307 824; x_wconf 90' lang='lat' dir='ltr'><strong>autem,</strong></span> <span class='ocrx_word' id='word_1_51' title='bbox 330 752 407 835; x_wconf 87' lang='lat' dir='ltr'><strong>quia</strong></span> <span class='ocrx_word' id='word_1_52' title='bbox 431 752 519 815; x_wconf 90' lang='lat' dir='ltr'><strong>omni</strong></span> <span class='ocrx_word' id='word_1_53' title='bbox 543 755 667 818; x_wconf 88' lang='lat' dir='ltr'><strong>semine</strong></span> <span class='ocrx_word' id='word_1_54' title='bbox 688 765 812 822; x_wconf 87' lang='lat' dir='ltr'><strong>carent,</strong></span> <span class='ocrx_word' id='word_1_55' title='bbox 831 750 904 815; x_wconf 88' lang='lat' dir='ltr'><strong>ideo</strong></span> <span class='ocrx_word' id='word_1_56' title='bbox 925 750 975 813; x_wconf 90' lang='lat' dir='ltr'><strong>sui</strong></span> <span class='ocrx_word' id='word_1_57' title='bbox 992 748 1100 813; x_wconf 91' lang='lat' dir='ltr'><strong>simile</strong></span> <span class='ocrx_word' id='word_1_58' title='bbox 1124 769 1198 812; x_wconf 86' lang='lat' dir='ltr'><strong>cor-</strong></span> 
     </span>
     <span class='ocr_line' id='line_1_9' title="bbox 119 830 1194 919; baseline 0 -26"><span class='ocrx_word' id='word_1_59' title='bbox 119 849 182 914; x_wconf 90' lang='lat' dir='ltr'><strong>pus</strong></span> <span class='ocrx_word' id='word_1_60' title='bbox 205 832 235 916; x_wconf 88' lang='lat' dir='ltr'><strong>gi</strong></span> <span class='ocrx_word' id='word_1_61' title='bbox 262 853 338 896; x_wconf 91' lang='lat' dir='ltr'><strong>nere</strong></span> <span class='ocrx_word' id='word_1_62' title='bbox 360 854 424 898; x_wconf 95' lang='lat' dir='ltr'><strong>non</strong></span> <span class='ocrx_word' id='word_1_63' title='bbox 447 835 564 912; x_wconf 83' lang='lat' dir='ltr'><strong>valent3</strong></span> <span class='ocrx_word' id='word_1_64' title='bbox 587 856 690 919; x_wconf 89' lang='lat' dir='ltr'><strong>quare</strong></span> <span class='ocrx_word' id='word_1_65' title='bbox 713 855 772 900; x_wconf 89' lang='lat' dir='ltr'><strong>nec</strong></span> <span class='ocrx_word' id='word_1_66' title='bbox 787 854 845 919; x_wconf 91' lang='lat' dir='ltr'><strong>per</strong></span> <span class='ocrx_word' id='word_1_67' title='bbox 860 830 1102 918; x_wconf 87' lang='lat' dir='ltr'><strong>generationem</strong></span> <span class='ocrx_word' id='word_1_68' title='bbox 1127 833 1194 894; x_wconf 90' lang='lat' dir='ltr'><strong>ori-</strong></span> 
     </span>
     <span class='ocr_line' id='line_1_10' title="bbox 120 912 1196 1061; baseline 0.001 -85"><span class='ocrx_word' id='word_1_69' title='bbox 120 912 231 996; x_wconf 86' lang='lat' dir='ltr'><strong>ginem</strong></span> <span class='ocrx_word' id='word_1_70' title='bbox 273 913 380 991; x_wconf 88' lang='lat' dir='ltr'><strong>abent,</strong></span> <span class='ocrx_word' id='word_1_71' title='bbox 398 938 456 982; x_wconf 88' lang='lat' dir='ltr'><strong>nee</strong></span> <span class='ocrx_word' id='word_1_72' title='bbox 479 938 538 1002; x_wconf 88' lang='lat' dir='ltr'><strong>per</strong></span> <span class='ocrx_word' id='word_1_73' title='bbox 559 920 798 984; x_wconf 84' lang='lat' dir='ltr'><strong>successionem</strong></span> <span class='ocrx_word' id='word_1_74' title='bbox 809 913 1064 1061; x_wconf 74' lang='lat' dir='ltr'><strong>generationum</strong></span> <span class='ocrx_word' id='word_1_75' title='bbox 1079 931 1196 998; x_wconf 91' lang='lat' dir='ltr'><strong>perpe·</strong></span> 
     </span>
     <span class='ocr_line' id='line_1_11' title="bbox 119 994 1197 1072; baseline 0 -15"><span class='ocrx_word' id='word_1_76' title='bbox 119 1005 279 1072; x_wconf 83' lang='lat' dir='ltr'><strong>tuantur,</strong></span> <span class='ocrx_word' id='word_1_77' title='bbox 300 997 357 1062; x_wconf 92' lang='lat' dir='ltr'><strong>sed</strong></span> <span class='ocrx_word' id='word_1_78' title='bbox 379 1019 421 1062; x_wconf 83' lang='lat' dir='ltr'><strong>ex</strong></span> <span class='ocrx_word' id='word_1_79' title='bbox 443 999 580 1065; x_wconf 80' lang='lat' dir='ltr'><strong>fortuito</strong></span> <span class='ocrx_word' id='word_1_80' title='bbox 607 1020 781 1065; x_wconf 88' lang='lat' dir='ltr'><strong>causarum</strong></span> <span class='ocrx_word' id='word_1_81' title='bbox 833 997 931 1061; x_wconf 85' lang='lat' dir='ltr'><strong>iversi</strong></span> <span class='ocrx_word' id='word_1_82' title='bbox 983 994 1093 1057; x_wconf 90' lang='lat' dir='ltr'><strong>eueris</strong></span> <span class='ocrx_word' id='word_1_83' title='bbox 1119 1015 1197 1058; x_wconf 87' lang='lat' dir='ltr'><strong>eou-</strong></span> 
     </span>
     <span class='ocr_line' id='line_1_12' title="bbox 119 1073 1197 1167; baseline -0.002 -26"><span class='ocrx_word' id='word_1_84' title='bbox 119 1096 220 1142; x_wconf 87' lang='lat' dir='ltr'><strong>cursu</strong></span> <span class='ocrx_word' id='word_1_85' title='bbox 240 1079 439 1159; x_wconf 84' lang='lat' dir='ltr'><strong>efficiuntur,</strong></span> <span class='ocrx_word' id='word_1_86' title='bbox 462 1080 673 1167; x_wconf 87' lang='lat' dir='ltr'><strong>assiduasque</strong></span> <span class='ocrx_word' id='word_1_87' title='bbox 694 1083 782 1147; x_wconf 84' lang='lat' dir='ltr'><strong>vices</strong></span> <span class='ocrx_word' id='word_1_88' title='bbox 802 1077 953 1144; x_wconf 87' lang='lat' dir='ltr'><strong>subeunt.</strong></span> <span class='ocrx_word' id='word_1_89' title='bbox 1019 1073 1071 1141; x_wconf 77' lang='lat' dir='ltr'><strong>ab</strong></span> <span class='ocrx_word' id='word_1_90' title='bbox 1091 1075 1197 1159; x_wconf 72' lang='lat' dir='ltr'><strong>expli-</strong></span> 
     </span>
     <span class='ocr_line' id='line_1_13' title="bbox 120 1156 1196 1237; baseline -0.005 -13"><span class='ocrx_word' id='word_1_91' title='bbox 120 1160 260 1237; x_wconf 78' lang='lat' dir='ltr'><strong>catione,</strong></span> <span class='ocrx_word' id='word_1_92' title='bbox 285 1173 316 1226; x_wconf 85' lang='lat' dir='ltr'><strong>et</strong></span> <span class='ocrx_word' id='word_1_93' title='bbox 338 1163 427 1227; x_wconf 84' lang='lat' dir='ltr'><strong>modo</strong></span> <span class='ocrx_word' id='word_1_94' title='bbox 447 1186 478 1228; x_wconf 86' lang='lat' dir='ltr'><strong>se</strong></span> <span class='ocrx_word' id='word_1_95' title='bbox 499 1165 710 1229; x_wconf 83' lang='lat' dir='ltr'><strong>conservandi.</strong></span> <span class='ocrx_word' id='word_1_96' title='bbox 732 1163 817 1227; x_wconf 90' lang='lat' dir='ltr'><strong>Nam</strong></span> <span class='ocrx_word' id='word_1_97' title='bbox 840 1160 984 1225; x_wconf 85' lang='lat' dir='ltr'><strong>viventia</strong></span> <span class='ocrx_word' id='word_1_98' title='bbox 1012 1178 1054 1221; x_wconf 81' lang='lat' dir='ltr'><strong>ex</strong></span> <span class='ocrx_word' id='word_1_99' title='bbox 1076 1158 1108 1222; x_wconf 87' lang='lat' dir='ltr'><strong>ri</strong></span> <span class='ocrx_word' id='word_1_100' title='bbox 1130 1156 1196 1221; x_wconf 89' lang='lat' dir='ltr'><strong>sibi</strong></span> 
     </span>
     <span class='ocr_line' id='line_1_14' title="bbox 120 1239 1200 1329; baseline -0.003 -24"><span class='ocrx_word' id='word_1_101' title='bbox 120 1243 220 1308; x_wconf 92' lang='lat' dir='ltr'><strong>insita</strong></span> <span class='ocrx_word' id='word_1_102' title='bbox 244 1242 402 1326; x_wconf 79' lang='lat' dir='ltr'><strong>gradatim</strong></span> <span class='ocrx_word' id='word_1_103' title='bbox 424 1258 644 1324; x_wconf 88' lang='lat' dir='ltr'><strong>succrescunt,</strong></span> <span class='ocrx_word' id='word_1_104' title='bbox 666 1245 772 1310; x_wconf 90' lang='lat' dir='ltr'><strong>donec</strong></span> <span class='ocrx_word' id='word_1_105' title='bbox 787 1243 1019 1329; x_wconf 83' lang='lat' dir='ltr'><strong>perfectionem</strong></span> <span class='ocrx_word' id='word_1_106' title='bbox 1046 1239 1097 1303; x_wconf 92' lang='lat' dir='ltr'><strong>sui</strong></span> <span class='ocrx_word' id='word_1_107' title='bbox 1122 1260 1200 1325; x_wconf 91' lang='lat' dir='ltr'><strong>pro-</strong></span> 
     </span>
     <span class='ocr_line' id='line_1_15' title="bbox 120 1321 1199 1410; baseline -0.005 -22"><span class='ocrx_word' id='word_1_108' title='bbox 120 1323 230 1408; x_wconf 91' lang='lat' dir='ltr'><strong>priam</strong></span> <span class='ocrx_word' id='word_1_109' title='bbox 252 1338 477 1410; x_wconf 85' lang='lat' dir='ltr'><strong>assequantur,</strong></span> <span class='ocrx_word' id='word_1_110' title='bbox 501 1329 643 1392; x_wconf 84' lang='lat' dir='ltr'><strong>iacturas</strong></span> <span class='ocrx_word' id='word_1_111' title='bbox 663 1348 738 1393; x_wconf 90' lang='lat' dir='ltr'><strong>suas</strong></span> <span class='ocrx_word' id='word_1_112' title='bbox 761 1346 818 1410; x_wconf 91' lang='lat' dir='ltr'><strong>per</strong></span> <span class='ocrx_word' id='word_1_113' title='bbox 840 1322 1109 1388; x_wconf 80' lang='lat' dir='ltr'><strong>assimilationem</strong></span> <span class='ocrx_word' id='word_1_114' title='bbox 1132 1321 1199 1384; x_wconf 80' lang='lat' dir='ltr'><strong>ele-</strong></span> 
     </span>
     <span class='ocr_line' id='line_1_16' title="bbox 121 1408 1199 1492; baseline -0.003 -24"><span class='ocrx_word' id='word_1_115' title='bbox 121 1417 321 1483; x_wconf 89' lang='lat' dir='ltr'><strong>mentorum,</strong></span> <span class='ocrx_word' id='word_1_116' title='bbox 343 1429 427 1492; x_wconf 91' lang='lat' dir='ltr'><strong>quae</strong></span> <span class='ocrx_word' id='word_1_117' title='bbox 450 1411 484 1475; x_wconf 90' lang='lat' dir='ltr'><strong>in</strong></span> <span class='ocrx_word' id='word_1_118' title='bbox 507 1408 720 1475; x_wconf 86' lang='lat' dir='ltr'><strong>substantiam</strong></span> <span class='ocrx_word' id='word_1_119' title='bbox 745 1427 837 1472; x_wconf 89' lang='lat' dir='ltr'><strong>suam</strong></span> <span class='ocrx_word' id='word_1_120' title='bbox 859 1412 1069 1478; x_wconf 82' lang='lat' dir='ltr'><strong>convertunt,</strong></span> <span class='ocrx_word' id='word_1_121' title='bbox 1092 1423 1199 1466; x_wconf 88' lang='lat' dir='ltr'><strong>resar-</strong></span> 
     </span>
     <span class='ocr_line' id='line_1_17' title="bbox 120 1487 1197 1582; baseline -0.004 -32"><span class='ocrx_word' id='word_1_122' title='bbox 120 1487 236 1582; x_wconf 76' lang='lat' dir='ltr'><strong>ciunt,</strong></span> <span class='ocrx_word' id='word_1_123' title='bbox 259 1490 423 1574; x_wconf 88' lang='lat' dir='ltr'><strong>vitamque</strong></span> <span class='ocrx_word' id='word_1_124' title='bbox 449 1491 577 1557; x_wconf 90' lang='lat' dir='ltr'><strong>tandem</strong></span> <span class='ocrx_word' id='word_1_125' title='bbox 601 1490 740 1558; x_wconf 90' lang='lat' dir='ltr'><strong>naturali</strong></span> <span class='ocrx_word' id='word_1_126' title='bbox 763 1509 863 1554; x_wconf 90' lang='lat' dir='ltr'><strong>cursu</strong></span> <span class='ocrx_word' id='word_1_127' title='bbox 884 1487 1054 1561; x_wconf 89' lang='lat' dir='ltr'><strong>amittunt;</strong></span> <span class='ocrx_word' id='word_1_128' title='bbox 1078 1494 1111 1550; x_wconf 92' lang='lat' dir='ltr'><strong>at</strong></span> <span class='ocrx_word' id='word_1_129' title='bbox 1132 1504 1197 1547; x_wconf 91' lang='lat' dir='ltr'><strong>non</strong></span> 
     </span>
     <span class='ocr_line' id='line_1_18' title="bbox 121 1571 1196 1652; baseline -0.001 -21"><span class='ocrx_word' id='word_1_130' title='bbox 121 1571 267 1639; x_wconf 77' lang='lat' dir='ltr'><strong>viventia</strong></span> <span class='ocrx_word' id='word_1_131' title='bbox 289 1593 333 1636; x_wconf 80' lang='lat' dir='ltr'><strong>ex</strong></span> <span class='ocrx_word' id='word_1_132' title='bbox 353 1593 386 1638; x_wconf 88' lang='lat' dir='ltr'><strong>se</strong></span> <span class='ocrx_word' id='word_1_133' title='bbox 410 1586 530 1640; x_wconf 91' lang='lat' dir='ltr'><strong>statum</strong></span> <span class='ocrx_word' id='word_1_134' title='bbox 558 1594 654 1638; x_wconf 92' lang='lat' dir='ltr'><strong>suum</strong></span> <span class='ocrx_word' id='word_1_135' title='bbox 675 1582 803 1636; x_wconf 89' lang='lat' dir='ltr'><strong>mutare</strong></span> <span class='ocrx_word' id='word_1_136' title='bbox 831 1591 895 1635; x_wconf 90' lang='lat' dir='ltr'><strong>non</strong></span> <span class='ocrx_word' id='word_1_137' title='bbox 918 1578 1074 1652; x_wconf 85' lang='lat' dir='ltr'><strong>possunt,</strong></span> <span class='ocrx_word' id='word_1_138' title='bbox 1098 1576 1196 1651; x_wconf 84' lang='lat' dir='ltr'><strong>atque</strong></span> 
     </span>
     <span class='ocr_line' id='line_1_19' title="bbox 123 1652 1197 1736; baseline -0.005 -20"><span class='ocrx_word' id='word_1_139' title='bbox 123 1671 191 1716; x_wconf 90' lang='lat' dir='ltr'><strong>non</strong></span> <span class='ocrx_word' id='word_1_140' title='bbox 211 1652 273 1716; x_wconf 92' lang='lat' dir='ltr'><strong>nisi</strong></span> <span class='ocrx_word' id='word_1_141' title='bbox 297 1673 425 1722; x_wconf 85' lang='lat' dir='ltr'><strong>accessu</strong></span> <span class='ocrx_word' id='word_1_142' title='bbox 456 1675 560 1720; x_wconf 90' lang='lat' dir='ltr'><strong>novae</strong></span> <span class='ocrx_word' id='word_1_143' title='bbox 592 1656 748 1722; x_wconf 88' lang='lat' dir='ltr'><strong>materiae</strong></span> <span class='ocrx_word' id='word_1_144' title='bbox 781 1663 966 1736; x_wconf 82' lang='lat' dir='ltr'><strong>augentur,</strong></span> <span class='ocrx_word' id='word_1_145' title='bbox 989 1659 1045 1714; x_wconf 93' lang='lat' dir='ltr'><strong>aut</strong></span> <span class='ocrx_word' id='word_1_146' title='bbox 1068 1668 1197 1712; x_wconf 87' lang='lat' dir='ltr'><strong>recessu</strong></span> 
     </span>
     <span class='ocr_line' id='line_1_20' title="bbox 124 1731 1198 1820; baseline -0.004 -24"><span class='ocrx_word' id='word_1_147' title='bbox 124 1735 306 1812; x_wconf 87' lang='lat' dir='ltr'><strong>materiae,</strong></span> <span class='ocrx_word' id='word_1_148' title='bbox 328 1757 426 1820; x_wconf 89' lang='lat' dir='ltr'><strong>quam</strong></span> <span class='ocrx_word' id='word_1_149' title='bbox 447 1736 578 1813; x_wconf 90' lang='lat' dir='ltr'><strong>habeut,</strong></span> <span class='ocrx_word' id='word_1_150' title='bbox 603 1739 818 1810; x_wconf 90' lang='lat' dir='ltr'><strong>minuuntur,</strong></span> <span class='ocrx_word' id='word_1_151' title='bbox 842 1745 876 1800; x_wconf 89' lang='lat' dir='ltr'><strong>et</strong></span> <span class='ocrx_word' id='word_1_152' title='bbox 896 1753 960 1796; x_wconf 92' lang='lat' dir='ltr'><strong>nou</strong></span> <span class='ocrx_word' id='word_1_153' title='bbox 983 1731 1048 1794; x_wconf 91' lang='lat' dir='ltr'><strong>nisi</strong></span> <span class='ocrx_word' id='word_1_154' title='bbox 1071 1731 1198 1794; x_wconf 76' lang='lat' dir='ltr'><strong>actione</strong></span> 
     </span>
     <span class='ocr_line' id='line_1_21' title="bbox 122 1818 728 1884; baseline 0 -4"><span class='ocrx_word' id='word_1_155' title='bbox 122 1835 240 1881; x_wconf 71' lang='lat' dir='ltr'><strong>musae</strong></span> <span class='ocrx_word' id='word_1_156' title='bbox 262 1818 436 1884; x_wconf 83' lang='lat' dir='ltr'><strong>exterioris</strong></span> <span class='ocrx_word' id='word_1_157' title='bbox 459 1839 589 1884; x_wconf 89' lang='lat' dir='ltr'><strong>currum</strong></span> <span class='ocrx_word' id='word_1_158' title='bbox 614 1827 728 1882; x_wconf 91' lang='lat' dir='ltr'><strong>untur.</strong></span> 
     </span>
    </p>

    <p class='ocr_par' dir='ltr' id='par_1_4' title="bbox 122 1839 1201 2312">
     <span class='ocr_line' id='line_1_22' title="bbox 164 1839 1199 1988; baseline -0.006 -26"><span class='ocrx_word' id='word_1_159' title='bbox 164 1897 196 1962; x_wconf 89' lang='lat'><strong>5.</strong></span> <span class='ocrx_word' id='word_1_160' title='bbox 220 1897 311 1974; x_wconf 89' lang='lat' dir='ltr'><strong>Quae</strong></span> <span class='ocrx_word' id='word_1_161' title='bbox 334 1920 410 1964; x_wconf 90' lang='lat' dir='ltr'><strong>oum</strong></span> <span class='ocrx_word' id='word_1_162' title='bbox 433 1902 478 1966; x_wconf 86' lang='lat' dir='ltr'><strong>ita</strong></span> <span class='ocrx_word' id='word_1_163' title='bbox 501 1922 534 1966; x_wconf 90' lang='lat' dir='ltr'><strong>se</strong></span> <span class='ocrx_word' id='word_1_164' title='bbox 557 1839 710 1974; x_wconf 80' lang='lat' dir='ltr'><strong>halseant,</strong></span> <span class='ocrx_word' id='word_1_165' title='bbox 734 1918 791 1962; x_wconf 88' lang='lat' dir='ltr'><strong>nos</strong></span> <span class='ocrx_word' id='word_1_166' title='bbox 806 1895 847 1961; x_wconf 91' lang='lat' dir='ltr'><strong>de</strong></span> <span class='ocrx_word' id='word_1_167' title='bbox 862 1894 1003 1959; x_wconf 87' lang='lat' dir='ltr'><strong>diversis</strong></span> <span class='ocrx_word' id='word_1_168' title='bbox 1018 1913 1128 1957; x_wconf 86' lang='lat' dir='ltr'><strong>rerum</strong></span> <span class='ocrx_word' id='word_1_169' title='bbox 1144 1913 1199 1988; x_wconf 79' lang='lat' dir='ltr'><strong>ge·</strong></span> 
     </span>
     <span class='ocr_line' id='line_1_23' title="bbox 122 1980 1200 2065; baseline -0.003 -24"><span class='ocrx_word' id='word_1_170' title='bbox 122 1980 271 2057; x_wconf 89' lang='lat' dir='ltr'><strong>neribus,</strong></span> <span class='ocrx_word' id='word_1_171' title='bbox 294 2001 378 2065; x_wconf 85' lang='lat' dir='ltr'><strong>quae</strong></span> <span class='ocrx_word' id='word_1_172' title='bbox 400 1983 559 2047; x_wconf 90' lang='lat' dir='ltr'><strong>muudum</strong></span> <span class='ocrx_word' id='word_1_173' title='bbox 580 1981 805 2053; x_wconf 88' lang='lat' dir='ltr'><strong>constituunt,</strong></span> <span class='ocrx_word' id='word_1_174' title='bbox 830 1982 875 2044; x_wconf 91' lang='lat' dir='ltr'><strong>ita</strong></span> <span class='ocrx_word' id='word_1_175' title='bbox 897 1994 1048 2060; x_wconf 79' lang='lat' dir='ltr'><strong>agemus,</strong></span> <span class='ocrx_word' id='word_1_176' title='bbox 1072 1983 1109 2040; x_wconf 92' lang='lat' dir='ltr'><strong>ut</strong></span> <span class='ocrx_word' id='word_1_177' title='bbox 1131 1994 1200 2058; x_wconf 83' lang='lat' dir='ltr'><strong>prr·</strong></span> 
     </span>
     <span class='ocr_line' id='line_1_24' title="bbox 123 2057 1201 2150; baseline -0.004 -28"><span class='ocrx_word' id='word_1_178' title='bbox 123 2079 216 2126; x_wconf 90' lang='lat' dir='ltr'><strong>mum</strong></span> <span class='ocrx_word' id='word_1_179' title='bbox 237 2060 279 2128; x_wconf 92' lang='lat' dir='ltr'><strong>de</strong></span> <span class='ocrx_word' id='word_1_180' title='bbox 303 2074 442 2138; x_wconf 90' lang='lat' dir='ltr'><strong>natura,</strong></span> <span class='ocrx_word' id='word_1_181' title='bbox 466 2076 499 2131; x_wconf 89' lang='lat' dir='ltr'><strong>et</strong></span> <span class='ocrx_word' id='word_1_182' title='bbox 519 2062 780 2150; x_wconf 87' lang='lat' dir='ltr'><strong>proprietatibus</strong></span> <span class='ocrx_word' id='word_1_183' title='bbox 807 2079 981 2146; x_wconf 88' lang='lat' dir='ltr'><strong>corporum</strong></span> <span class='ocrx_word' id='word_1_184' title='bbox 1005 2078 1069 2121; x_wconf 92' lang='lat' dir='ltr'><strong>non</strong></span> <span class='ocrx_word' id='word_1_185' title='bbox 1090 2057 1201 2120; x_wconf 79' lang='lat' dir='ltr'><strong>viren-</strong></span> 
     </span>
     <span class='ocr_line' id='line_1_25' title="bbox 123 2136 1201 2226; baseline -0.003 -22"><span class='ocrx_word' id='word_1_186' title='bbox 123 2139 209 2207; x_wconf 85' lang='lat' dir='ltr'><strong>tium</strong></span> <span class='ocrx_word' id='word_1_187' title='bbox 233 2145 267 2208; x_wconf 93' lang='lat' dir='ltr'><strong>in</strong></span> <span class='ocrx_word' id='word_1_188' title='bbox 290 2146 481 2211; x_wconf 87' lang='lat' dir='ltr'><strong>universum</strong></span> <span class='ocrx_word' id='word_1_189' title='bbox 501 2195 509 2223; x_wconf 98' lang='lat'><strong>,</strong></span> <span class='ocrx_word' id='word_1_190' title='bbox 532 2144 650 2210; x_wconf 92' lang='lat' dir='ltr'><strong>deinde</strong></span> <span class='ocrx_word' id='word_1_191' title='bbox 672 2143 714 2209; x_wconf 90' lang='lat' dir='ltr'><strong>de</strong></span> <span class='ocrx_word' id='word_1_192' title='bbox 741 2152 856 2208; x_wconf 86' lang='lat' dir='ltr'><strong>natura</strong></span> <span class='ocrx_word' id='word_1_193' title='bbox 878 2154 911 2209; x_wconf 93' lang='lat' dir='ltr'><strong>et</strong></span> <span class='ocrx_word' id='word_1_194' title='bbox 943 2136 1201 2226; x_wconf 82' lang='lat' dir='ltr'><strong>proprietatibus</strong></span> 
     </span>
     <span class='ocr_line' id='line_1_26' title="bbox 125 2223 953 2312; baseline 0.001 -27"><span class='ocrx_word' id='word_1_195' title='bbox 125 2223 334 2309; x_wconf 88' lang='lat' dir='ltr'><strong>singulorum</strong></span> <span class='ocrx_word' id='word_1_196' title='bbox 359 2249 516 2312; x_wconf 85' lang='lat' dir='ltr'><strong>generum</strong></span> <span class='ocrx_word' id='word_1_197' title='bbox 538 2227 722 2293; x_wconf 83' lang='lat' dir='ltr'><strong>viventium</strong></span> <span class='ocrx_word' id='word_1_198' title='bbox 743 2225 953 2290; x_wconf 87' lang='lat' dir='ltr'><strong>disseramus.</strong></span> 
     </span>
    </p>
   </div>
   <div class='ocr_carea' id='block_1_3' title="bbox 516 2367 849 2434">
    <p class='ocr_par' dir='ltr' id='par_1_5' title="bbox 516 2367 849 2434">
     <span class='ocr_line' id='line_1_27' title="bbox 516 2367 849 2434; baseline -0.003 0"><span class='ocrx_word' id='word_1_199' title='bbox 516 2367 653 2434; x_wconf 80' lang='lat' dir='ltr'>CAPVT</span> <span class='ocrx_word' id='word_1_200' title='bbox 676 2367 849 2434; x_wconf 85' lang='lat' dir='ltr'><strong>PRIMVlll</strong></span> 
     </span>
    </p>
   </div>
   <div class='ocr_carea' id='block_1_4' title="bbox 237 2499 1079 2667">
    <p class='ocr_par' dir='ltr' id='par_1_6' title="bbox 237 2499 1079 2667">
     <span class='ocr_line' id='line_1_28' title="bbox 237 2499 1079 2585; baseline 0.002 -19"><span class='ocrx_word' id='word_1_201' title='bbox 237 2501 386 2578; x_wconf 71' lang='lat' dir='ltr'><strong>Quaoaaa</strong></span> <span class='ocrx_word' id='word_1_202' title='bbox 408 2501 477 2566; x_wconf 85' lang='lat' dir='ltr'><strong>slat</strong></span> <span class='ocrx_word' id='word_1_203' title='bbox 497 2499 663 2584; x_wconf 85' lang='lat' dir='ltr'><strong>principia</strong></span> <span class='ocrx_word' id='word_1_204' title='bbox 682 2502 901 2570; x_wconf 84' lang='lat' dir='ltr'><strong>constitutiva</strong></span> <span class='ocrx_word' id='word_1_205' title='bbox 920 2500 1079 2585; x_wconf 86' lang='lat' dir='ltr'><strong>eorporis,</strong></span> 
     </span>
     <span class='ocr_line' id='line_1_29' title="bbox 551 2584 778 2667; baseline 0.013 -21"><span class='ocrx_word' id='word_1_206' title='bbox 551 2584 778 2667; x_wconf 77' lang='lat' dir='ltr'><strong>investigatur</strong></span> 
     </span>
    </p>
   </div>
   <div class='ocr_carea' id='block_1_5' title="bbox 123 2715 1203 3130">
    <p class='ocr_par' dir='ltr' id='par_1_7' title="bbox 123 2715 1203 3130">
     <span class='ocr_line' id='line_1_30' title="bbox 166 2715 1201 2803; baseline -0.002 -21"><span class='ocrx_word' id='word_1_207' title='bbox 166 2717 197 2782; x_wconf 85' lang='grc'><strong>6.</strong></span> <span class='ocrx_word' id='word_1_208' title='bbox 221 2716 331 2782; x_wconf 89' lang='lat' dir='ltr'><strong>Prima</strong></span> <span class='ocrx_word' id='word_1_209' title='bbox 353 2716 517 2803; x_wconf 88' lang='lat' dir='ltr'><strong>principia</strong></span> <span class='ocrx_word' id='word_1_210' title='bbox 540 2716 741 2794; x_wconf 88' lang='lat' dir='ltr'><strong>intrinseca,</strong></span> <span class='ocrx_word' id='word_1_211' title='bbox 764 2736 847 2802; x_wconf 87' lang='lat' dir='ltr'><strong>quae</strong></span> <span class='ocrx_word' id='word_1_212' title='bbox 871 2715 1108 2799; x_wconf 86' lang='lat' dir='ltr'><strong>cuiuscumque</strong></span> <span class='ocrx_word' id='word_1_213' title='bbox 1129 2735 1201 2780; x_wconf 89' lang='lat' dir='ltr'><strong>eor·</strong></span> 
     </span>
     <span class='ocr_line' id='line_1_31' title="bbox 124 2797 1203 2883; baseline -0.001 -20"><span class='ocrx_word' id='word_1_214' title='bbox 124 2799 216 2883; x_wconf 90' lang='lat' dir='ltr'><strong>poris</strong></span> <span class='ocrx_word' id='word_1_215' title='bbox 237 2797 452 2865; x_wconf 89' lang='lat' dir='ltr'><strong>substantiam</strong></span> <span class='ocrx_word' id='word_1_216' title='bbox 473 2798 631 2873; x_wconf 83' lang='lat' dir='ltr'><strong>alliciunt,</strong></span> <span class='ocrx_word' id='word_1_217' title='bbox 654 2798 753 2883; x_wconf 82' lang='lat' dir='ltr'><strong>vulgo</strong></span> <span class='ocrx_word' id='word_1_218' title='bbox 775 2797 919 2862; x_wconf 80' lang='lat' dir='ltr'><strong>elementa</strong></span> <span class='ocrx_word' id='word_1_219' title='bbox 946 2817 1123 2881; x_wconf 91' lang='lat' dir='ltr'><strong>corporum</strong></span> <span class='ocrx_word' id='word_1_220' title='bbox 1144 2817 1203 2862; x_wconf 86' lang='lat' dir='ltr'><strong>ro·</strong></span> 
     </span>
     <span class='ocr_line' id='line_1_32' title="bbox 124 2878 1201 2966; baseline -0.001 -21"><span class='ocrx_word' id='word_1_221' title='bbox 124 2891 277 2946; x_wconf 65' lang='lat' dir='ltr'><strong>cantura</strong></span> <span class='ocrx_word' id='word_1_222' title='bbox 301 2883 349 2946; x_wconf 87' lang='lat' dir='ltr'><strong>Ea</strong></span> <span class='ocrx_word' id='word_1_223' title='bbox 370 2892 478 2947; x_wconf 90' lang='lat' dir='ltr'><strong>autem</strong></span> <span class='ocrx_word' id='word_1_224' title='bbox 493 2880 671 2966; x_wconf 89' lang='lat' dir='ltr'><strong>principia,</strong></span> <span class='ocrx_word' id='word_1_225' title='bbox 688 2892 725 2946; x_wconf 91' lang='lat' dir='ltr'><strong>ut</strong></span> <span class='ocrx_word' id='word_1_226' title='bbox 740 2878 929 2946; x_wconf 76' lang='lat' dir='ltr'><strong>Aristoteles</strong></span> <span class='ocrx_word' id='word_1_227' title='bbox 951 2883 999 2946; x_wconf 89' lang='lat' dir='ltr'><strong>ait</strong></span> <span class='ocrx_word' id='word_1_228' title='bbox 1013 2882 1037 2955; x_wconf 81' lang='lat'><strong>⁸,</strong></span> <span class='ocrx_word' id='word_1_229' title='bbox 1061 2901 1079 2941; x_wconf 77' lang='lat' dir='ltr'><strong>e&lt;</strong></span> <span class='ocrx_word' id='word_1_230' title='bbox 1104 2898 1201 2966; x_wconf 91' lang='lat' dir='ltr'><strong>opor-</strong></span> 
     </span>
     <span class='ocr_line' id='line_1_33' title="bbox 124 2961 1200 3047; baseline -0.004 -18"><span class='ocrx_word' id='word_1_231' title='bbox 124 2972 174 3029; x_wconf 91' lang='lat' dir='ltr'><strong>tet</strong></span> <span class='ocrx_word' id='word_1_232' title='bbox 194 2983 252 3027; x_wconf 92' lang='lat' dir='ltr'><strong>nec</strong></span> <span class='ocrx_word' id='word_1_233' title='bbox 273 2984 315 3028; x_wconf 85' lang='lat' dir='ltr'><strong>ex</strong></span> <span class='ocrx_word' id='word_1_234' title='bbox 338 2983 372 3027; x_wconf 87' lang='lat' dir='ltr'><strong>se</strong></span> <span class='ocrx_word' id='word_1_235' title='bbox 396 2961 537 3026; x_wconf 78' lang='lat' dir='ltr'><strong>invicem</strong></span> <span class='ocrx_word' id='word_1_236' title='bbox 558 2981 642 3039; x_wconf 89' lang='lat' dir='ltr'><strong>esse,</strong></span> <span class='ocrx_word' id='word_1_237' title='bbox 657 2983 718 3027; x_wconf 92' lang='lat' dir='ltr'><strong>nec</strong></span> <span class='ocrx_word' id='word_1_238' title='bbox 738 2984 781 3026; x_wconf 86' lang='lat' dir='ltr'><strong>ex</strong></span> <span class='ocrx_word' id='word_1_239' title='bbox 803 2962 888 3035; x_wconf 90' lang='lat' dir='ltr'><strong>aliis,</strong></span> <span class='ocrx_word' id='word_1_240' title='bbox 910 2972 1005 3027; x_wconf 85' lang='lat' dir='ltr'><strong>etex</strong></span> <span class='ocrx_word' id='word_1_241' title='bbox 1028 2962 1108 3047; x_wconf 90' lang='lat' dir='ltr'><strong>ipsis</strong></span> <span class='ocrx_word' id='word_1_242' title='bbox 1130 2981 1200 3025; x_wconf 89' lang='lat' dir='ltr'><strong>esse</strong></span> 
     </span>
     <span class='ocr_line' id='line_1_34' title="bbox 123 3045 1199 3130; baseline -0.005 -20"><span class='ocrx_word' id='word_1_243' title='bbox 123 3047 236 3110; x_wconf 90' lang='lat' dir='ltr'><strong>omnia</strong></span> <span class='ocrx_word' id='word_1_244' title='bbox 259 3067 287 3106; x_wconf 82' lang='lat' dir='ltr'><strong>s.</strong></span> <span class='ocrx_word' id='word_1_245' title='bbox 312 3047 353 3112; x_wconf 89' lang='lat' dir='ltr'><strong>Et</strong></span> <span class='ocrx_word' id='word_1_246' title='bbox 375 3066 462 3122; x_wconf 91' lang='lat' dir='ltr'><strong>saue,</strong></span> <span class='ocrx_word' id='word_1_247' title='bbox 487 3045 514 3109; x_wconf 92' lang='lat' dir='ltr'><strong>si</strong></span> <span class='ocrx_word' id='word_1_248' title='bbox 538 3066 601 3109; x_wconf 95' lang='lat' dir='ltr'><strong>non</strong></span> <span class='ocrx_word' id='word_1_249' title='bbox 624 3047 735 3110; x_wconf 89' lang='lat' dir='ltr'><strong>omnia</strong></span> <span class='ocrx_word' id='word_1_250' title='bbox 757 3065 797 3107; x_wconf 76' lang='lat' dir='ltr'><strong>ear</strong></span> <span class='ocrx_word' id='word_1_251' title='bbox 818 3047 899 3130; x_wconf 79' lang='lat' dir='ltr'><strong>ipsis</strong></span> <span class='ocrx_word' id='word_1_252' title='bbox 911 3045 1199 3118; x_wconf 90' lang='lat' dir='ltr'><strong>constituerentur,</strong></span> 
     </span>
    </p>
   </div>
   <div class='ocr_carea' id='block_1_6' title="bbox 558 3203 690 3212">
    <p class='ocr_par' dir='ltr' id='par_1_8' title="bbox 558 3203 690 3212">
     <span class='ocr_line' id='line_1_35' title="bbox 558 3203 690 3212; baseline 0 0"><span class='ocrx_word' id='word_1_253' title='bbox 558 3203 690 3212; x_wconf 58' lang='grc' dir='ltr'><strong>...σο-.-</strong></span> 
     </span>
    </p>
   </div>
   <div class='ocr_carea' id='block_1_7' title="bbox 125 3269 1200 3702">
    <p class='ocr_par' dir='ltr' id='par_1_9' title="bbox 125 3269 1200 3488">
     <span class='ocr_line' id='line_1_36' title="bbox 165 3269 1200 3342; baseline -0.006 -11"><span class='ocrx_word' id='word_1_254' title='bbox 165 3282 173 3318; x_wconf 90' lang='lat'><strong>¹</strong></span> <span class='ocrx_word' id='word_1_255' title='bbox 195 3279 381 3332; x_wconf 74' lang='lat' dir='ltr'><strong>Adnotaudotn</strong></span> <span class='ocrx_word' id='word_1_256' title='bbox 402 3279 452 3328; x_wconf 86' lang='lat' dir='ltr'><strong>hoe</strong></span> <span class='ocrx_word' id='word_1_257' title='bbox 471 3283 511 3328; x_wconf 84' lang='lat' dir='ltr'><strong>est</strong></span> <span class='ocrx_word' id='word_1_258' title='bbox 530 3283 623 3327; x_wconf 82' lang='lat' dir='ltr'><strong>eontra</strong></span> <span class='ocrx_word' id='word_1_259' title='bbox 644 3273 777 3328; x_wconf 77' lang='lat' dir='ltr'><strong>Ttssotum</strong></span> <span class='ocrx_word' id='word_1_260' title='bbox 800 3269 1016 3342; x_wconf 73' lang='lat' dir='ltr'><strong>(Anthropologte</strong></span> <span class='ocrx_word' id='word_1_261' title='bbox 1037 3279 1200 3342; x_wconf 68' lang='grc' dir='ltr'><strong>ιρὸωιαιὶω,</strong></span> 
     </span>
     <span class='ocr_line' id='line_1_37' title="bbox 126 3348 1200 3419; baseline -0.004 -13"><span class='ocrx_word' id='word_1_262' title='bbox 126 3371 154 3406; x_wconf 80' lang='lat' dir='ltr'><strong>a.</strong></span> <span class='ocrx_word' id='word_1_263' title='bbox 175 3354 203 3408; x_wconf 71' lang='lat' dir='ltr'><strong>d.</strong></span> <span class='ocrx_word' id='word_1_264' title='bbox 224 3357 244 3403; x_wconf 88' lang='lat' dir='ltr'><strong>t.</strong></span> <span class='ocrx_word' id='word_1_265' title='bbox 266 3349 286 3409; x_wconf 94' lang='lat' dir='ltr'><strong>l,</strong></span> <span class='ocrx_word' id='word_1_266' title='bbox 309 3365 335 3413; x_wconf 87' lang='lat' dir='ltr'><strong>p.</strong></span> <span class='ocrx_word' id='word_1_267' title='bbox 357 3351 410 3401; x_wconf 79' lang='lat'><strong>385</strong></span> <span class='ocrx_word' id='word_1_268' title='bbox 424 3365 482 3415; x_wconf 84' lang='lat' dir='ltr'><strong>sqq,</strong></span> <span class='ocrx_word' id='word_1_269' title='bbox 497 3348 573 3414; x_wconf 75' lang='lat' dir='ltr'><strong>Biton</strong></span> <span class='ocrx_word' id='word_1_270' title='bbox 597 3350 688 3419; x_wconf 72' lang='grc'><strong>1843),</strong></span> <span class='ocrx_word' id='word_1_271' title='bbox 710 3349 841 3413; x_wconf 80' lang='lat' dir='ltr'><strong>aliosque,</strong></span> <span class='ocrx_word' id='word_1_272' title='bbox 856 3352 900 3413; x_wconf 85' lang='lat' dir='ltr'><strong>qui</strong></span> <span class='ocrx_word' id='word_1_273' title='bbox 915 3352 1019 3400; x_wconf 85' lang='lat' dir='ltr'><strong>cunctis</strong></span> <span class='ocrx_word' id='word_1_274' title='bbox 1033 3352 1200 3416; x_wconf 79' lang='lat' dir='ltr'><strong>corporibus,</strong></span> 
     </span>
     <span class='ocr_line' id='line_1_38' title="bbox 125 3425 656 3488; baseline -0.009 -11"><span class='ocrx_word' id='word_1_275' title='bbox 125 3427 245 3488; x_wconf 82' lang='lat' dir='ltr'><strong>aliquam</strong></span> <span class='ocrx_word' id='word_1_276' title='bbox 265 3425 346 3473; x_wconf 83' lang='lat' dir='ltr'><strong>rltam</strong></span> <span class='ocrx_word' id='word_1_277' title='bbox 368 3425 452 3473; x_wconf 83' lang='lat' dir='ltr'><strong>inesse</strong></span> <span class='ocrx_word' id='word_1_278' title='bbox 471 3427 656 3473; x_wconf 88' lang='lat' dir='ltr'><strong>autumaruut.</strong></span> 
     </span>
    </p>

    <p class='ocr_par' dir='ltr' id='par_1_10' title="bbox 129 3493 1199 3630">
     <span class='ocr_line' id='line_1_39' title="bbox 163 3493 1199 3559; baseline 0.001 -13"><span class='ocrx_word' id='word_1_279' title='bbox 163 3497 175 3534; x_wconf 73' lang='lat'><strong>²</strong></span> <span class='ocrx_word' id='word_1_280' title='bbox 196 3493 314 3546; x_wconf 80' lang='lat' dir='ltr'><strong>Diximus</strong></span> <span class='ocrx_word' id='word_1_281' title='bbox 332 3496 416 3559; x_wconf 81' lang='lat' dir='ltr'><strong>ortlpo,</strong></span> <span class='ocrx_word' id='word_1_282' title='bbox 437 3497 499 3559; x_wconf 87' lang='lat' dir='ltr'><strong>quta</strong></span> <span class='ocrx_word' id='word_1_283' title='bbox 519 3495 649 3559; x_wconf 81' lang='lat' dir='ltr'><strong>principia</strong></span> <span class='ocrx_word' id='word_1_284' title='bbox 669 3494 703 3543; x_wconf 81' lang='lat' dir='ltr'><strong>als</strong></span> <span class='ocrx_word' id='word_1_285' title='bbox 721 3493 870 3550; x_wconf 85' lang='lat' dir='ltr'><strong>elemcutts,</strong></span> <span class='ocrx_word' id='word_1_286' title='bbox 892 3499 924 3547; x_wconf 90' lang='lat' dir='ltr'><strong>ut</strong></span> <span class='ocrx_word' id='word_1_287' title='bbox 941 3499 1032 3557; x_wconf 86' lang='lat' dir='ltr'><strong>postea</strong></span> <span class='ocrx_word' id='word_1_288' title='bbox 1058 3493 1199 3556; x_wconf 88' lang='lat' dir='ltr'><strong>dicemus,</strong></span> 
     </span>
     <span class='ocr_line' id='line_1_40' title="bbox 129 3567 405 3630; baseline -0.011 -10"><span class='ocrx_word' id='word_1_289' title='bbox 129 3567 313 3630; x_wconf 77' lang='lat' dir='ltr'><strong>distinguenda</strong></span> <span class='ocrx_word' id='word_1_290' title='bbox 333 3574 405 3619; x_wconf 86' lang='lat' dir='ltr'><strong>sunt.</strong></span> 
     </span>
    </p>

    <p class='ocr_par' dir='ltr' id='par_1_11' title="bbox 163 3635 1091 3702">
     <span class='ocr_line' id='line_1_41' title="bbox 163 3635 1091 3702; baseline -0.003 -6"><span class='ocrx_word' id='word_1_291' title='bbox 163 3641 257 3696; x_wconf 68' lang='lat' dir='ltr'><strong>’Not</strong></span> <span class='ocrx_word' id='word_1_292' title='bbox 278 3640 398 3700; x_wconf 55' lang='lat' dir='ltr'><strong>aarum,</strong></span> <span class='ocrx_word' id='word_1_293' title='bbox 418 3639 465 3692; x_wconf 88' lang='lat' dir='ltr'><strong>lib.</strong></span> <span class='ocrx_word' id='word_1_294' title='bbox 486 3637 508 3702; x_wconf 91' lang='lat' dir='ltr'><strong>l,</strong></span> <span class='ocrx_word' id='word_1_295' title='bbox 529 3653 554 3693; x_wconf 85' lang='lat' dir='ltr'><strong>e.</strong></span> <span class='ocrx_word' id='word_1_296' title='bbox 575 3637 602 3701; x_wconf 67' lang='lat' dir='ltr'><strong>a,</strong></span> <span class='ocrx_word' id='word_1_297' title='bbox 624 3638 655 3692; x_wconf 78' lang='lat' dir='ltr'><strong>cl</strong></span> <span class='ocrx_word' id='word_1_298' title='bbox 671 3635 739 3690; x_wconf 84' lang='lat' dir='ltr'><strong>Plat.</strong></span> <span class='ocrx_word' id='word_1_299' title='bbox 760 3638 913 3692; x_wconf 79' lang='lat' dir='ltr'><strong>Parmanld.</strong></span> <span class='ocrx_word' id='word_1_300' title='bbox 933 3646 958 3692; x_wconf 84' lang='lat' dir='ltr'><strong>et</strong></span> <span class='ocrx_word' id='word_1_301' title='bbox 976 3639 1091 3694; x_wconf 75' lang='lat' dir='ltr'><strong>Plestia.</strong></span> 
     </span>
    </p>
   </div>
   <div class='ocr_carea' id='block_1_8' title="bbox 0 0 1252 3909">
    <p class='ocr_par' dir='ltr' id='par_1_12' title="bbox 0 0 1252 3909">
     <span class='ocr_line' id='line_1_42' title="bbox 0 0 1252 3909; baseline 0 0"><span class='ocrx_word' id='word_1_302' title='bbox 0 0 1252 3909; x_wconf 95' lang='lat' dir='ltr'><strong> </strong></span> 
     </span>
    </p>
   </div>
  </div>
 </body>
</html>
