2475 3909
144 116 206 181 eto
514 134 784 182 aarussorotoum

147 214 216 278 170.
240 210 404 279 Adnotare
430 214 531 279 etiam
554 225 694 300 praestat
718 216 771 279 illa
799 213 896 279 verba
919 214 1077 290 frenesis,
1100 216 1175 300 qui·

104 293 166 357 bus
187 294 344 359 asseritur
365 294 470 360 Deum
493 296 668 382 inspirasse
693 298 725 361 iu
748 296 868 361 faciem
892 297 1007 361 Adami
1028 298 1176 381 spiracu-

103 375 172 438 lum
193 376 275 439 citos
291 378 316 452 ¹,
337 381 563 453 emanatismo,
584 378 859 463 quemadmodum
883 390 955 462 post
977 399 1004 441 s.
1021 380 1179 463 Augusti-

104 458 210 521 nnm²
233 460 380 542 Aquinas
401 459 577 537 adnotavit,
594 459 715 525 nedum
730 459 856 535 lavere,
879 459 1058 524 adversari.
1084 484 1102 520 u
1129 460 1179 522 ln-

105 539 241 625 spiratio
263 541 441 623 praedicta,
455 543 513 618 ait,
530 562 716 639 processum
733 544 818 607 vitae
834 564 851 607 a
866 540 934 605 Deo
949 545 983 607 in
998 542 1179 617 hominem,

105 621 285 686 secuudum
311 622 485 720 quamdam
513 624 762 689 similitudinem
791 624 1012 695 demonstrat.
1040 644 1105 687 non
1131 642 1178 687 se·

105 702 249 768 cundum
272 714 427 769 unitatem
449 704 647 771 substantiae
679 705 919 791 propterquod
944 720 976 769 et
1001 708 1032 767 in
1058 704 1177 768 laeiem

106 787 242 871 spiritus
264 789 350 851 vitae
372 785 494 852 dicitur
516 788 715 874 inspiratus:
739 790 818 871 quia
845 808 920 849 curn
947 790 979 851 in
1002 787 1061 851 hac
1086 800 1177 871 parte

105 888 165 931 cor
187 869 255 934 oris
276 869 339 933 sint
362 868 507 953 plurium
529 891 680 935 sensuum
704 890 824 966 organa
849 870 922 944 sita,
948 870 980 932 in
1006 868 1076 963 ipsa
1094 868 1179 931 facie

106 889 291 1016 evidentius
312 953 378 1015 vita
402 962 608 1017 monstratur.
633 952 686 1018 Sic
710 952 718 1014 i
746 962 813 1016 rtur
836 950 921 1016 Deus
941 952 1123 1033 inspirasse
1147 951 1177 1013 in

108 1031 227 1096 facicm
248 1031 390 1097 hominis
404 1031 604 1115 spiraculum
621 1034 705 1098 vitae
719 972 853 1107 dicitur,
868 1034 948 1116 quia
962 1052 977 1094 s
1003 1032 1119 1095 iritum
1136 1032 1180 1092 ri-

107 1126 158 1177 tae
180 1114 301 1178 homini
324 1111 425 1188 dedit,
449 1135 513 1179 non
534 1136 609 1179 eum
632 1136 672 1177 aa
697 1135 755 1179 sua
778 1114 957 1179 substantia
979 1052 1177 1183 decidendm

107 1216 183 1259 nam
203 1207 235 1260 et
256 1196 313 1278 qui
337 1196 551 1281 corporaliter
572 1194 702 1263 insutlat
725 1198 758 1260 in
783 1196 897 1259 laciem
919 1195 1075 1270 alicuius,
1093 1194 1178 1258 unde

108 1276 238 1342 videtur
258 1288 364 1341 sumta
386 1298 455 1342 esse
478 1279 678 1363 metaphora,
702 1298 810 1341 aerem
833 1278 865 1339 io
891 1274 1007 1340 faciem
1022 1278 1098 1340 eius
1124 1279 1181 1341 im·

108 1359 211 1444 pellit,
236 1378 298 1423 non
321 1370 430 1423 arsiam
452 1359 596 1444 aliquam
618 1380 696 1425 suae
712 1358 908 1423 substantiae
932 1368 1059 1444 partem
1082 1359 1117 1421 in
1135 1358 1180 1443 ip

107 1461 179 1506 eum
200 1440 349 1505 emittit⁸
372 1463 400 1502 n.

234 1571 302 1625 Aur.
319 1571 365 1623 lll.
381 1601 413 1609 -
430 1573 584 1637 inquiritur,
605 1582 694 1624 ntrnm
716 1588 798 1624 necne
818 1575 905 1624 anime
926 1573 1042 1624 hnmana

464 1660 511 1709 per
530 1651 693 1698 creationem
713 1651 817 1696 oriatur

151 1751 221 1818 171.
245 1752 363 1816 Anima
379 1752 531 1831 humana,
546 1754 668 1839 quippe
684 1774 782 1837 quae,
798 1751 846 1817 uti
861 1748 1076 1825 ostendimus,
1091 1770 1111 1811 a
1129 1748 1183 1813 tii-

109 1834 186 1899 vina
208 1833 389 1900 substantia
411 1854 475 1897 non
496 1848 636 1912 emanat,
661 1836 757 1910 oriri,
781 1835 850 1898 sive
866 1854 884 1897 a
898 1851 1034 1895 oooesse
1060 1829 1100 1895 ad
1124 1852 1182 1894 esse

109 1915 243 1983 transiri
264 1914 401 1981 dicenda
423 1925 483 1982 cst.
507 1917 574 1981 lam
597 1938 648 1981 res
670 1917 789 2001 incipit
809 1936 878 1981 esse
900 1913 950 1978 vel
971 1934 1029 1999 per
1043 1914 1185 1978 creatio-

110 2020 208 2072 nem,
230 1998 280 2062 sel
305 2018 363 2083 per
384 2000 622 2093 generationem
639 2000 664 2074 ⁸;
687 2008 888 2083 quapropter
920 1993 1068 2080 quaestio
1095 1996 1183 2059 circa

109 2078 257 2155 modum,
272 2099 337 2162 quo
352 2100 459 2142 anama
474 2080 612 2145 hnmana
627 2091 735 2146 ortum
749 2079 856 2153 habet,
872 2078 934 2143 ltuc
946 2075 1044 2151 redit,
1058 2086 1182 2150 utrum,

111 2171 183 2247 post
203 2172 345 2227 creatam
360 2161 459 2247 primi
475 2160 614 2226 hominis
638 2162 793 2238 animam,
810 2172 994 2227 ceterorum
1010 2158 1183 2222 hominnm

110 2244 237 2309 animae
259 2262 318 2325 per
340 2244 580 2327 generationem
609 2244 757 2327 corporis
785 2240 1028 2327 producantur,
1053 2260 1094 2302 an
1119 2243 1184 2304 sin·

111 2324 203 2410 gulas
225 2328 350 2389 animas
372 2344 456 2386 nunc
477 2344 609 2408 quoque
632 2322 720 2389 Deus
748 2345 790 2388 ex
818 2322 921 2388 nihilo
949 2330 1033 2385 creet
1060 2322 1095 2387 in
1118 2324 1184 2386 sin·

111 2406 264 2492 polorum
285 2404 494 2489 corporibus,
516 2426 617 2489 aeque
639 2425 676 2469 ac
700 2405 796 2490 primi
820 2404 963 2469 hominis
981 2404 1130 2467 animam
1153 2403 1184 2465 in

110 2489 183 2554 ciue
204 2507 342 2584 corpore
367 2482 490 2550 inludit
510 2487 663 2563 creando,
686 2500 719 2551 et
742 2484 944 2552 infundendo
967 2485 1104 2549 creavit.

153 2570 224 2634 172.
247 2569 287 2645 lt,
309 2567 366 2654 qui
390 2567 535 2652 priorem
557 2568 697 2653 originis
719 2568 848 2636 animae
869 2588 1000 2631 causam
1026 2566 1184 2637 all'erunt,

115 2651 314 2716 Trndoes'nos'
335 2670 353 2712 a
380 2647 495 2733 pellari
519 2649 645 2727 solent,
669 2650 791 2736 quippe
823 2650 900 2735 quia
922 2648 1067 2711 animam
1088 2668 1109 2711 a
1155 2666 1187 2709 a·

112 2731 261 2797 rentibus
281 2731 314 2795 in
334 2668 421 2795 tilios
442 2731 580 2809 traduci,
596 2732 665 2797 sive
682 2731 856 2797 transmitti
879 2728 1095 2793 arbitrantur.
1121 2666 1188 2794 tlu-

113 2813 193 2912 plici
217 2822 325 2878 eutem
347 2812 474 2878 ratione
489 2812 568 2878 haec
582 2813 738 2879 sententia
760 2812 919 2911 explicari
936 2820 1054 2896 potest,
1071 2831 1187 2895 nempe

114 2908 158 2963 ita
182 2904 217 2960 ut
238 2892 345 2956 anima
368 2891 428 2958 tilii
451 2893 491 2957 ab
514 2895 621 2960 anima
643 2894 746 2981 patris
768 2894 852 2959 oriri
885 2892 1014 2956 dicatur
1048 2891 1098 2955 sel
1127 2912 1189 2956 mr-

112 2978 209 3053 diute,
231 2976 298 3040 sive
320 2995 381 3061 per
401 2975 639 3044 traductionem
662 2977 807 3053 seminis,
831 2972 881 3041 rel
904 2972 1084 3037 immediate
1098 2976 1125 3036 ⁵.

152 3180 161 3215 ¹
183 3172 238 3243 Cap
271 3177 306 3232 ll.
329 3192 355 3229 r.
377 3180 402 3229 7.
412 3180 454 3217 -2
466 3182 504 3230 De
522 3181 587 3231 Gen.
607 3182 644 3231 ud
662 3182 722 3239 titt,
742 3179 791 3231 tte.
811 3176 871 3239 Vll,
891 3192 917 3229 e.
938 3177 967 3227 3.

150 3250 270 3302 'Croto
290 3253 379 3309 Gens„
401 3252 447 3301 ists,
468 3250 502 3311 ll,
523 3266 549 3302 e.
570 3250 668 3302 ee-t
688 3248 723 3302 Gi
739 3253 863 3310 coemat,
883 3264 910 3300 c.
934 3249 953 3308 l,
974 3263 1000 3299 a.
1023 3250 1050 3307 5,
1073 3264 1101 3311 p.
1126 3249 1189 3299 tos.

150 3319 256 3372 ‘ilaue
274 3324 426 3385 opinionem
446 3325 566 3372 nonnulii
585 3338 609 3373 e.
627 3323 774 3387 Angrretino
793 3322 954 3373 attribuunt:
974 3325 1016 3371 ast
1035 3334 1189 3385 perperam.

115 3389 183 3441 Nam
208 3396 233 3442 tn
260 3395 353 3456 primis
377 3400 500 3445 sanctum
528 3392 667 3445 Ductorem
693 3408 740 3456 pro
765 3408 797 3445 ea
823 3394 953 3445 renuistis
973 3395 1078 3443 stetisse
1102 3406 1137 3443 ex
1161 3394 1191 3442 iis

117 3464 182 3512 iocis
201 3467 276 3525 argui
297 3467 407 3527 nequit,
429 3468 454 3515 in
474 3467 570 3530 quibos
588 3468 621 3515 de
641 3467 743 3529 origine
770 3466 876 3519 animae
900 3465 1050 3523 disserena,
1072 3466 1141 3515 nihil
1160 3465 1191 3513 sle

116 3530 167 3579 hae
186 3534 340 3592 quaestione
359 3536 468 3586 delinire
489 3538 571 3587 vosnst
590 3533 634 3603 (ct
645 3538 711 3586 iaaac
732 3541 789 3588 toea
810 3538 879 3599 apud
901 3535 984 3587 Andr.
1000 3532 1108 3592 llartin.
1125 3538 1191 3588 Sun-

115 3603 148 3652 sll
166 3601 266 3656 esrem
283 3607 418 3670 dispertio,
439 3609 552 3669 Pictos,
573 3607 635 3662 l‘ars
656 3606 701 3671 tv,
722 3622 749 3662 c.
770 3608 872 3671 tii-et,
892 3606 966 3663 Paris
987 3606 1072 3670 1863,
1092 3614 1121 3659 et
1141 3606 1191 3661 sili.
