2475 3909
459 193 733 242 sarranomnoom
1020 182 1082 249 275

56 299 94 343 re
117 289 209 355 erat,
232 296 307 341 eum
334 296 374 340 eo
397 287 507 360 pastea
535 278 775 363 coniungatur;
800 288 896 365 atque
924 282 1001 349 hace
1031 308 1125 353 eausa

57 360 110 425 vei
133 359 174 424 ab
197 363 265 445 ipsa
294 358 457 425 voluntate
486 359 636 436 animae,
660 360 710 425 vel
736 358 776 423 ab
803 362 915 445 atiquo
942 368 1125 433 extrinseco

55 454 109 507 est
129 440 314 526 repetenda.
338 443 437 523 Atqui
469 450 622 504 nentrum
655 444 773 505 assumi
798 454 903 525 potest
920 446 941 507 ¹.
966 448 1038 513 Non
1062 455 1128 533 pri-

57 544 162 598 mum3
185 526 262 608 quia
284 525 312 586 si
333 524 441 585 anima
465 523 591 585 nullum
613 522 654 586 ad
677 524 937 591 coniunctionem
958 548 1033 593 aum
1056 552 1127 595 eor-

57 626 140 690 pore
162 605 343 671 naturalem
365 604 512 668 ordinem
535 603 642 682 habet,
667 604 812 687 profecto
833 626 969 692 corpore
994 630 1057 675 non
1083 614 1128 675 in·

57 688 160 772 diget3
183 700 293 773 atque,
315 686 342 750 si
367 706 504 771 corpore
525 706 588 749 non
611 687 748 770 indiget,
774 688 840 750 imo
855 710 895 752 ex
911 690 995 774 ipso,
1017 702 1053 757 ut
1074 694 1129 757 ad-

58 772 210 846 versarii,
233 778 344 833 eontra
358 788 439 852 quos
455 788 649 853 pugnamus,
675 766 885 845 contendunt,
902 792 1028 847 eorum,
1045 793 1128 857 quae

58 852 152 936 prius
173 852 281 925 seivit,
303 849 500 914 oblivionem
523 850 681 934 paucum,
706 850 793 914 nulia
809 853 891 915 ratio
906 862 964 930 est,
980 873 1039 917 cur
1054 876 1128 921 cum

58 954 101 997 eo
123 934 276 1016 coniungi
302 932 388 996 vetit.
413 931 526 1016 Neque
548 930 699 1006 alterum,
715 954 789 995 nam
811 934 952 1011 animae,
969 940 1129 1019 corporis-

57 1033 125 1098 que
146 1015 346 1089 coniunctio,
374 1034 458 1098 quae
480 1034 587 1096 neque
609 1037 651 1077 ex
675 1025 802 1089 natura,
825 1036 929 1099 neque
952 1038 992 1080 ex
1016 1018 1127 1083 voiun-

60 1106 126 1160 tate
150 1096 252 1191 ipsius
272 1097 421 1171 animae,
444 1095 498 1159 sed
521 1114 540 1156 a
562 1115 657 1161 causa
680 1097 860 1161 extrinseca
889 1098 1128 1183 proficiscitur,

59 1198 120 1262 per
142 1178 327 1243 nolentiam
349 1178 475 1241 animae
500 1177 622 1243 iliatam
650 1177 719 1241 fieri
749 1176 882 1242 dicenda
906 1194 977 1257 est;
1000 1193 1032 1247 et
1053 1203 1130 1267 qao-

60 1260 151 1322 niam
172 1280 259 1323 omac
281 1258 448 1323 violentam
469 1272 511 1323 cst
537 1269 647 1321 contro
672 1272 840 1334 acturam,
866 1264 1052 1329 coniunctio
1075 1266 1128 1329 itia

60 1352 228 1424 tamquam
249 1339 374 1424 aliquid
404 1352 538 1407 naturae
567 1343 766 1405 eontrarium
794 1340 938 1407 habenda
973 1344 1075 1421 soret;
1099 1360 1132 1411 et

61 1421 138 1485 ideo
158 1422 258 1499 domo,
280 1424 337 1506 qui
356 1443 396 1485 ce
416 1432 545 1509 atroque
567 1423 778 1507 componitur,
803 1437 847 1489 cst
868 1426 943 1510 quid
965 1427 1129 1492 iunctoru-

60 1504 105 1577 !e‚
147 1505 209 1567 uod
224 1514 308 1588 potet
331 1525 391 1569 csse
425 1504 526 1568 alsam
543 1508 566 1570 ⁸.

105 1524 175 1651 138.
200 1584 356 1650 Eamdem
377 1584 420 1649 ob
442 1586 626 1661 rationem,
649 1585 791 1651 animam
819 1586 852 1650 in
875 1609 993 1673 corpus
1015 1592 1054 1653 ad
1079 1595 1127 1655 sui

61 1667 264 1751 suppliciam
285 1666 416 1733 detrudi
438 1665 652 1733 falsissimum
679 1678 737 1733 est.
762 1668 803 1734 Et
824 1689 912 1745 sana,
937 1668 969 1733 1⁰
992 1684 1028 1736 ut
1050 1672 1129 1738 scite

61 1759 313 1829 argumentatur
343 1749 520 1834 Anaeticus
553 1750 687 1825 Doctor,
711 1773 728 1812 a
754 1768 857 1832 poena
891 1750 975 1817 bono
998 1764 1131 1819 naturae

62 1830 275 1905 adversatur,
298 1841 331 1896 et
352 1852 394 1895 ex
415 1832 476 1895 hae
501 1832 626 1897 dicitur
650 1830 746 1895 mala.
769 1832 801 1897 Si
822 1833 925 1917 igitur
957 1836 1034 1898 nnio
1063 1838 1132 1900 ani-

62 1932 161 1988 mae,
184 1923 217 1979 et
238 1913 386 1997 corporis
407 1925 456 1981 est
475 1914 640 1999 quoddam
662 1914 820 1998 poenale,
849 1935 911 1978 non
939 1926 988 1982 est
1013 1915 1131 1982 bonum

46 2004 211 2071 -naturae3
234 1994 319 2081 quod
341 2006 391 2060 est
413 1997 626 2079 impossibile:
643 2006 690 2060 est
710 1996 794 2059 enim
817 1997 976 2061 intentum
999 2019 1058 2084 per
1079 2019 1133 2061 na-

62 2087 185 2147 turam,
208 2076 345 2143 named
368 2077 427 2141 hoc
448 2079 605 2144 naturalis
628 2078 794 2163 generatio
816 2078 1020 2145 terminatur.
1045 2082 1086 2147 Et
1108 2083 1133 2145 i·

64 2168 173 2222 terum
195 2172 389 2245 sequeretur
409 2158 495 2245 qnod
517 2182 586 2225 esse
607 2159 772 2224 homiaem
807 2178 869 2221 non
901 2173 985 2225 esset
1011 2161 1133 2227 bonum

63 2240 242 2306 secundnm
275 2258 450 2316 naturam;
479 2262 554 2306 cum
584 2253 693 2308 tamen
721 2238 1135 2321 Genescos1,3l,dieatnr

64 2332 140 2406 post
159 2322 302 2388 hominis
321 2323 528 2388 creationem:
555 2323 645 2388 Vidit
667 2322 751 2386 Deus
771 2332 883 2387 coacta
907 2346 982 2410 quac
1004 2328 1134 2410 fecerat,

62 2414 94 2467 ct
115 2417 202 2469 cruat
223 2404 309 2470 caldo
331 2406 436 2469 doao‘
460 2427 489 2466 a.

105 2482 141 2548 2⁰
163 2490 301 2552 Animae
321 2486 585 2553 coniunctionem
613 2508 689 2550 cum
716 2505 854 2569 corpore
877 2490 1042 2572 poenalem
1065 2508 1135 2553 esse

63 2566 193 2636 admitti
215 2570 353 2666 nequit,
376 2569 458 2655 quin
480 2567 631 2663 graviora
653 2567 773 2632 seelera
795 2566 879 2631 haud
902 2570 985 2635 iuste
1007 2593 1025 2637 a
1049 2572 1136 2656 prin-

63 2651 197 2740 cipibus
216 2652 335 2717 atomo
357 2672 417 2737 sup
442 2650 520 2714 licio
543 2650 654 2734 puniri
681 2658 837 2713 sumatur.
862 2650 902 2717 Ut
934 2653 1022 2717 enim
1044 2674 1136 2739 egre-

65 2738 120 2819 gie
153 2734 333 2819 disputavit
364 2755 389 2798 s.
413 2669 555 2820 dyrittus
577 2730 840 2797 Alexandrinus:
865 2733 940 2797 «Si
965 2743 1038 2800 ante
1065 2756 1137 2800 aor-

65 2835 128 2899 pus
149 2818 293 2882 existens
314 2815 421 2879 anima
445 2812 602 2899 peccavit,
627 2824 660 2878 et
685 2812 807 2879 ideireo
830 2812 947 2879 innexa
969 2826 1017 2882 est
1031 2819 1135 2891 carni,

64 2916 165 2980 quam
187 2897 231 2962 ob
251 2916 384 2961 causam
406 2897 459 2960 tex
474 2896 626 2980 graviora
647 2892 781 2979 quidem
796 2906 928 2981 peccata
943 2907 1047 2963 morte
1069 2898 1137 2984 pie-

66 2979 126 3055 cti,
148 2981 353 3046 innocentem
374 2998 453 3044 vero
474 2978 584 3044 vivere
606 2976 795 3075 permittit?
817 2976 998 3045 Praestaret
1012 2982 1136 3065 quippe

110 3062 257 3126 rmiuere
279 3060 546 3144 turpissimorum
568 3060 744 3123 eriminum
768 3076 842 3121 reos
857 3057 913 3121 diu
936 3060 967 3122 in
991 3062 1137 3145 eorpori-

65 3077 131 3207 de
152 3141 310 3220 haerere,
332 3150 370 3206 nt
390 3139 450 3204 hoe
473 3149 566 3225 pacto
589 3141 722 3227 gravius
744 3138 959 3224 punirentur;
984 3142 1137 3207 innoeen-

68 3234 118 3290 tes
139 3244 216 3289 vero
238 3221 432 3308 corporibus
453 3221 587 3299 exsolvi,
610 3223 638 3286 si
662 3242 783 3307 poenae
805 3219 876 3285 loeo
899 3220 1043 3288 inclusae
1065 3234 1139 3288 sunt

67 3304 197 3370 animae
218 3305 254 3369 in
275 3303 481 3391 corporibus.
505 3304 566 3371 Sed
588 3314 711 3381 contra,
735 3312 838 3367 morte
854 3302 986 3387 quidem
1001 3306 1137 3389 punitur

104 3564 117 3601 ί
137 3560 159 3621 t,
180 3564 232 3613 toc.
253 3562 369 3613 cit-²
388 3558 532 3619 Gildoni..
552 3575 579 3616 c.
599 3558 622 3621 t,
642 3576 669 3613 a.
690 3563 717 3622 3,
738 3577 766 3627 o.
791 3562 840 3614 tat
858 3564 912 3614 rot.
935 3562 955 3613 Ι.

105 3635 225 3687 ³c0nrr.
246 3636 334 3695 Geat,
353 3635 400 3685 tib.
420 3633 456 3694 ΙΙ,
476 3648 502 3684 o.
523 3634 637 3685 83.-‘
658 3637 722 3687 tota.
874 3703 894 3747 ἡ
