2475 3909
141 154 202 219 ‘286
509 168 782 217 ,mrauoroeoum

99 253 200 335 Atqui
224 271 319 315 nemo
341 248 496 315 diffitetur
518 251 641 315 nullam
663 253 722 315 hac
746 254 778 315 in
805 250 865 316 vita
888 268 956 312 esse
980 266 1120 320 veram,
1145 254 1181 309 et

124 332 277 397 erfectam
293 330 497 407 felicitatem,
513 353 596 416 quae
618 332 744 397 scilicet
758 333 888 417 expleat
909 349 1022 393 omnes
1044 329 1181 391 animae

101 353 282 478 iacultates.
307 415 421 498 Ergo,
445 415 471 477 si
492 414 580 480 Deus
606 416 747 479 animam
771 416 804 477 in
828 412 963 478 nihilum
985 410 1179 493 redigeret,

102 515 140 558 ac
162 493 299 581 proinde
328 498 428 561 altera
455 507 526 593 post
551 508 754 583 praesentem
783 496 849 560 vita
878 516 940 558 non
962 504 1181 639 superesset,

101 574 223 643 frustra
244 578 330 641 huuc
356 588 535 664 appetitum
564 578 605 642 ab
628 580 701 663 lpso
723 578 861 665 singulis
882 576 1006 640 homini
1035 594 1072 639 us
1101 572 1182 635 insi·

102 666 174 722 tum
195 679 264 724 esse
286 670 552 744 consequeretur,
567 672 663 745 atque
686 664 770 727 Eum
793 658 967 724 admodum
989 654 1177 725 crudelem,

102 749 136 804 et
156 740 279 804 hommr
301 744 471 806 inimicum
491 741 613 826 lingere
636 743 852 818 deberemus,
874 741 952 825 quia
975 740 1055 803 hanc
1079 736 1179 819 cupi-

103 819 235 888 ditatem
258 822 427 888 hominum
450 826 567 889 animis
588 825 772 899 inserendo,
796 844 851 888 eos
873 822 1098 905 maximopere
1120 838 1178 880 ex-

103 905 275 980 cruciaret,
290 904 491 989 efficeretque
513 906 618 972 brutis
639 905 861 972 animantibus
883 903 1078 977 deteriores,
1097 920 1179 983 quo-
1236 922 1237 975 ,

103 1004 177 1049 rum
193 985 408 1132 appetitiones
421 987 481 1052 hac
503 988 535 1052 in
550 990 615 1053 vita
641 989 827 1075 plenissime
850 986 1019 1051 satiantur.
1035 984 1105 1046 lam
1122 981 1179 1044 lrn-

104 1086 179 1130 rum
201 1078 339 1132 aterum
361 1066 519 1147 Bonitati‚
543 1070 680 1135 alterum
702 1070 888 1156 Sapientiae
911 1066 970 1131 Dei
995 1072 1176 1150 repugnat:

103 1167 180 1211 nam
202 1172 220 1209 u
235 1158 347 1213 contra
370 1151 529 1215 rationem
551 1154 731 1236 sapientiae
753 1161 813 1225 est,
837 1161 873 1215 ut
895 1150 934 1214 sit
955 1143 1084 1232 aliquid
1108 1141 1177 1206 sru-

105 1237 170 1292 stra
188 1231 221 1291 in
235 1251 256 1293 o
299 1229 390 1295 ribus
412 1232 590 1317 sapientis*
605 1257 634 1296 n.
651 1236 739 1318 Ergo
755 1232 932 1298 destructio
955 1230 1086 1293 animae
1101 1245 1176 1287 cum
1236 1240 1237 1297 t

104 1309 222 1374 Divina
268 1312 423 1396 apientia,
446 1325 479 1378 et
499 1314 648 1381 Bonitate
670 1327 754 1381 stare
777 1334 845 1378 nou
863 1320 978 1399 potest.

145 1393 216 1457 216.
241 1393 330 1457 llaec
350 1403 460 1459 autem
482 1395 582 1460 altera
604 1398 673 1461 vita
696 1404 853 1481 perpetua
875 1395 918 1460 sit
939 1400 1085 1477 oportet;
1107 1399 1176 1453 tum

105 1476 198 1558 quia,
221 1489 257 1539 ut
279 1474 387 1559 iuquit
409 1480 534 1541 Auctor
555 1477 631 1543 libri
654 1478 688 1541 de
711 1478 850 1563 Spiritu,
876 1492 901 1540 et
925 1477 1054 1546 Anime,
1072 1494 1091 1531 u
1108 1468 1178 1533 nul-

105 1556 174 1620 lum
198 1554 330 1633 bonum,
347 1568 476 1641 praeter
497 1579 673 1635 summum,
697 1560 821 1624 homini
845 1558 990 1624 sufficere
1013 1553 1176 1638 potcst²n3

106 1648 176 1701 tum
198 1639 290 1720 quia,
313 1636 504 1704 observante
525 1660 551 1703 s.
575 1643 778 1726 Augustino,
802 1640 936 1713 honum,
958 1632 1046 1723 quod
1071 1632 1178 1718 perle-

107 1731 177 1782 ctae
193 1716 355 1784 beatitatis
376 1720 588 1805 cupiditatem
611 1723 744 1808 explere
769 1731 886 1807 potest,
903 1719 966 1784 tale
989 1738 1058 1782 esse
1082 1714 1179 1779 debet

108 1823 125 1860 u
142 1798 230 1884 quod
253 1800 365 1883 lliomo
409 1822 472 1866 non
494 1805 622 1868 amittat
644 1805 775 1870 invitus.
799 1805 929 1887 Quippe
953 1819 1048 1863 nemo
1072 1808 1179 1880 potest

107 1881 271 1947 confidere
285 1881 324 1946 de
339 1894 372 1949 ta
388 1884 396 1946 i
419 1882 516 1961 bono,
532 1884 617 1968 quod
634 1885 694 1950 sibi
711 1887 759 1950 eri
788 1886 796 1947 i
813 1904 906 1981 posse
922 1882 1031 1957 sentit,
1046 1880 1177 1943 etiamsi
1236 1894 1237 1907 ¹

109 1965 251 2030 retinere
275 1964 320 2041 id,
344 1965 562 2051 amplectique
585 1967 739 2032 voluerit.
755 1906 914 2051 dursquis
936 1974 1045 2028 autem
1067 1958 1109 2023 de
1124 1958 1178 2023 bo·

107 2066 161 2121 no,
182 2066 249 2130 quo
270 2046 407 2123 lruitur,
430 2068 495 2111 nou
523 2047 671 2125 confidit,
699 2050 844 2114 intanto
867 2046 984 2112 timore
1007 2040 1177 2107 amittendi

109 2125 223 2191 beatus
245 2148 314 2192 esse
336 2130 392 2212 qul
414 2130 551 2214 potest?
566 2132 578 2168 ⁸
594 2154 612 2191 n

149 2208 223 2273 217.
247 2210 333 2274 Huic
355 2226 547 2295 argumento
580 2210 754 2296 respondet
776 2216 898 2275 Auctor
918 2206 1106 2305 qutemutis
1127 2226 1178 2266 na-

111 2301 224 2366 turae,
248 2290 394 2355 homines
416 2292 601 2359 desiderare
623 2294 721 2359 vitam
744 2294 916 2374 eorporis,
940 2302 1085 2373 itemque
1111 2306 1178 2351 csse

110 2370 241 2447 divites,
263 2384 338 2447 etc,
365 2393 423 2437 uec
446 2386 554 2440 tamen
576 2396 706 2459 semper
728 2376 867 2450 vivunt,
891 2392 949 2436 nec
973 2390 1086 2433 omnes
1110 2382 1179 2433 sunt

111 2452 241 2520 divites.
258 2456 300 2520 ut
315 2456 504 2540 reponimus
517 2454 782 2541 distinguendam
798 2476 866 2520 esse
886 2452 1101 2537 cupiditatem
1111 2452 1179 2535 pri·

109 2536 280 2613 milicem,
304 2547 336 2603 et
364 2538 571 2602 universalem
601 2558 619 2601 a
642 2536 881 2623 cupiditatibus
909 2533 1129 2609 secrtnduriis,
1152 2542 1180 2596 et
1236 2536 1237 2575 ³

105 2618 366 2701 particularibus.
390 2619 460 2696 ltu,
482 2642 557 2685 cum
583 2620 729 2682 omnium
753 2620 873 2683 animis
895 2619 983 2691 insit,
1001 2636 1017 2677 a
1034 2614 1104 2678 Deo
1127 2634 1179 2678 au·

111 2709 200 2764 ctore
222 2710 354 2764 naturae
376 2701 538 2784 originem
561 2701 664 2777 ducit,
686 2700 886 2785 proindeque
909 2719 973 2761 uon
989 2706 1097 2793 potest
1118 2716 1180 2759 nou

110 2781 252 2863 expleri3
275 2780 334 2845 hae
357 2791 464 2846 autem
488 2782 535 2846 illi
563 2782 830 2857 subiiciuntur⁸3
850 2792 882 2845 et
904 2798 1058 2877 quomam
1081 2776 1121 2840 ad
1144 2778 1180 2840 il-

111 2862 175 2925 lam
189 2862 414 2947 contingenter
434 2864 636 2941 releruutnr,
658 2884 761 2949 neque
784 2864 819 2928 in
834 2859 986 2927 omuibus
1009 2860 1179 2923 inveniun-

113 2954 184 3019 tur,
202 2964 306 3027 neque
329 2965 457 3030 semper
478 2947 602 3031 expleri
627 2954 770 3031 pessunt.

487 3098 814 3115 W

112 3213 164 3263 que
183 3200 326 3262 quisquam
345 3203 386 3248 est
404 3200 431 3249 iu
450 3199 588 3249 hominum
607 3208 721 3259 genere,
740 3195 785 3258 qui
807 3208 857 3245 non
878 3194 940 3243 huto
959 3194 1118 3250 sententiae,
1137 3206 1180 3243 aa·

111 3278 220 3335 tequam
239 3272 316 3333 plene
335 3270 493 3328 alteratam,
514 3270 664 3321 consentiat
677 3286 702 3325 ’t
724 3270 762 3317 De
781 3266 960 3325 martellum„
981 3264 1052 3317 lind.
1064 3266 1180 3323 e.3,u.l.

149 3344 157 3375 ¹
178 3344 267 3392 Contr.
287 3342 376 3399 cene..
396 3343 443 3392 tn.
462 3340 509 3401 lll,
529 3358 555 3393 e.
575 3342 622 3391 69.

150 3411 162 3445 ²
181 3406 247 3473 Cap.
270 3412 382 3461 ll.-·-⁸
401 3417 440 3463 Dc
461 3416 556 3463 morto.
577 3414 657 3469 Erat..
679 3411 725 3459 tib.
747 3407 769 3467 l,
789 3424 815 3459 c.
836 3410 863 3466 3.
884 3424 912 3458 n.
933 3410 960 3459 s.

150 3478 160 3513 ⁴
182 3477 299 3531 ·0mnia
317 3483 399 3533 homo
423 3487 578 3536 naturaliter
597 3484 654 3535 vult
672 3482 873 3532 beatitudinem.
893 3478 929 3531 Et
946 3494 979 3531 ex
998 3480 1050 3530 hac
1068 3480 1181 3531 naturali

114 3550 249 3599 voluntate
267 3559 412 3603 caueantur
430 3570 523 3606 omnes
542 3558 610 3606 aliae
625 3556 783 3610 voluntates.
795 3568 857 3604 cum
876 3552 1002 3617 quidquid
1023 3552 1181 3612 demeruit,

63 3629 67 3638 ·
115 3619 177 3671 velit
197 3620 448 3687 properarem»,
469 3626 489 3687 Ι,
510 3644 537 3692 q·
559 3626 612 3687 tx,
633 3640 658 3677 a.
680 3626 695 3675 2
716 3640 742 3677 c.
