2475 3909
515 192 690 244 rneacocm
963 252 971 271 ⁸
1032 178 1096 248 205

175 319 509 383 aicit-mummi,
522 322 585 387 qnid
598 322 647 371 eibi
661 322 725 373 velit
739 322 854 387 cognitio
868 322 1031 385 immediata,

489 408 536 445 eeu
550 396 657 445 intuitio
671 392 719 445 Dei

104 531 160 597 34.
176 527 330 612 Cognitio
351 525 549 604 immediata,
572 536 605 593 et
626 524 761 604 directa,
777 536 874 613 prout
894 527 947 591 hic
962 528 1134 615 accipitur,

61 623 110 677 est
130 632 171 677 ea
192 630 256 695 qua
278 630 331 675 res
352 610 559 694 cognoscitur
580 610 616 674 io
637 608 737 705 seipsa
752 610 774 673 ¹.
792 608 1006 694 Cognoscitur
1026 622 1134 678 autem

61 694 172 779 aliqua
194 713 246 757 res
266 692 302 754 in
316 693 432 775 seipso,
448 713 524 756 cum
545 712 583 755 co
628 703 750 757 oscrtur
772 691 822 757 vel
843 712 903 778 per
925 714 1016 758 suam
1030 714 1134 759 essen-

61 778 154 852 tiam,
170 794 267 860 quac,
288 785 386 860 prout
407 772 590 860 cognoscibi
608 775 635 838 is
657 785 716 853 est,
732 793 881 860 praesens
902 784 949 841 est
970 776 1133 860 potentiae

61 855 263 943 cognitrici,
289 857 340 920 vel
363 877 421 941 per
442 858 516 922 eius
538 857 705 942 propriam
732 854 1006 935 similitudinem,
1028 879 1046 922 a
1068 879 1134 943 qua

61 938 202 1005 facultas
222 939 383 1023 cognitrix
409 938 645 1003 informatur¹.
668 938 707 1002 E.
733 958 777 1023 g..
801 938 990 1005 immediata
1016 950 1062 1005 cst
1083 960 1135 1003 co-

62 1022 170 1121 gnitio
198 1020 300 1096 lucis,
323 1041 399 1106 quoe
416 1040 563 1106 praecem
589 1030 634 1090 est
655 1020 743 1083 oculo
758 1021 792 1099 ⁸3
816 1022 894 1086 item
916 1021 998 1105 lapis
1020 1043 1038 1086 a
1060 1022 1134 1088 visu

63 1102 255 1171 immediate
276 1108 428 1188 cognosci
451 1101 586 1178 dicitur,
601 1104 680 1199 quia
702 1102 780 1167 hacc
803 1104 942 1188 cognitio
963 1100 999 1168 tit
1014 1124 1073 1249 per
1089 1104 1133 1169 si-

61 1184 284 1251 militudinem
304 1184 423 1271 lapidis
443 1186 478 1250 in
492 1184 587 1250 oculo
606 1184 785 1249 immediate
805 1186 975 1250 derivatam
998 1207 1015 1249 a
1061 1188 1134 1271 ipso

61 1267 173 1353 lapide
189 1270 215 1342 ⁴,
240 1269 342 1334 itaut
364 1268 435 1353 ipsa
457 1268 579 1363 species
600 1263 719 1352 lapidis
739 1267 864 1331 resultet
884 1270 917 1331 lo
939 1268 1025 1331 ocolo
1040 1270 1063 1331 ⁵.

101 1351 154 1417 35.
178 1348 374 1415 Huiusmodi
396 1351 541 1435 cognitio
563 1347 604 1413 ab
626 1369 664 1412 ea
678 1346 908 1435 distinguitur,
923 1370 988 1436 qua
1002 1371 1054 1415 res
1068 1371 1133 1417 nou

60 1435 97 1497 in
117 1454 153 1498 se
175 1433 257 1518 ipsa,
281 1431 336 1496 sed
359 1433 395 1496 io
416 1452 472 1496 eoo
493 1432 606 1507 simili,
635 1430 702 1495 sive
721 1432 759 1495 io
781 1453 839 1495 suo
859 1432 994 1515 imagine
1014 1452 1133 1517 cogno-

60 1516 166 1581 scitur
177 1517 203 1589 ⁸‚
218 1515 262 1579 ita
277 1523 313 1578 ut
327 1537 344 1576 ιι
359 1512 541 1579 similitudo
562 1513 610 1578 rei
634 1514 781 1596 cognitae
796 1533 859 1577 non
879 1513 1058 1599 accipiatur
1074 1516 1134 1579 im-

61 1596 207 1663 mediate
230 1597 360 1681 abipsa
383 1617 419 1659 re
441 1596 595 1681 cognita,
616 1592 672 1659 sed
696 1616 713 1660 a
736 1616 771 1659 re
794 1595 920 1693 aliqua,
944 1598 975 1659 in
997 1618 1060 1681 qua
1084 1618 1133 1660 rc-

60 1681 188 1746 sultat²
206 1703 235 1743 n.
258 1680 297 1745 E.
315 1700 360 1764 g.,
376 1677 562 1743 huiusmodi
586 1687 633 1741 est
655 1678 798 1762 cognitio
820 1679 958 1743 alicuius
980 1677 1133 1753 hominis,

60 1766 118 1847 qui
141 1764 174 1826 in
197 1762 306 1845 aliquo
328 1759 459 1859 speculo
480 1757 627 1833 videtur,
650 1762 728 1844 quia
751 1762 784 1823 in
807 1760 865 1825 hac
890 1762 1012 1826 visione
1035 1784 1052 1820 ιι
1069 1783 1133 1825 ιιοιι

61 1843 245 1912 similitudo
266 1842 408 1908 hominis
438 1839 625 1906 immediate
647 1852 696 1906 est
717 1845 750 1907 in
772 1842 879 1917 oculo,
903 1841 958 1909 sed
981 1842 1132 1908 similitu·

60 1928 104 1993 do
124 1927 268 1992 hominis
290 1925 476 1992 resultantis
506 1924 539 1987 in
562 1923 718 2009 speculo³
735 1944 774 1999 »3
796 1940 997 2012 quapropter
1018 1926 1132 1990 imme·

60 2009 151 2075 diota
175 2022 222 2076 est
244 2008 387 2093 cognitio
410 2006 562 2089 imaginis
590 2005 754 2082 hominis,
777 2017 811 2070 at
832 2026 894 2073 non
917 2008 1060 2094 cognitio
1083 2008 1133 2093 ip-

62 2095 134 2158 sius
156 2089 309 2165 hominis,
331 2109 429 2176 quem
451 2086 508 2152 illa
529 2099 759 2172 repraesentat.

102 2174 159 2241 36.
176 2174 272 2249 iam,
296 2191 370 2236 cum
399 2168 579 2236 intellectus
607 2169 752 2253 aliquam
779 2191 849 2235 rem
873 2169 1058 2236 immediate
1080 2191 1132 2235 co·

61 2258 201 2343 gnoscit
224 2256 328 2339 ipsam
350 2252 478 2328 imceri,
502 2251 585 2319 idest
599 2252 702 2316 cidere
716 2250 849 2330 dicitur,
866 2260 962 2337 atquc
984 2253 1054 2337 ipsa
1073 2252 1133 2316 im-

61 2338 204 2404 mediata
218 2337 363 2424 cognitio
379 2333 573 2400 intellectiva
596 2356 615 2399 a
636 2334 760 2399 visione
783 2335 934 2401 sensitiva
949 2355 1066 2399 nomen
1081 2355 1133 2398 ac-

60 2424 203 2508 cipiens,
224 2420 369 2493 intuitos,
392 2438 448 2482 scu
471 2417 552 2484 virio
573 2426 779 2502 nuncupatur
800 2416 823 2478 ⁸.

100 2505 153 2571 37.
178 2505 228 2568 Ex
253 2500 303 2567 his
327 2501 421 2586 plane
453 2498 618 2585 colligitur
648 2498 688 2562 ad
714 2499 870 2565 visionem
902 2496 1131 2565 intellectivam

61 2586 129 2653 duo
150 2585 355 2672 potissimum
377 2582 588 2667 expostulari:
612 2578 659 2658 1⁰,
674 2591 711 2647 ut
733 2581 944 2665 principium,
965 2602 1024 2668 per
1044 2577 1132 2665 quod

58 2691 113 2736 res
132 2668 351 2753 cognoscitur,
367 2667 409 2729 sit
431 2665 600 2751 proprium
622 2664 724 2747 ipsius
746 2664 807 2739 rei,
829 2662 975 2746 alioquin
997 2682 1131 2727 resnou

59 2756 94 2817 in
108 2772 145 2817 se
159 2753 241 2835 ipsa,
257 2768 294 2814 ac
308 2745 445 2835 proinde
461 2769 523 2813 non
539 2743 724 2810 immediate
743 2756 1009 2830 cognosceretur3
1030 2742 1077 2821 2⁰,
1094 2754 1131 2808 ut

59 2833 180 2899 habeat
200 2852 273 2896 cum
287 2852 324 2896 re
338 2829 517 2917 perlectam
538 2826 799 2904 similitudinem,
820 2838 853 2893 et
871 2830 1131 2893 convenientiam

422 2959 758 2976 ψ

96 3020 108 3057 ¹
129 3016 168 3071 ΙΙΙ
182 3034 206 3068 s.
226 3014 333 3074 linoln„
355 3014 375 3074 l,
395 3032 422 3081 q.
442 3015 502 3077 xit,
522 3032 549 3069 e.
570 3018 587 3069 9
607 3018 793 3079 c.-²1bid.‚
814 3034 842 3089 q.
862 3015 929 3078 LVl,
950 3034 976 3070 a.
998 3020 1013 3070 3
1033 3034 1058 3074 o.

94 3091 158 3143 ³ln
178 3094 258 3156 Epist.
279 3090 346 3139 lud
364 3090 461 3139 Come.
481 3093 555 3147 ΧΙΙΙ,
575 3092 627 3141 lec.
648 3088 695 3141 iv.

93 3164 108 3201 ι
127 3166 194 3216 ram.
210 3163 265 3200 -ι
286 3159 305 3217 Ι,
325 3175 352 3224 q.
374 3157 440 3220 ivi,
459 3163 524 3213 ieet.
543 3165 591 3212 eu.

94 3238 108 3275 ὅ
128 3238 209 3297 Μ,
228 3249 257 3299 q.
277 3228 344 3291 xii,
364 3247 391 3283 a.
411 3234 428 3284 e
447 3248 473 3284 c.
494 3231 529 3287 (Ii
543 3236 626 3290 etiam
652 3238 700 3299 Qq.
725 3238 830 3301 dicem.
853 3239 891 3290 lle
913 3238 989 3295 Ver„
1009 3250 1036 3300 q.
1058 3232 1129 3293 viii,

58 3327 85 3362 a.
107 3310 125 3361 3
144 3309 179 3359 ad
202 3308 244 3363 ΙΙ,
264 3312 291 3357 et
309 3307 339 3355 in
356 3306 402 3356 lile.
424 3309 450 3357 ΙΙ
467 3309 552 3373 Sunt,
571 3304 636 3358 llist.
660 3304 756 3369 xxiii,
776 3323 805 3373 q.
827 3306 860 3368 ii,
881 3324 906 3359 a.
931 3309 941 3358 l
965 3309 1014 3358 rol.

93 3382 106 3418 ⁷
126 3380 149 3441 l,
170 3395 199 3444 q.
218 3374 287 3438 ΙΝΙ,
307 3376 361 3429 loo.
381 3379 427 3429 cit.

95 3452 157 3505 8Ιιι
179 3451 547 3514 cp.1aucer.,toc.ctt.

96 3528 222 3578 emme.
244 3524 329 3581 Genu,
350 3523 396 3574 lib.
418 3521 466 3584 ΙΙΙ,
486 3538 513 3573 c.
536 3523 582 3575 53.
605 3544 616 3569 ι
642 3522 729 3585 Visus,
751 3528 836 3591 inquit
855 3542 877 3577 s.
900 3524 1077 3590 Augustinus,
1099 3527 1132 3575 ad

62 3605 208 3663 utrumque
233 3596 389 3647 referendus
411 3603 468 3656 titt,
491 3596 558 3646 idest
576 3601 604 3647 et
622 3599 655 3648 ad
680 3600 773 3649 oculos
790 3604 817 3649 et
836 3601 868 3650 ad
888 3603 1005 3649 mentem
1028 3618 1052 3656 ιι
1072 3593 1129 3650 Lib.

62 3674 101 3726 De
118 3671 229 3725 &dendo
249 3671 324 3730 Dee,
343 3683 390 3724 ceu
409 3672 492 3736 Epist.
512 3662 627 3739 exivit
646 3674 680 3727 od
699 3674 849 3735 Paulinum,
870 3688 895 3725 c.
917 3669 964 3732 ΙΙΙ,
985 3687 1012 3725 ιι.
1033 3670 1078 3721 et.
