2475 3909
457 223 539 271 rans
560 223 665 271 enirm
1015 208 1058 273 33

47 326 112 389 puae
132 306 314 371 collocatur
329 312 402 390 post
420 305 683 375 coniunctionem
696 308 738 382 ei,
752 308 939 383 antecedere
959 326 996 371 ea
1011 328 1100 383 vero,

44 408 110 469 puae
131 390 200 451 sine
221 388 453 451 coniunctione
475 397 545 462 est,
568 406 751 472 consequent
773 385 920 463 dicitur,
942 389 1021 472 quia
1043 387 1102 452 itta

44 469 190 533 rationem
212 468 311 532 huius
330 466 568 551 complectitur.

72 550 119 614 78.
143 551 196 617 Ex
219 550 290 632 ipsa
310 550 408 612 huius
429 549 669 615 enunciationis
691 558 806 614 nature
829 560 918 634 patet
932 550 1005 614 eius
1020 550 1105 614 reri·

43 638 128 693 tatem
152 650 218 692 non
241 629 382 712 pendere
405 649 423 690 a
447 631 581 695 veritate
611 629 775 713 partium,
804 630 861 694 sed
888 652 931 695 ex
958 631 1104 714 ipsarum

39 711 247 774 connexione.
278 710 362 773 Hinc
390 710 575 775 enunciatio
608 730 753 778 connexa
782 719 887 793 potest
914 732 984 777 esse
1014 730 1103 786 vera,

39 791 158 855 etiarnsi
181 791 445 866 enunciationes,
468 811 510 855 ex
531 790 654 876 quibus
673 801 820 866 constat,
842 792 907 856 sint
927 791 1049 869 salsae,
1072 801 1107 855 et

39 892 99 935 esse
121 870 230 947 falsa,
252 871 380 937 etiamsi
400 872 646 937 enunciationes
673 872 738 936 sint
762 892 870 936 verae.
893 875 933 937 E.
958 893 1003 957 g„
1026 894 1105 937 vera

40 964 79 1016 est
98 952 179 1018 haec
201 954 388 1017 enunciatio
415 972 583 1028 connexa,
606 952 645 1018 Si
672 950 830 1015 cerebrum
858 964 948 1016 tuum
977 954 1103 1034 emitae,

39 1034 136 1117 utiquc
159 1035 294 1097 materia
315 1033 450 1114 copitot,
478 1033 606 1097 etiamsi
630 1042 663 1096 et
683 1030 855 1097 cerebrum
884 1037 1050 1120 cogitare,
1073 1044 1107 1099 et

41 1116 206 1179 materiam
227 1116 371 1199 cogitare
386 1115 428 1178 sit
444 1112 575 1189 salsnm3
598 1134 616 1177 e
638 1114 813 1189 contrario,
829 1117 978 1198 quemvis
992 1134 1107 1178 verum

40 1197 75 1259 sit
95 1196 263 1260 hominem
290 1216 359 1259 esse
388 1206 456 1260 tum
485 1194 629 1269 animal,
659 1202 728 1257 tum
755 1195 880 1259 ratione
932 1194 1106 1271 raeditum,

41 1286 141 1339 tamen
169 1276 250 1339 feisa
277 1286 326 1341 est
347 1276 422 1340 haec
443 1275 629 1339 enunciatio
650 1293 819 1350 connexe,
841 1278 881 1343 Si
902 1216 990 1341 Xomo
1011 1288 1053 1340 eet
1074 1299 1108 1339 a·

41 1357 146 1436 nimai,
163 1358 283 1421 ratione
292 1357 396 1440 pollet.
420 1356 516 1420 Ratio
538 1365 597 1431 est,
620 1355 699 1439 quia
713 1356 745 1417 in
762 1357 862 1439 priori
877 1358 1107 1423 enunciatione

43 1436 124 1505 adest
144 1440 308 1503 connexio
331 1440 417 1502 inter
438 1436 641 1511 antecedens,
664 1445 698 1498 et
718 1456 929 1522 consequens,
951 1439 983 1502 in
1007 1438 1109 1502 altera

44 1531 143 1584 autem
166 1521 243 1584 haec
267 1520 424 1585 connexio
449 1517 550 1583 deest.
574 1518 677 1581 Porro
700 1528 736 1581 ut
756 1538 794 1580 co
818 1535 970 1588 noscatur
996 1529 1109 1584 utrum

44 1611 121 1666 extet
143 1602 305 1665 connexio
328 1602 555 1683 consequentis
582 1620 657 1663 cum
683 1539 884 1665 anteeeffenti
904 1650 912 1678 ,
932 1601 1110 1685 inspicien-

44 1678 112 1745 dum
132 1691 207 1756 est,
232 1692 341 1746 utrum
363 1681 564 1745 contrarium
592 1682 816 1761 consequentis
844 1692 1003 1768 repugnet
1022 1691 1111 1745 ante-

44 1762 176 1839 cedenti,
200 1782 311 1825 necne.
335 1762 369 1827 Si
392 1763 546 1844 primum,
562 1760 722 1825 connexio
746 1759 831 1826 inter
852 1774 1027 1847 utrumque
1042 1763 1110 1826 exi·

43 1845 102 1919 stit;
124 1865 155 1908 e.
174 1864 221 1927 g„
247 1844 280 1906 in
301 1842 355 1907 ilia
379 1844 619 1917 enunciatione,
634 1839 673 1907 Si
695 1840 758 1903 dies
782 1852 838 1921 ert,
861 1844 920 1906 lex
940 1857 995 1921 est,
1019 1842 1112 1906 adest

42 1926 210 1997 connexio,
228 1925 306 2007 quia
329 1921 495 1999 tenebrae,
511 1943 593 2007 quae
608 1922 676 1985 iuci
691 1933 913 2004 opponuntur,
927 1922 994 1988 diei
1011 1924 1111 1987 etiam

43 2004 263 2071 adversantur.
288 2006 343 2071 Sin
367 2003 529 2079 aiterum,
552 2003 715 2068 connexio
737 2001 849 2079 deest,
874 2007 920 2069 uti
945 2005 978 2067 in
999 2005 1058 2067 hoc
1079 2024 1113 2068 e-

44 2088 195 2173 xempto,
217 2087 257 2151 Si
278 2088 342 2149 dies
369 2094 436 2160 eet,
462 2086 603 2150 Socrates
630 2082 791 2158 ambulat,
820 2086 898 2168 quia
926 2086 1113 2170 oppositum

43 2167 274 2251 consequentis,
297 2186 413 2248 nempe
435 2167 593 2231 Socratem
615 2184 678 2227 non
698 2164 871 2242 ambulare,
896 2167 1111 2240 antecedenti,

44 2271 154 2335 nempe
177 2269 241 2311 esee
262 2248 357 2323 diem,
380 2266 442 2309 non
465 2246 665 2311 adversatur.

78 2332 129 2397 79.
152 2328 351 2395 Enunciatio
372 2330 538 2391 coniuncte
559 2326 615 2392 itta
637 2328 702 2400 est,
726 2326 759 2388 in
782 2350 847 2413 qua
869 2328 1113 2393 enunciationes

43 2412 243 2497 categoricae
267 2417 504 2475 connectuntur
525 2427 584 2494 per
606 2406 800 2493 perticuiam
828 2429 913 2483 non,
940 2418 1037 2491 atque
1069 2409 1113 2471 ita

44 2513 137 2556 unam
159 2490 424 2554 enunciationem
445 2489 601 2563 efficium
624 2508 654 2552 e.
673 2511 719 2576 g„
741 2490 815 2555 Non
834 2490 899 2554 dies
920 2502 977 2564 ert,
997 2500 1025 2550 et
1048 2508 1113 2549 noe

43 2586 102 2651 en,
127 2573 204 2648 rel,
227 2571 301 2635 Non
321 2580 364 2634 est
386 2576 529 2635 mortuns
552 2570 666 2646 Plato,
689 2580 716 2634 et
738 2572 818 2636 vivit
841 2571 947 2635 Plato.
974 2570 1014 2633 Ut
1036 2590 1114 2632 vera

43 2656 81 2719 sit
102 2656 184 2719 haee
206 2651 416 2730 enunciatio‚
440 2660 568 2735 oportet
588 2660 624 2715 ut
644 2652 904 2730 carminationes,
928 2671 970 2714 ex
991 2650 1114 2736 quibus

43 2746 186 2811 constat,
210 2732 272 2797 sibi
295 2733 433 2796 invicem
455 2741 687 2817 opponantur,
716 2732 761 2796 ite
787 2739 825 2796 ut
852 2732 949 2798 simul
973 2733 1114 2797 existere

43 2826 213 2903 nequeant.
239 2814 324 2877 Hinc
346 2812 426 2877 falsa
448 2823 497 2877 est
516 2814 595 2879 haec
616 2814 817 2888 enunciatio,
833 2814 907 2877 Non
921 2814 993 2896 lepit
1012 2814 1114 2887 Pluto,

42 2912 66 2959 et
86 2897 231 2963 ambulet
247 2893 351 2973 Plato,
372 2895 463 2979 quia,
486 2916 561 2958 cum
582 2894 688 2977 tepere,
711 2905 743 2958 et
765 2895 923 2958 ambulare
945 2893 1009 2958 sibi
1029 2895 1114 2958 invi·

43 3001 108 3043 cem
134 3001 200 3044 non
228 2986 459 3123 opponentur,
490 2976 571 3040 nihil
598 2973 768 3061 prohibet,
796 2976 876 3059 quin
902 2975 994 3039 Plato
1014 2976 1115 3041 simui

44 3060 139 3147 tegat,
161 3071 195 3127 et
215 3080 267 3121 am
292 3058 370 3123 utet.

78 3144 133 3210 80.
158 3141 309 3222 Denique
332 3138 517 3203 enunciatio
538 3136 699 3203 disiuncto
720 3146 768 3201 est
790 3136 857 3212 itta,
881 3137 914 3200 in
937 3158 1002 3221 qua
1019 3157 1117 3200 enun-

44 3226 203 3290 tiationes
231 3221 433 3304 categoricae
463 3220 608 3289 efficiunt
634 3240 734 3284 unam
762 3218 1024 3283 enunciationem
1057 3238 1117 3300 per

45 3304 239 3388 particulam
260 3312 326 3375 ουκ
349 3320 377 3363 e.
401 3320 446 3385 g„
468 3301 532 3364 Aut
554 3300 620 3363 dice
640 3311 697 3376 eet,
720 3312 776 3364 ant
796 3320 862 3363 nox
882 3308 938 3362 eet.
961 3297 1011 3363 Ad
1033 3298 1117 3361 veri·

45 3398 141 3454 tatem
163 3384 263 3449 huius
283 3382 523 3446 enunciationis
550 3380 616 3445 duo
644 3380 913 3467 expostulantem
942 3398 1057 3475 nempe
1083 3377 1117 3442 1⁰

46 3467 208 3553 oppositio
236 3462 320 3526 inter
348 3471 476 3545 partes,
505 3464 583 3546 quia
610 3463 690 3527 haec
717 3461 903 3527 enunciatio
932 3461 1041 3525 innuit
1068 3471 1116 3535 ut,

48 3551 148 3629 posita
168 3564 236 3613 una
258 3552 371 3628 parte,
394 3544 476 3609 eliee
499 3542 719 3609 excludendae
741 3546 829 3622 sint,
857 3540 942 3626 quod
973 3540 1119 3626 proiecto

47 3650 105 3694 non
130 3628 196 3693 nisi
220 3626 254 3689 in
277 3624 331 3700 iis,
347 3645 430 3709 quae
453 3624 517 3690 sihi
537 3628 680 3692 invicem
701 3625 928 3700 adversantur,
942 3622 1050 3687 locum
1064 3622 1118 3686 he·

115 3736 226 3788 Pueros.
242 3726 353 3783 Canna.
370 3734 508 3798 compend.
523 3732 545 3785 1.
985 3726 1027 3778 μ

1163 3822 1233 3883 Δ
