2475 3909
154 180 214 246 100
529 195 763 244 urnamaoom

108 277 238 342 habere.
270 278 400 344 Etenim
422 279 658 344 animatam
686 277 725 343 ad
754 299 829 343 suas
857 280 1018 364 potentias
1046 291 1183 346 nonest

109 371 213 424 toturn
236 361 393 443 inteprcie,
415 361 476 425 hoc
498 371 566 439 cst,
590 383 631 427 ex
654 360 799 446 partibus
820 359 1018 439 condatum,
1064 384 1124 428 uae
1147 383 1183 427 re

111 442 183 525 ipsa
206 439 350 507 abscindi
377 456 522 528 possunt,
544 441 834 528 quemadmodum,
858 465 887 506 e.
912 464 959 527 g,
982 383 1181 519 estqdomns,

110 543 194 606 quae
216 545 257 588 ex
280 521 505 604 fundamento,
529 527 665 612 pariete,
687 535 772 590 tecto
794 537 855 590 etc.
879 527 1034 622 exurgit,
1058 525 1113 592 scd
1135 539 1184 594 est

111 614 215 669 totum
233 607 414 690 potentiale,
435 606 495 671 hoc
517 618 579 684 est,
602 605 726 690 aliquid
751 628 875 684 unum,
898 617 931 673 et
952 609 1104 693 srmpiex,
1126 611 1182 673 cui

110 687 355 783 insuntplures
379 689 549 755 facultates
573 691 660 754 inter
680 709 714 753 se
733 687 925 765 distinctae,
948 700 1111 786 tamquam
1134 691 1185 755 di-

111 789 204 832 versa
228 779 453 914 rtnptrumenta,
478 771 599 858 quibus
620 773 776 838 virtutem
799 791 890 835 suam
918 769 1057 839 diversas
1078 771 1186 836 modis

113 871 228 914 exerce
276 899 282 914 .

258 999 325 1049 Aur.
346 997 391 1051 tv.
405 999 553 1058 -Utrum‚
574 1007 601 1050 et
619 1000 753 1065 quomodo
773 998 914 1049 tactfltates
932 998 1038 1048 animas

449 1073 481 1121 ab
500 1075 557 1122 eins
577 1076 690 1122 essentia
710 1073 846 1121 dimanant

37 1215 40 1224 ·
156 1193 204 1256 10.
228 1189 301 1256 Duo
321 1191 373 1257 hic
394 1192 615 1278 investiganda
636 1192 729 1258 nobis
751 1201 836 1257 sunt:
862 1189 894 1254 1⁰
916 1200 1026 1255 utrum
1041 1195 1183 1259 essentia

115 1273 241 1367 animae
265 1275 308 1339 sit
328 1274 510 1342 subiectum
533 1276 679 1340 omnium
700 1275 932 1359 potentiarum
952 1271 988 1337 2⁰
1009 1285 1118 1339 utrum
1141 1278 1187 1341 sit

115 1375 263 1418 omnrum
286 1376 399 1422 earum
421 1356 633 1443 principium.

122 1517 127 1528 ·
156 1435 253 1521 Prop.
279 1435 323 1502 1⁸.
348 1439 463 1502 Animo
484 1439 548 1503 solu
569 1459 631 1502 non
651 1447 696 1502 est
718 1439 859 1502 omnium
877 1437 1089 1518 potentiorum
1112 1440 1188 1503 sub-

114 1527 239 1580 tectum.

158 1597 327 1663 Probatur.
351 1600 502 1666 Plurium
524 1601 765 1688 potentiarum,
787 1597 909 1685 quibus
935 1601 1044 1664 anima
1065 1602 1186 1686 poiiet,

117 1677 213 1758 aliae,
237 1681 287 1744 uti
309 1681 562 1760 intellectus,'et
583 1682 752 1758 voluntas,
774 1683 843 1746 sine
871 1683 1004 1766 organis
1025 1685 1189 1770 corporis,

117 1758 200 1822 aliae
222 1773 343 1842 autem,
365 1765 415 1829 uti
437 1767 598 1850 potentiae
612 1765 800 1843 sensitivae,
816 1784 875 1849 per
889 1783 1011 1859 organa
1025 1767 1190 1850 corporis,

117 1839 159 1902 ab
179 1862 219 1905 ea
239 1857 444 1912 exercentur.
468 1848 568 1933 Atqui
591 1846 617 1912 si
641 1845 717 1909 illae
739 1846 773 1909 in
794 1845 863 1910 sola
885 1866 1004 1922 amma,
1022 1856 1193 1932 tamquam

115 1923 151 2016 in
166 1922 324 2007 subiecto,
340 1929 461 2008 insunt,
479 1931 559 1996 istae
575 1931 607 1994 in
622 1937 689 1992 toto
704 1929 887 2004 coniuncto,
900 1947 1015 2012 nempe
1030 1931 1064 1993 in
1080 1929 1192 1994 anima

118 2005 227 2098 simul,
243 2019 277 2074 et
296 2030 446 2095 corpore,
462 2012 652 2078 inhaereant
666 2029 795 2074 necesse
816 2019 876 2086 est;
892 2029 967 2072 nam
982 2011 1093 2096 aliqua
1108 2031 1192 2095 qua-

117 2083 191 2150 lrtas
213 2107 289 2153 cum
312 2093 346 2156 in
367 2094 492 2169 anima,
516 2102 583 2158 tum
606 2095 640 2158 in
662 2111 797 2176 corporo
819 2091 861 2155 sit
881 2101 1032 2174 oportet,
1054 2102 1090 2157 ut
1112 2113 1193 2177 ope-

117 2168 261 2234 rationes
283 2171 324 2235 ab
346 2174 454 2237 anima
469 2195 543 2238 cum
558 2174 690 2261 organis
703 2174 872 2259 corporeis
887 2175 1035 2237 exerceri
1051 2177 1189 2259 possint.

119 2247 208 2332 Ergo
224 2252 290 2316 sola
305 2255 413 2318 anima
427 2275 492 2318 non
507 2267 556 2321 est
570 2257 717 2322 omnium
732 2256 951 2342 potentiarum
965 2253 1151 2321 subiectum
1162 2260 1189 2320 ².

161 2331 210 2424 tl.
234 2333 331 2421 Prop.
354 2333 402 2399 2⁸.
426 2335 570 2403 Essentiu
595 2339 717 2402 unimus
746 2347 788 2401 cst
817 2337 956 2400 omnium
973 2341 1189 2421 potentiorum

115 2415 330 2560 principium,
353 2438 407 2482 seu
427 2417 539 2483 radic.

162 2494 228 2591 Peo
246 2507 332 2565 utin.
354 2500 457 2566 Nemo
476 2500 623 2649 profecto
637 2500 788 2566 dubitare
811 2508 928 2584 potest,
947 2501 1029 2586 quin
1044 2501 1119 2567 iliae
1135 2521 1195 2587 po-

120 2585 253 2660 tentiae,
276 2584 415 2667 quaein
438 2604 473 2648 so
1108 2585 1117 2598 '

488 2606 505 2648 a
527 2585 636 2649 anima
657 2583 835 2658 inhaerent,
856 2580 897 2643 ab
911 2583 1048 2647 essentia
1063 2604 1196 2649 animae

122 2654 236 2741 fluant,
259 2665 336 2749 quia
358 2665 519 2750 quidquid
542 2668 685 2732 animam
698 2665 807 2742 afficit,
824 2664 864 2729 ab
879 2664 952 2728 eius
966 2665 1103 2730 essentia
1119 2685 1197 2750 pro-

121 2754 230 2809 manet
250 2767 381 2812 necesse
403 2759 460 2813 est.
485 2747 575 2813 idem
602 2747 778 2812 dicendum
800 2755 848 2811 est
869 2745 909 2810 de
931 2747 996 2812 iliis
1023 2748 1196 2895 potentiis,

121 2840 207 2904 quae
236 2837 340 2892 totum
369 2833 579 2896 coniunctum
608 2849 669 2914 pro
695 2828 842 2894 subiecto
867 2827 997 2893 habent.
1058 2842 1070 2895 t
1098 2849 1197 2904 sane,

122 2921 242 2997 corpus
274 2911 453 2977 humanum
481 2920 530 2977 est
558 2911 742 2976 subiectum
770 2911 1010 2994 potentiarum,
1039 2931 1125 2996 quae
1153 2911 1198 2975 ab

122 3005 229 3054 antma
275 3015 312 3057 er
332 3013 452 3078 organa
474 3013 630 3078 corporea
652 3001 855 3068 exercentur,
878 3013 941 3056 non
956 3003 1055 3078 prout
1074 3012 1200 3076 corpus

123 3083 194 3150 est,
216 3012 273 3140 sed
289 3084 390 3166 prout
411 3073 453 3138 ab
475 3077 580 3140 anima
604 3074 824 3150 informatum
851 3084 1050 3159 quapropter
1073 3094 1199 3159 corpus

122 3175 188 3220 non
210 3167 306 3242 prout
328 3176 445 3243 corpus
467 3167 536 3234 est,
565 3155 621 3222 sed
648 3167 747 3242 prout
773 3151 971 3220 informatur
998 3155 1038 3220 ab
1061 3157 1196 3234 anima,

120 3255 240 3325 nempe
262 3257 382 3324 corpus
403 3259 468 3304 non
489 3259 548 3325 per
561 3260 607 3316 se,
624 3237 679 3303 sed
702 3259 761 3323 per
782 3237 956 3302 essentiam
978 3239 1124 3311 animae,
1148 3251 1203 3306 est

123 3317 309 3387 subiectum
330 3319 514 3405 aliquarum
559 3321 766 3387 otentiarum.
796 3319 921 3403 Atqui,
950 3322 979 3385 si
1006 3341 1126 3404 corpus
1147 3333 1202 3388 est

124 3401 306 3470 subiectum
328 3404 513 3489 aliquarum
534 3343 727 3488 iiacultatum
754 3420 813 3485 per
840 3402 1013 3468 essentiam
1035 3403 1166 3468 animae
1189 3454 1199 3481 ,

489 3513 820 3530 ...ῥ’-.-

159 3582 172 3690 ;
191 3584 405 3716 ppthffipffll.
427 3578 534 3702 meDp
554 3579 599 3642 Sp.
621 3590 672 3636 cn,
693 3590 719 3627 a.
741 3576 772 3628 tt
795 3574 828 3626 nd
848 3575 893 3628 te.

206 3690 213 3712 ‚
257 3691 262 3703 ‚
403 3686 412 3714 ,
449 3687 458 3701 .
536 3686 542 3700 .
