2475 3909
377 208 563 258 rneouoma
584 210 776 259 narratus
1021 190 1081 256 327

50 296 150 378 quit,
172 291 312 359 dicimus
333 294 413 379 quid
435 294 637 438 (Deusbuon
659 296 723 377 sit,
746 292 945 381 quam.quid
968 294 1019 359 sit.
1044 296 1120 359 Ter·
1159 368 1162 373 ¹

51 398 122 439 ram
143 378 284 461 cogitas3
301 398 364 440 uon
387 387 435 442 est
455 376 516 441 boc
561 396 635 441 eus:
652 396 742 442 mare
764 378 904 462 cogitas3
921 395 983 440 non
999 386 1047 440 est
1062 376 1122 441 boc

52 455 155 523 Deus:
179 460 306 535 omnia,
327 478 411 542 quae
434 469 507 524 sunt
531 459 564 521 in
586 468 685 524 terra.
701 505 708 521 .
724 478 752 535 .;
775 478 840 522 non
863 467 912 523 est
933 456 993 521 boc
1020 457 1119 523 Deus:

50 541 174 617 omnia,
218 559 281 604 uae
303 540 434 605 suntin
455 540 554 615 mari,
579 560 663 625 quae
685 539 797 605 volant
818 560 879 625 per
900 547 1031 615 attrem3
1055 560 1121 604 non

29 632 99 702 *est
120 621 181 685 hoc
195 560 299 685 bens:
315 619 476 706 quidquid
498 622 584 687 lucet
605 623 640 686 in
660 621 764 699 coelo,
780 667 831 697 ...,
848 622 956 707 ipsum
979 618 1120 694 coelum,

50 724 115 767 non
138 713 186 768 est
206 704 266 767 boc
287 701 393 766 Deus:
417 705 559 789 Angelos
580 703 756 790 cogitas...,
779 723 843 768 non
866 712 915 767 est
937 702 997 766 boc
1018 700 1118 767 Deus.

51 786 95 851 Et
116 783 196 866 quid
219 785 290 849 cst‘l
306 786 375 849 Hoc
397 786 503 850 solum
526 786 618 873 potui
641 785 764 862 dicere,
780 782 860 871 quid
884 802 947 848 non
970 782 1013 847 sit
1028 782 1037 821 ¹
1055 804 1087 846 n.

92 866 143 932 73.
168 866 315 941 Verum,
337 869 486 950 quamvis
507 868 648 943 notitia,
671 886 754 952 quae
778 888 817 933 ne
842 867 949 931 atione
972 874 1120 938 constat,

51 948 155 1031 magis
176 967 330 1033 congrua,
346 969 443 1032 quam
465 970 549 1044 quae
571 949 798 1024 affirmatione,
821 886 957 1012 dicenda
980 947 1034 1022 sit,
1057 965 1122 1009 non

50 1028 125 1092 ideo
148 1038 255 1093 tamen
277 1050 351 1093 cum
367 1030 428 1093 lul.
450 1032 560 1096 Srmon
575 1033 602 1105 ²,
624 1031 763 1115 aliisque
786 1028 990 1095 inserendum
1012 1036 1060 1092 est
1074 1028 1123 1091 ni-

49 1111 96 1175 hil
112 1109 151 1175 de
168 1110 227 1174 Dei
250 1122 367 1176 natura
382 1132 399 1175 a
416 1111 508 1177 nobis
522 1114 600 1178 sciri
616 1134 719 1199 posse.
737 1114 865 1178 Etenim
882 1132 955 1176 cunr
971 1131 1022 1185 ea,
1038 1128 1121 1193 quac

49 1195 208 1258 creaturis
230 1192 365 1267 insunt,
388 1192 427 1258 de
450 1193 519 1257 Deo
541 1207 724 1283 negantur,
747 1196 812 1277 lpsi
834 1192 1026 1259 excelientia
1048 1210 1122 1285 por-

50 1274 202 1340 sectionis
222 1275 338 1357 quovis
359 1272 489 1340 deiectu
513 1277 666 1342 immunis
688 1275 899 1353 adscribitur,
923 1293 959 1338 ac
981 1271 1120 1358 proinde

50 1357 126 1421 illae
148 1358 335 1439 negationes
361 1355 614 1437 abundantiam,
637 1367 670 1425 et
690 1379 860 1426 excessum
883 1354 1119 1443 praeseferunt.

49 1440 209 1523 Appositc
230 1449 359 1503 sanctus
379 1437 612 1517 Damascenus,
628 1452 799 1525 postquam
821 1438 1003 1505 enuntiavit
1018 1460 1035 1496 a
1049 1456 1122 1499 con-

50 1520 233 1584 venientius
254 1540 322 1583 csse
345 1521 389 1584 ita
410 1518 451 1583 de
473 1520 544 1586 Ileo
571 1522 614 1586 ali
641 1522 697 1587 uid
726 1520 937 1607 praedicari,
961 1528 998 1583 ut
1018 1518 1058 1582 Ei
1088 1536 1122 1579 o-

49 1603 139 1667 mnia
163 1600 388 1676 detrahantur,
433 1601 532 1687 uippe
553 1542 639 1669 nibil
657 1612 707 1670 est
727 1622 868 1679 eorum,
891 1621 974 1687 quae
996 1609 1071 1664 sunt
1087 1619 1121 1671 »ς

48 1683 179 1755 subdit,
203 1708 220 1746 ι(
237 1703 300 1746 non
321 1696 358 1749 ut
380 1622 459 1746 nibil
482 1684 536 1760 sit,
559 1685 613 1750 sed
635 1697 673 1752 ut
692 1686 735 1752 sit
757 1706 855 1771 supra
876 1683 1012 1757 omnia,
1036 1700 1121 1764 quae

47 1776 137 1841 sunt,
162 1767 262 1829 immo
286 1784 364 1829 vero
385 1784 488 1848 supra
507 1767 614 1864 ipsum
637 1769 730 1832 esse⁸
745 1790 774 1831 u.

90 1849 143 1913 rt.
166 1846 239 1912 Nisi
285 1846 372 1923 uod,
395 1855 431 1911 ut
452 1866 495 1909 ex
517 1847 701 1914 iamdictis
722 1848 884 1934 patescit,
906 1844 998 1923 baec,
1021 1864 1121 1928 quam

46 1928 91 1992 de
113 1949 238 1993 summa
259 1866 385 1993 llatura
408 1926 526 1993 Divina
547 1950 607 2016 per
627 1930 786 1995 rationem
819 1928 1001 1994 naturalem
1026 1922 1122 2019 nobis

45 2030 289 2096 comparamus,
306 2009 451 2095 cognitio
472 2012 600 2076 nonnisi
623 2011 798 2077 admodum
821 2030 949 2084 manca,
974 2018 1006 2073 et
1028 2005 1122 2070 rudis

46 2101 115 2165 cst3
131 2089 292 2188 siquidem
315 2111 405 2155 mens
430 2102 540 2158 nostra
561 2092 601 2157 ad
618 2093 800 2158 naturalem
823 2091 1043 2177 cognitionem
1059 2086 1119 2151 Dei

47 2172 178 2236 nonnisi
206 2192 266 2256 per
286 2169 515 2238 similitudines
540 2197 558 2239 a
580 2172 679 2241 rebus
701 2173 820 2241 creatis
841 2180 985 2257 arreptas
1012 2188 1121 2235 assur-

46 2275 128 2338 gere
149 2263 269 2337 potest;
288 2272 348 2336 per
370 2252 494 2339 effictus
518 2264 622 2320 autem
651 2276 712 2321 non
729 2276 790 2341 pro
813 2257 983 2319 ortionatos
1011 2270 1122 2316 consue

44 2356 111 2398 non
127 2344 226 2431 potest
250 2337 385 2420 perfecto
407 2337 545 2416 cognitio
568 2337 603 2401 de
624 2358 717 2403 cuasa
740 2274 847 2401 ltad'eri
861 2338 885 2397 ⁴.
910 2334 1122 2420 Quapropter

46 2416 260 2492 «ultimum,
284 2428 317 2482 et
339 2415 613 2503 perfectissimum
636 2430 764 2485 nostrae
785 2416 983 2503 cognitionis
1006 2416 1039 2479 in
1063 2416 1121 2479 bac

45 2498 153 2562 vita»
175 2498 209 2562 in
232 2499 291 2563 boc
312 2499 477 2573 consistit,
499 2499 586 2583 quod
608 2500 682 2565 «de
704 2500 775 2565 Deo
796 2499 1022 2585 cognoscimus
1044 2497 1121 2582 quia

44 2591 112 2654 est,
134 2590 166 2646 et
186 2580 275 2675 quod
296 2600 393 2644 causa
415 2578 554 2646 aliorum
575 2595 636 2660 est,
660 2590 694 2648 et
714 2579 787 2648 aliis
812 2580 1069 2666 supereminens,
1091 2588 1122 2643 ct

43 2659 91 2733 ab
113 2661 267 2726 ommbus
289 2663 498 2728 semotns⁵».

226 2808 293 2861 Αιτ.
314 2806 349 2860 V.
361 2808 543 2876 -Quacnanr
563 2825 596 2863 ex
614 2807 716 2863 Dirints
735 2810 944 2865 Pcrlsotlouibns

172 2883 256 2933 vetuti
277 2878 427 2933 decentiam
448 2881 494 2933 Det
513 2886 680 2937 constituens
699 2898 713 2935 a
735 2886 808 2935 nnbts
827 2883 992 2947 intelligatur

89 2990 142 3055 75.
165 2990 331 3057 Perfectio
353 2992 422 3069 illa,
436 3014 534 3078 quam
556 2994 697 3080 primam
720 2995 753 3057 in
776 3012 971 3079 unaquaque
992 3012 1029 3058 re
1051 3012 1119 3057 esse

43 3072 246 3159 concipitur,
270 3094 308 3138 ac
329 3074 429 3141 veluti
452 3074 592 3140 radicem
615 3086 798 3141 ceterarum
820 3074 923 3161 ipsius
945 3071 1120 3161 perlectio-

42 3174 142 3231 num,
165 3164 262 3240 atque
286 3176 344 3242 per
363 3178 538 3259 quam'res
558 3178 578 3223 a
598 3158 717 3223 ceteris
737 3155 966 3241 distinguitur,
988 3154 1121 3221 essentia

85 3453 95 3487 ¹
117 3451 217 3499 horr.
236 3450 264 3496 tn
286 3446 331 3496 Pr.
354 3444 480 3503 LXXXV,
501 3459 528 3494 n.
550 3443 595 3494 li.

83 3520 97 3559 ²
121 3522 160 3571 Lo
179 3520 294 3582 ttetteton
313 3516 451 3573 namt-etto,
471 3529 531 3578 par.
554 3516 579 3575 Ι,
599 3529 625 3565 c.
646 3513 674 3571 2,
695 3528 722 3579 p.
744 3514 779 3565 tt
798 3528 857 3580 sqq,
878 3512 952 3566 Paris
974 3513 1055 3565 tour.

84 3594 98 3629 ⁸
120 3592 239 3642 midde
259 3590 374 3645 orthod..
395 3586 443 3637 ΙΙΙ).
464 3584 485 3643 l,
505 3603 531 3638 c.
552 3585 632 3638 4.-’·
651 3582 686 3639 Cl
702 3601 729 3652 p.
750 3586 814 3637 dli).

84 3668 97 3705 a
119 3663 209 3716 Oontr.
230 3660 317 3722 dent,
336 3658 384 3710 lib.
405 3654 452 3721 ΙΙΙ,
472 3672 498 3711 o.
519 3656 565 3712 49.
