2475 3909
459 199 734 251 amnnononoom
1027 186 1085 256 193

46 287 204 372 corpori,
230 282 410 352 secundum
437 285 611 368 potentiam
642 307 719 350 vero
745 288 893 373 proprias
915 294 1124 373 operationes
1151 297 1156 304 '

47 371 147 434 efficit
162 367 172 406 ¹
190 390 219 443 »ς
244 389 318 434 nam
347 368 415 451 ipsa
437 387 512 429 cum
534 386 671 451 corpore
695 367 738 433 ita
760 371 982 456 coniungitur,
1008 385 1044 440 ut
1066 394 1125 469 per

48 452 211 514 rationem
225 453 312 514 vires
331 451 403 512 eius
423 458 563 532 superet,
579 448 692 545 eisque
713 449 902 517 dominetur
914 454 938 514 ².
955 451 1121 532 viciosum,

48 535 109 598 etsi
133 534 242 596 anima
263 542 378 596 natura
399 551 457 594 sua
479 532 523 593 sit
546 530 745 615 intelligens,
770 533 936 598 tamen'ad
960 538 1125 617 operatio-

49 635 106 678 nes
127 619 273 700 eorporis
305 632 500 677 concurrere
534 622 650 696 potest.
680 613 809 678 Etenim
844 617 911 700 ipsa
940 631 987 681 est
1016 618 1122 683 lorma

48 694 225 842 perfectior
247 695 362 759 lormis
383 693 553 766 sensitiva,
569 703 601 757 et
617 698 808 778 vegetativa.
833 698 931 844 Atpui
955 701 1124 782 quaelibet

63 800 154 842 orma
179 775 396 864 perfectiones
418 774 615 848 formarum,
642 796 724 859 quae
749 779 818 864 ipsa
843 779 874 843 in
892 781 1012 844 eriores
1035 793 1122 858 sont,

49 863 83 925 iu
99 863 298 925 secontinet.
319 859 407 942 Ergo
429 856 538 919 ariime
561 854 713 931 humana,
729 881 804 923 cum
828 864 997 926 materiam
1022 864 1123 928 inler-

48 953 138 1017 mat,
161 942 190 1006 ei
214 941 354 1026 largitur
375 959 460 1014 esse,
489 935 575 1021 qood
598 941 729 1022 corpori
758 941 936 1009 inanimato
958 947 1121 1021 corrvenit,

47 1034 197 1105 eructare,
220 1045 286 1108 qno
309 1022 418 1168 planta
439 1038 538 1102 super
559 1038 677 1103 corpus
703 1022 914 1088 inanimatum
937 1027 1117 1100 extollitur,

46 1117 81 1170 et
96 1107 221 1181 sentire,
236 1125 301 1190 qno
341 1112 448 1168 rutum
472 1099 598 1184 plantae
619 1101 765 1178 excellit3
782 1103 927 1191 nihilque
950 1107 1038 1172 alind
1055 1111 1120 1175 sibi

48 1189 220 1274 proprium
248 1187 384 1261 retinet,
407 1183 467 1247 nisi
493 1183 558 1245 vim
582 1183 685 1248 intelli
711 1185 810 1262 endi,
833 1206 932 1270 quam
955 1209 1030 1255 cum
1054 1214 1120 1255 ma·

46 1270 130 1333 teria
153 1269 393 1334 communicare
419 1284 483 1328 non
512 1273 616 1350 potest
631 1265 654 1328 ⁸.
683 1205 795 1350 llaque
822 1270 931 1334 anima
965 1270 1119 1350 humana,

44 1371 134 1434 quae
156 1347 333 1414 secundum
356 1347 525 1412 essentiam
546 1365 639 1410 snam
661 1357 709 1412 est
732 1348 918 1427 rationalis,
941 1351 980 1415 ad
1004 1375 1121 1438 opera·

44 1435 153 1499 tiones
174 1432 323 1515 corporis
343 1429 509 1495 concurrit
529 1447 592 1491 non
614 1439 773 1512 qnatenus
796 1441 844 1495 est
865 1433 1045 1509 rationalis,
1062 1436 1120 1501 sed

43 1527 207 1600 quatenns
228 1514 394 1588 virtutem,
415 1531 473 1575 sen
496 1506 661 1576 laenitates
684 1513 883 1596 vegetativos
906 1515 936 1577 in
960 1535 993 1578 se
1014 1522 1119 1582 conti-

43 1607 113 1661 net.
129 1599 243 1680 Neque
260 1591 340 1659 illod
359 1588 575 1658 omittendum
596 1603 657 1667 est,
680 1595 822 1657 animam
846 1594 1027 1678 producere
1041 1620 1119 1684 ope-

44 1681 190 1743 rationes
204 1678 363 1762 eorporis,
378 1696 440 1739 noo
463 1683 561 1758 prout
581 1686 656 1740 sunt
678 1696 766 1740 mere
789 1678 984 1753 materiales,
1000 1691 1033 1745 et
1047 1702 1118 1746 cor·
1135 1747 1140 1756 ,

44 1782 179 1848 pereae,
195 1757 251 1825 sed
266 1767 364 1844 prout
377 1754 498 1829 eitoicr,
511 1773 548 1819 ao
563 1755 700 1840 proinde
715 1755 839 1844 aliquid
860 1759 1013 1846 simplex,
1029 1774 1118 1830 sunt.

165 1886 233 1938 lar.
257 1882 516 1948 ill-Argumenta,
537 1882 633 1944 quibus
652 1879 877 1934 scholasticorum
899 1883 1002 1936 theorta

410 1955 595 2019 impugnatur,
616 1956 757 2006 solvuntur

85 2071 139 2136 24.
162 2067 270 2135 Obiic.
295 2066 327 2131 1⁰
349 2066 382 2133 Si
405 2064 512 2130 anima
540 2062 709 2130 rationalis
733 2074 817 2129 esset
841 2064 945 2129 lorma
967 2066 1114 2132 snbstan-

43 2153 135 2220 tialis
155 2151 313 2234 eorporis,
328 2149 399 2234 ipsa
414 2166 487 2212 cum
510 2166 646 2232 corpore
668 2163 737 2210 sese
758 2146 994 2225 commisceret,
1018 2150 1063 2214 ita
1075 2160 1117 2216 nt

42 2256 123 2300 cnm
144 2254 183 2297 eo
203 2230 445 2303 extenderetur,
468 2238 501 2295 et
521 2228 734 2296 divideretur.
759 2231 801 2293 At
825 2229 860 2292 ni
884 2226 932 2306 id,
954 2229 1042 2315 qnod
1064 2241 1114 2300 est

43 2327 235 2390 extensum,
257 2323 290 2379 et
311 2309 494 2386 divisibile,
516 2321 567 2376 est
587 2308 765 2375 materiale.
789 2248 878 2395 drgo
900 2310 1116 2379 Scholastica-

43 2418 119 2463 rnm
142 2397 296 2462 sententia
320 2393 461 2459 animam
481 2393 656 2457 humanam
679 2391 878 2458 materialem
903 2392 991 2460 lacit.

85 2479 138 2543 25.
160 2478 260 2564 Resp.
287 2477 362 2559 Nep.
386 2475 475 2551 moi,
499 2496 582 2540 eoae.
604 2474 683 2538 mia.
705 2473 784 2556 Nep.
807 2494 889 2538 cons.
914 2477 954 2542 Et
976 2497 1051 2540 sane
1076 2476 1114 2542 il-

42 2560 214 2644 lnd,qnod
229 2559 270 2626 ab
283 2557 477 2623 adversariis
491 2555 659 2633 obiicitur,
671 2555 759 2640 quod
775 2576 890 2640 nempe
905 2559 1013 2622 anima
1029 2559 1115 2624 iuret

42 2642 239 2720 materialis,
255 2643 281 2707 si
304 2661 379 2705 cum
400 2658 538 2724 corpore
560 2639 836 2714 commisceretur,
861 2639 926 2704 iam
947 2639 988 2702 ab
1011 2641 1116 2725 Aqui-

43 2733 122 2789 nate
143 2723 332 2790 adnotatum
354 2721 429 2786 luit.
453 2744 470 2782 «
492 2721 586 2797 Quae
608 2720 808 2795 miscentur,
832 2721 900 2799 ait,
923 2730 1052 2806 oportet
1073 2721 1116 2786 ad

40 2807 187 2872 invicem
201 2807 332 2872 alterata
346 2803 528 2888 esse;qnod
550 2824 614 2868 non
637 2802 808 2889 contingit,
825 2803 889 2866 nisi
909 2803 940 2866 in
957 2804 1018 2881 his,
1057 2824 1119 2869 uo-

42 2909 121 2953 rum
141 2897 190 2954 est
212 2889 348 2955 materia
369 2884 506 2950 eadem‘
523 2909 553 2948 o.
570 2889 612 2950 At
631 2905 671 2948 ex
694 2906 745 2960 eo,
770 2881 857 2981 quod
879 2884 986 2948 anima
1010 2825 1113 2952 irllor-

41 2981 113 3036 mat
134 2989 265 3056 corpus,
288 2971 393 3056 ipsam
414 2988 489 3033 cnm
513 2987 647 3053 corpore
669 2966 874 3031 commisceri
898 2966 983 3032 hand
1007 2969 1113 3063 sequi-

42 3063 113 3118 tur.
136 3053 266 3118 Etenim
294 3052 411 3116 mistio
440 3050 509 3114 veri
536 3048 679 3115 nominis
711 3048 795 3114 inter
828 3045 1024 3115 snbstantias
1047 3070 1113 3114 iam

81 3247 91 3282 ¹
115 3247 204 3295 contr.
226 3244 313 3300 eant..
334 3240 380 3291 lib.
402 3239 435 3297 ΙΙ,
456 3254 483 3289 c.
503 3238 549 3288 ott.

80 3317 93 3353 ²
112 3313 150 3368 Gi
166 3319 198 3366 in
216 3317 260 3366 tto.
280 3317 307 3365 ll
326 3317 409 3372 sont,
431 3310 496 3362 liirt.
518 3310 538 3366 l,
558 3324 586 3373 q.
602 3305 642 3369 ll,
661 3323 687 3363 a.
708 3310 725 3362 4
744 3311 777 3361 sd
796 3312 823 3361 i.

79 3390 92 3425 ⁸
114 3408 125 3433 ι
149 3386 244 3439 Forma
264 3385 408 3450 porrectior
426 3384 471 3434 dat
491 3384 619 3433 materiae
638 3382 766 3446 quidquid
785 3385 864 3435 dabat
884 3384 969 3435 forma
990 3385 1111 3446 inlertor,

40 3469 72 3513 et
90 3461 179 3512 adhoc
198 3461 324 3523 amptius.
336 3455 409 3510 llnde
422 3458 512 3507 anima
523 3454 662 3505 rationalis
674 3455 719 3506 dat
732 3458 837 3520 corpori
851 3457 969 3508 humano
981 3459 1111 3522 quidquid

41 3539 90 3585 dat
109 3537 199 3584 anima
218 3530 347 3582 senrtbtttr
367 3531 460 3588 brutis,
481 3526 633 3591 vegetabilis
654 3530 762 3591 plantis,
781 3535 809 3580 st
827 3528 941 3581 ulterius
959 3531 1058 3596 atiqrrid
1082 3549 1107 3592 »ς

42 3611 94 3672 Qp.
115 3609 215 3670 dirpp„
234 3620 262 3668 q.
282 3617 329 3654 un.
352 3605 390 3653 Da
407 3605 512 3658 Aesim,
532 3614 559 3650 a.
576 3600 605 3649 tl
628 3614 654 3650 c.

78 3678 200 3730 tcoao.
220 3679 307 3734 Gerrt„
328 3675 372 3726 lib.
395 3672 429 3733 ll,
450 3689 476 3724 c.
497 3673 543 3730 tte,
563 3685 593 3722 n.
616 3673 641 3723 l.

117 3769 225 3820 l’urnm.
236 3762 346 3818 Cnnrsr.
358 3768 497 3831 commod.
512 3762 546 3815 ll.
772 3748 779 3761 ⁶
951 3765 1004 3816 ¹3⁶
