2475 3909
460 193 688 242 ornnnruuars
1006 176 1066 242 123

62 297 110 342 nus
130 279 236 366 aliqua
259 279 364 365 figura
385 279 542 346 induitur:
566 281 653 366 quod
674 278 808 365 quidem
830 286 952 344 constat
972 290 1041 346 tum
1064 277 1107 343 ab

60 363 258 447 experientia,
282 375 350 429 tum
371 362 497 460 abipsa
518 363 751 449 significatione
774 383 888 426 rooum
904 363 1107 446 phantasma·

59 443 101 520 tis,
121 465 156 509 ae
178 447 337 528 imopiue's.
354 448 453 530 Atque
469 445 572 531 ligura
587 446 626 510 ab
641 446 853 530 quantitatem
873 446 1019 527 eorporis
1035 465 1107 528 per·

60 525 137 591 tinet.
161 527 247 612 Ergo
270 549 321 593 res
343 528 475 592 sensiles
508 528 547 592 ad
576 529 776 614 phantasiam
809 547 866 612 per
892 529 1107 611 quantitatem

58 610 184 694 proprie,
206 622 233 674 et
252 631 310 694 per
331 631 362 672 se
382 609 582 674 referuntur.
606 609 759 673 Diximus
784 619 891 672 autem
909 609 1055 692 proprie,
1079 617 1108 669 et

59 709 103 769 por
122 712 164 769 ee,
187 713 262 758 nam
285 692 454 776 qualitates
476 713 586 756 rerum
609 690 777 756 sensilium
799 691 897 755 etiam
920 690 959 755 ad
976 691 1109 775 phanta-

60 771 128 835 siam
150 775 324 857 pertinent,
346 795 384 836 eor
405 775 592 859 consequenti
615 783 740 851 tamen,
763 783 795 837 et
811 792 869 856 per
889 773 1040 838 occideres.
1065 772 1108 835 E-

61 856 147 920 tenim
160 901 169 932 ,
194 875 268 920 cum
300 856 472 940 qualitates
503 856 638 920 sensiles
659 876 678 918 a
697 856 877 939 quantitate
904 855 1031 940 seiungi
1053 874 1108 917 ne·

61 945 180 1030 queant,
203 939 352 1023 sequitur
365 939 564 1024 phantasiam
580 959 619 1001 eo
635 937 718 1021 ipso,
733 935 821 1022 quod
841 937 945 1002 fertur
960 939 994 1002 in
1008 957 1110 1021 quan·

61 1029 185 1095 ntalem,
210 1019 289 1086 lerri
312 1019 408 1085 etiam
432 1021 465 1084 in
486 1019 658 1103 qualitates
679 1039 789 1084 rerum
810 1020 991 1084 sensilium.

91 1101 138 1168 81.
163 1101 262 1188 Prop.
287 1101 333 1169 3³.
358 1101 531 1166 Pbontosio
550 1102 614 1166 sine
637 1099 772 1166 sensibus
789 1102 946 1187 propriis,
969 1112 996 1165 et
1017 1120 1108 1165 seusu

59 1185 206 1248 communi
229 1183 365 1249 exerceri
384 1185 501 1280 nequit.

92 1265 259 1332 Probatur.
281 1266 453 1331 Phantasra
467 1275 613 1330 versatur
629 1265 714 1328 cirea
730 1264 905 1342 obiectum,
928 1286 992 1330 non
1014 1273 1111 1350 prout

60 1347 137 1413 inse
159 1359 232 1425 est,
255 1347 312 1414 sed
334 1359 431 1432 prout
452 1349 615 1413 inanima
637 1347 773 1424 existit,
799 1348 878 1431 quia
921 1349 1110 1421 hantasma,

59 1429 117 1494 sire
137 1429 304 1498 obiectum
327 1431 513 1515 phantasiae
534 1439 583 1494 est
603 1431 857 1515 repraesentatio
877 1367 995 1496 obiecti
1012 1429 1112 1493 sensi-

60 1509 92 1574 lis
112 1511 199 1578 lacta
221 1513 253 1576 in
276 1515 394 1576 anima.
419 1512 518 1598 nequi
540 1510 704 1576 obiectum
725 1513 843 1577 sensile
866 1512 978 1577 existit
997 1513 1030 1575 in
1045 1511 1112 1575 ani-

59 1613 128 1672 ma,
151 1605 250 1690 prput
279 1593 425 1658 sensibus
460 1594 694 1680 apprehensum
715 1604 773 1658 est.
797 1595 884 1692 Ergo
908 1596 994 1660 aetio
1016 1593 1112 1689 phan-

60 1675 148 1740 tasiae
174 1697 244 1742 srne
267 1679 392 1740 actione
415 1697 566 1740 sensuum
594 1679 734 1741 existere
762 1687 873 1761 nequet
889 1678 912 1740 ¹.
935 1677 1113 1762 Experren-

59 1755 95 1818 tia
115 1757 205 1824 idem
227 1758 404 1835 confirmat;
420 1767 622 1840 compertum
637 1760 724 1821 enim
739 1769 789 1822 est
806 1779 1002 1855 quemqnam
1018 1778 1112 1822 sensu

58 1838 161 1924 aliquo
184 1852 348 1906 carentem
363 1839 443 1904 nihil
460 1859 551 1925 posse
575 1839 749 1924 imaginari
766 1840 806 1905 de
820 1841 1005 1916 sensilibus,
1028 1859 1111 1925 quae

59 1918 140 1988 illius
162 1943 276 1988 sensus
296 1924 430 2008 propria
452 1931 539 1996 sunt;
554 1941 583 1984 e.
602 1942 646 2005 g„
670 1942 729 1985 nee
750 1943 864 1988 eaeeus
880 1923 1037 1996 colorum,
1054 1941 1112 1985 neo

58 2004 168 2071 surdus
192 2025 343 2070 sonorum
367 2003 447 2068 ullas
468 2003 628 2088 imagines
649 2003 777 2070 habent.

92 2089 141 2154 8⁶2.
166 2087 261 2164 Quod
284 2085 309 2149 si
332 2106 406 2150 eum
427 2086 622 2152 Garnierio²
644 2085 822 2151 obiiciatur
835 2107 893 2151 nos
908 2085 1009 2151 multa
1032 2087 1111 2149 ima·

60 2166 182 2249 ginari,
205 2189 288 2256 quae
312 2169 401 2232 nullo
423 2189 517 2232 sensu
540 2164 671 2233 luerunt
692 2190 711 2231 a
734 2169 827 2234 nobis
848 2169 1059 2255 apprehensa,
1081 2188 1111 2231 e.

59 2269 98 2394 p,
120 2263 263 2318 montem
286 2271 435 2326 aureum,
453 2248 486 2312 in
501 2260 692 2335 promptus.
709 2250 849 2316 Thomas
864 2251 1033 2337 responsio
1053 2259 1110 2313 est.

85 2335 121 2398 tsi
145 2335 332 2420 phantasma
355 2333 427 2407 rei,
449 2351 546 2416 quam
569 2343 641 2397 ante
663 2353 727 2396 non
748 2334 972 2419 percepimus,
996 2334 1039 2399 sit
1060 2351 1115 2394 no·

59 2435 129 2480 rum
151 2415 321 2482 recaredum
342 2416 470 2500 speciem
491 2415 609 2489 totius,
633 2426 739 2480 tamen
765 2437 828 2480 non
852 2425 900 2480 est
928 2436 1046 2479 novum
1068 2435 1115 2476 se

60 2497 196 2564 eundum
217 2508 337 2584 partes,
360 2519 400 2561 ex
421 2494 542 2581 quihus
563 2499 778 2582 componitur.
802 2498 850 2564 lta
871 2498 996 2581 speeies
1023 2515 1113 2559 mon·

60 2579 95 2644 lis
116 2583 210 2646 aurei
234 2590 281 2644 est
303 2581 394 2644 nobis
417 2599 508 2656 noea,
525 2577 580 2643 sed
596 2599 659 2642 non
675 2588 748 2644 sunt
769 2601 868 2646 novae
890 2576 973 2644 duae
989 2579 1115 2663 speeies

60 2665 199 2752 montis,
223 2672 255 2728 et
271 2665 371 2780 puri,
394 2682 436 2725 ex
456 2661 574 2746 quibus
594 2663 692 2726 unioa
716 2661 772 2726 illa
794 2662 913 2729 montis
935 2662 1023 2726 aurei
1047 2679 1116 2746 spe·

61 2763 121 2811 cres
142 2747 258 2811 existit
286 2792 293 2807 .

94 2827 145 2894 83.
172 2827 245 2893 Duo
272 2825 414 2920 denique
446 2826 532 2890 circa
567 2822 765 2910 phantasiam
797 2824 989 2913 explicanda
1022 2822 1116 2888 nohis

61 2923 151 2976 sunt:
175 2909 208 2974 1⁰
229 2908 315 2986 Quid
338 2919 391 2984 stt,
414 2906 501 2991 quod
524 2906 687 2972 interdum
710 2928 769 2991 per
783 2908 982 2996 phantasiam
1005 2929 1067 2973 non
1091 2905 1118 2970 i·

60 2993 219 3078 maginem
242 2989 375 3066 obieeti,
398 2989 453 3053 sed
475 2991 583 3076 ipsum
608 2989 771 3055 obiectum
791 3001 1034 3077 repraesentare
1061 3007 1119 3051 no-

60 3071 107 3138 his
128 3073 311 3150 videamur3
332 3070 367 3136 2⁰
389 3069 551 3158 quomodo
574 3069 642 3151 liat,
663 3082 700 3138 ut
721 3072 886 3157 phantasia
908 3094 949 3137 ex
969 3069 1119 3156 imagini-

60 3151 118 3300 lpus
139 3177 273 3232 rerum,
296 3175 376 3241 quas
397 3177 415 3222 e
440 3153 585 3220 sensibus
610 3155 742 3232 hausit,
775 3176 871 3220 novas
892 3154 1050 3240 imagines
1071 3149 1118 3214 el-

75 3252 191 3306 armet.

97 3322 151 3389 84.
174 3318 270 3397 Quod
292 3321 406 3387 attinet
426 3318 466 3384 ad
488 3320 644 3406 primum,
667 3317 941 3404 praemonendum
966 3328 1014 3384 est
1035 3315 1119 3382 iudi·

97 3525 106 3562 l
129 3523 164 3578 Cl
180 3541 203 3576 s.
226 3526 307 3589 hug„
328 3525 367 3576 De
385 3535 445 3572 uera
466 3521 556 3584 Μέση
577 3534 603 3569 e.
625 3519 670 3568 10.

96 3599 108 3635 ²
129 3601 178 3660 op.
198 3602 254 3657 eet..
274 3613 299 3650 e.
321 3597 347 3654 3,
368 3599 434 3645 sect.
454 3593 482 3646 l.
502 3597 528 3642 et
546 3607 571 3642 e.
592 3593 621 3649 8,
640 3595 707 3642 secl.
729 3593 754 3643 l.

98 3671 179 3737 Ὀφ.
197 3673 294 3737 dlrpp„
317 3673 353 3721 lle
372 3667 453 3728 Malo,
474 3680 501 3732 q.
523 3661 593 3726 llVl,
612 3678 639 3715 a.
662 3665 691 3715 tl
712 3665 745 3717 ael
764 3667 792 3718 a.
