2475 3909
442 126 448 136 ’
471 156 703 207 urnammora
1021 136 1079 202 177

58 250 105 307 net
124 238 298 306 discrimen
322 243 406 307 inter
428 242 595 318 virtutem,
618 254 652 308 et
672 241 790 307 vitium
806 240 830 317 ¹;
852 260 957 335 neque
978 238 1118 331 legibus,

57 321 351 408 obiurgationibus,
380 324 556 403 laudibus,
600 326 709 401 oenis,
731 331 764 388 et
786 324 941 408 praemiis
961 322 1047 387 ullus
1069 345 1121 388 re·

57 416 151 470 staret
173 406 306 481 locus²,
328 406 406 489 quia
428 406 478 471 his
498 427 587 472 ornnr
613 426 652 471 us
680 406 768 469 locus
794 424 864 469 esse
892 404 1027 489 nequit,
1055 407 1117 470 nisi

56 497 142 551 actos
164 486 210 550 ita
232 487 265 549 in
288 498 395 553 nostra
422 497 580 576 potestate
601 489 688 566 sint,
712 494 748 551 ut
771 485 842 553 illos
863 506 930 631 lpro
959 484 1120 553 arbitratu

55 578 161 634 nostro
182 587 326 652 ponere,
360 570 412 635 vel
437 592 501 636 non
523 590 646 656 ponere
670 568 840 665 possimus.
880 589 999 654 nsuper
1019 579 1121 634 ruunt
1159 604 1163 612 ·

55 648 230 715 cuiuslibet
250 652 391 716 civitatis
412 652 633 729 fundamenta,
657 669 778 736 quippe
798 648 898 737 quod,
914 665 949 716 ut
965 649 1059 717 modo
1074 650 1120 715 di·

55 733 179 807 ximus,
202 731 326 796 nullius
348 736 502 801 momenti
525 734 668 799 evadunt
690 732 789 817 leges,
811 734 968 819 praemia,
991 743 1024 798 et
1045 755 1121 818 poe-

55 834 135 891 nae,
157 832 300 897 quorum
322 815 494 898 praesidiis
513 816 629 881 civitas
656 814 825 892 munitur,
848 835 972 880 necnon
994 825 1121 882 contra·

55 906 136 968 ctus,
158 905 192 959 et
214 893 359 971 foedera,
382 896 502 980 quibus
526 899 614 962 cives
638 898 721 962 inter
735 916 803 961 sese
820 897 1019 973 vinciuntur3
1042 897 1121 963 baec

54 976 140 1039 enim
154 973 267 1040 eadem
289 978 479 1044 necessitate
502 978 715 1053 violarentur,
731 997 794 1060 qua
810 977 946 1043 luissent
961 978 1118 1045 instituta.

54 1056 203 1140 Denique
224 1059 292 1121 ruit
319 1062 455 1143 quaevis
483 1060 624 1206 τθὶἰῗῗ
649 1078 721 1125 nam
747 1060 773 1123 si
796 1061 944 1125 homines
973 1058 1121 1128 libertate

55 1151 176 1214 carent,
198 1139 298 1203 nullis
318 1141 435 1205 officiis
455 1162 531 1227 erga
603 1164 660 1205 um
687 1139 958 1228 obstringuntur,
980 1142 1121 1207 nullum-

54 1242 117 1307 que
140 1220 189 1284 illi
213 1221 337 1286 cultum
358 1222 512 1287 exbibeue
536 1233 695 1289 tenentur.
712 1222 931 1298 Quamobrem
945 1225 1002 1309 qui
1019 1225 1122 1291 bomi-

54 1322 127 1367 nem
151 1301 301 1369 libertate
323 1306 480 1390 expoliat,
495 1326 570 1370 eum
586 1304 682 1368 simul
698 1303 809 1383 domo,
822 1308 968 1381 civitate,
991 1308 1122 1393 religio-

55 1406 93 1448 ne
114 1382 279 1461 destituit,
301 1384 486 1472 belluisque
509 1390 642 1483 prorsus
662 1397 829 1472 exaequat.

92 1463 129 1530 3⁰
151 1465 300 1551 Denique
321 1468 429 1533 eidem
453 1471 581 1535 veritati
610 1489 673 1533 nou
702 1490 818 1555 parum
841 1466 968 1534 roboris
990 1467 1122 1535 additur

53 1569 95 1611 ea
117 1548 297 1614 universali
319 1549 488 1615 hominum
503 1550 724 1615 consensione.
740 1552 787 1615 Re
802 1549 937 1637 quidem
954 1571 1038 1627 vera,
1055 1572 1124 1615 orn-

54 1650 111 1693 nes
132 1628 282 1695 homiues
305 1653 380 1696 cum
402 1632 513 1711 docti,
537 1643 604 1697 tum
628 1630 748 1697 inducti
774 1634 807 1696 in
828 1632 1001 1697 asserenda
1024 1632 1125 1699 liber·

54 1720 118 1776 tate
141 1711 366 1797 indifferentiae
389 1713 527 1779 mirifice
549 1715 769 1790 consentiunt;
795 1735 866 1778 narn
890 1734 999 1777 omnes
1021 1715 1125 1781 solent

52 1793 309 1860 consultationes
330 1796 501 1861 instituere
523 1795 563 1861 de
589 1794 689 1860 rebus
711 1794 857 1881 agendis,
882 1796 995 1861 ineunt
1017 1807 1123 1893 pacta,

53 1898 71 1939 a
118 1885 236 1941 escunt
255 1877 474 1943 differentiam
500 1878 587 1943 inter
607 1878 766 1953 honestas,
782 1889 815 1941 et
829 1897 945 1963 pravas
966 1887 1122 1956 actiones,

55 1897 189 2043 aliisque
209 1959 418 2031 huiusmodi,
441 1958 583 2057 quibus,
610 1958 737 2023 sublata
759 1959 918 2030 libertate,
943 1957 1033 2023 locus
1055 1980 1123 2025 esse

53 2061 119 2105 non
144 2052 252 2127 posset
267 2042 288 2104 ⁸.
311 2039 406 2115 Quod
429 2063 455 2105 sr
480 2040 626 2106 nonnulli
652 2040 834 2106 libertatem
848 2040 1005 2106 voluntati
1029 2040 1126 2107 dene·

55 2135 145 2206 gant,
168 2124 202 2188 bi
223 2122 397 2189 admodum
422 2125 575 2208 perpauci
598 2131 685 2200 sunt,
708 2134 804 2208 atque
828 2124 836 2187 i
862 2123 906 2199 si,
930 2122 1006 2186 licet
1028 2123 1126 2189 liber·

55 2215 156 2269 tatem
177 2205 286 2270 verbis
308 2204 479 2291 denegent,
504 2214 610 2269 tamen
625 2226 696 2269 eam
713 2226 812 2291 opere
849 2216 952 2269 noent.
977 2204 1073 2283 Nam,
1089 2218 1126 2272 ut

55 2286 221 2352 Eusebius
247 2288 314 2352 iam
341 2284 522 2364 advertit⁸‚
549 2288 611 2374 ipsi
643 2285 805 2354 libertatis
831 2307 941 2352 osores
967 2284 1007 2352 de
1028 2287 1125 2354 rebus

55 2367 218 2435 faciendis
245 2368 448 2443 deliberant,
470 2369 612 2435 aliorum
641 2370 787 2435 facinora
815 2380 872 2433 aut
892 2365 1047 2446 laudant,
1070 2382 1127 2437 aut

53 2453 256 2538 vituperant,
280 2450 365 2517 filios
385 2452 570 2529 admonent,
638 2452 709 2517 euis
729 2452 884 2527 alliciunt,
898 2460 931 2517 et
945 2449 984 2515 ad
1007 2448 1127 2517 bonam

54 2533 189 2621 frugem
210 2554 363 2599 revocare
389 2544 560 2600 conantur.
624 2554 702 2599 uare
731 2534 793 2620 ipsi
816 2553 906 2597 suam
935 2535 1126 2599 senteutiam

53 2615 215 2702 operibus
235 2616 419 2696 destruunt,
440 2625 473 2681 et
493 2616 707 2701 sibimetipsis
728 2614 965 2682 contradicunt.

147 2754 219 2805 aar.
234 2751 280 2805 lx.
294 2752 475 2818 -Quomodo
493 2752 667 2875 ltberidaetus
687 2758 831 2807 voluntatis
849 2755 882 2806 ab
902 2756 1041 2806 intellectu

525 2841 575 2889 pen
595 2834 658 2878 aaut

93 2948 171 3013 2‘17.
195 2946 274 3018 Tres
295 2953 371 3010 suut
391 2944 478 3008 circa
499 2944 582 3009 banc
602 2945 827 3041 quaestionem
855 2943 1127 3091 Philosophorum

52 3028 251 3098 sententiae.
264 3030 357 3103 Sunt,
369 3027 427 3111 qui
441 3047 517 3096 cum
528 3025 653 3112 Kingro
668 3027 923 3112 Arebiepiscopo
936 3026 988 3091 Du
1014 3026 1131 3091 linensi

52 3109 260 3188 contendunt
279 3106 478 3176 voluntatem
492 3109 616 3205 eligere
639 3107 771 3206 aliquod
785 3108 950 3175 obiectum
971 3109 1042 3173 sine
1061 3108 1130 3173 ullo

52 3197 190 3273 motivo,
213 3214 330 3279 nempe
354 3192 425 3257 sine
440 3212 575 3277 praevio
598 3190 815 3275 iudicumque
837 3190 1018 3259 intellectus
1038 3188 1131 3255 boni·

90 3405 102 3445 l
123 3404 185 3457 bu.
204 3406 237 3455 de
254 3405 332 3455 duob.
352 3404 454 3463 datm„
474 3420 500 3453 c.
523 3403 567 3462 li,
586 3417 614 3454 n.
639 3405 682 3454 ll.

87 3480 102 3518 ²
124 3482 167 3530 u·
186 3480 241 3530 cta.
263 3478 320 3534 uss,
342 3476 389 3527 llb.
411 3474 443 3535 V,
464 3491 490 3526 c.
510 3476 539 3527 9.

89 3547 162 3603 ⁸Gl
176 3549 302 3601 eumdem
323 3562 345 3599 s.
367 3546 448 3613 dog„
468 3544 525 3598 Lib.
545 3550 576 3598 de
594 3549 671 3599 duab.
692 3548 794 3608 Antm,
816 3562 842 3599 e.
866 3548 908 3607 ll,
931 3563 957 3597 n.
983 3547 1026 3598 tu.

89 3622 165 3675 lm
182 3636 274 3687 prosp.
294 3636 345 3681 em,
366 3620 414 3671 trs.
436 3618 494 3680 Vll,
516 3636 542 3672 e.
565 3622 590 3670 7.

134 3707 246 3759 Panos.
260 3701 371 3759 Canna.
387 3708 525 3771 Compend.
543 3704 562 3756 Ι.
932 3702 989 3762 ¹2⁶
