2475 3909
1036 66 1052 103 Ο

166 165 210 229 70
562 185 762 233 iociciin

127 268 276 362 opposito
298 264 447 333 dubitare
471 270 581 417 possit.
606 271 778 355 «Opinio,
803 290 829 333 s.
852 269 987 335 Thomas
1009 271 1124 358 inquit,
1143 272 1182 337 si·

127 347 258 429 gnificat
279 360 386 415 actum
408 351 473 417 inte
487 353 599 431 lectus,
618 354 675 439 qni
698 352 804 419 lertur
818 353 851 417 in
866 373 963 417 unam
978 367 1101 438 partem
1114 376 1184 420 con·

128 429 332 499 tradictionis
352 455 426 498 cuni
440 434 616 502 formidine
631 436 765 501 alterius
777 436 820 499 ¹».
835 434 1042 521 Quapropter
1055 438 1183 503 scientia

128 533 170 577 eii
193 512 466 583 demonstratione
488 520 648 595 efficitur,
675 538 695 581 o
720 518 788 584 inio
813 528 921 583 autem
940 537 982 581 ex
1004 518 1184 605 syllogismo

129 593 313 675 dialectico;
336 622 377 665 ex
398 621 463 685 qno
484 600 532 678 lit,
554 612 591 668 ut
612 602 668 667 illa
689 539 794 677 liima,
813 599 891 664 haec
912 597 1037 665 inlirma
1051 602 1104 666 sit.
1119 602 1184 664 lam

129 700 171 742 eii
193 678 464 753 demonstratione
488 683 562 749 idco
585 706 637 751 res
658 681 852 749 certitudine
866 680 971 753 firma,
991 693 1024 749 ct
1044 681 1184 748 absoluta

130 766 353 857 cognoscitur,
377 767 454 850 quia
478 788 536 849 per
556 787 708 844 causam,
729 784 813 911 guae
834 765 905 829 eius
925 768 1095 831 essentiam
1116 784 1186 829 coii-

131 850 248 922 stituit,
274 848 438 928 probatur.
462 852 512 915 Eii
534 850 718 937 syllogismo
760 846 905 912 ialcctico
920 845 1046 912 iulii-ma
1068 848 1117 911 rei
1138 866 1186 909 co-

132 927 235 1010 gnitio
248 928 423 1008 obtinetur,
438 933 517 1017 quia
532 931 710 998 rationibus
724 939 816 995 extra
830 928 878 992 rei
893 928 1062 993 essentiam
1078 927 1187 993 sumtis

131 1006 324 1091 probatur¹.
354 1012 432 1079 lndc
463 1014 592 1099 exurgit
624 1013 712 1078 aliud
744 1020 841 1097 caput
872 1007 1073 1077 dillerentiae
1108 1011 1189 1073 inter

132 1092 317 1173 scientiam,
341 1106 372 1161 et
391 1096 602 1181 opinionem,
625 1115 763 1182 nempe,
786 1092 918 1158 scientia
940 1093 1025 1158 circa
1047 1111 1191 1157 neccssa-

132 1174 236 1249 rimn,
262 1186 294 1241 et
316 1177 518 1245 immutabile
540 1188 703 1254 versatur,
726 1177 803 1273 quia
824 1175 980 1239 essentiae
1001 1196 1136 1247 rerum,
1157 1182 1189 1236 nt

134 1276 193 1321 suo
215 1256 287 1323 loco
308 1256 467 1339 dicemus,
491 1269 565 1327 sunt
585 1279 796 1334 necessariae,
819 1268 852 1322 ct
873 1256 1104 1331 immutabilcs;
1126 1255 1189 1341 opi·

133 1338 192 1403 nio
214 1362 291 1406 vcro
312 1344 399 1407 circa
422 1345 623 1423 contingens,
646 1353 678 1408 et
700 1339 867 1407 mutabile.

174 1422 224 1487 61.
250 1423 343 1489 Fides
366 1436 472 1490 autem
495 1424 670 1490 delinitur:
694 1424 812 1489 Mentis
835 1420 984 1486 adhaesio
1013 1419 1110 1485 alicui
1136 1419 1190 1490 rei,

158 1525 232 1568 uam
255 1508 329 1591 quis
351 1526 415 1571 non
437 1506 547 1583 videt,
570 1507 625 1571 sed
647 1506 739 1573 alteri
762 1503 881 1569 dicenti
906 1502 1043 1570 credit⁸.
1068 1504 1120 1567 Eis
1139 1502 1192 1565 bac

134 1520 322 1653 delinitione
348 1596 436 1673 patet
460 1590 675 1735 praecipuum
701 1587 875 1651 discrimen
904 1586 988 1650 inter
1013 1585 1192 1657 scientiam,

136 1676 169 1731 et
190 1666 286 1734 iidem
308 1692 347 1735 eii
370 1691 408 1735 eo
428 1682 559 1756 repeton
584 1692 638 1735 nin
655 1691 737 1745 esse,
774 1668 837 1734 uod
851 1667 1012 1733 certitudo
1033 1666 1193 1737 scientiae,

136 1759 175 1815 ut
196 1770 221 1813 s.
238 1752 375 1816 Thomas
396 1754 453 1830 ait,
476 1754 620 1819 consistit
641 1753 675 1816 in
697 1750 762 1817 duo
787 1773 840 1829 us,
863 1749 986 1815 scilicet
1014 1750 1047 1813 in
1071 1747 1195 1841 euiden-

136 1832 197 1907 tia,
220 1845 252 1900 et
273 1834 422 1901 firmitate
445 1834 659 1910 adhaesionis3
683 1833 850 1921 certitudo·
868 1843 976 1898 autem
996 1831 1072 1896 fidei
1096 1850 1196 1895 consi-

139 1914 194 1979 stit
214 1917 247 1980 in
270 1936 335 1981 uno
357 1926 493 1993 tantuin,
513 1918 636 1983 scilicet
650 1918 685 1979 in
699 1914 851 1982 firmitate
872 1914 1077 1979 adhaesionis
1088 1917 1112 1977 ⁸.
1129 1914 1198 1977 Etc²

139 1996 208 2058 nim
231 1998 264 2061 in
287 2000 341 2077 iis,
359 2019 443 2083 quae
465 2000 598 2066 scientia
620 1996 843 2083 cognovimus,
859 2019 915 2061 nos
937 1998 999 2081 ipsi
1023 1994 1197 2060 conclusio

139 2097 214 2171 nem
236 2100 278 2143 eii
299 2081 472 2165 principiis
493 2081 592 2147 lluere
618 2079 856 2166 perspicimus,
880 2078 912 2143 id
934 2077 1020 2164 qnod
1043 2100 1107 2142 non
1128 2096 1197 2138 con

139 2166 188 2221 tin
214 2160 292 2223 itin
316 2161 369 2235 iis,
392 2180 475 2243 quae
497 2162 557 2227 lide
580 2173 736 2228 tenemus.
759 2161 854 2226 Fides
875 2171 982 2225 autem
998 2160 1031 2224 in
1046 2162 1196 2231 divinam,

141 2249 175 2304 et
192 2178 362 2305 lismonam
390 2243 623 2340 distinguitur,
652 2243 729 2328 quia
758 2241 797 2307 ad
825 2240 1064 2308 assentiendum
1094 2240 1196 2311 rebus,

143 2341 222 2405 quas
243 2344 284 2386 cx
306 2320 398 2389 nobis
426 2326 505 2410 ipsis
532 2348 595 2391 non
623 2325 870 2410 cognoscimus,
897 2346 1067 2390 moremur
1088 2324 1129 2390 ab
1149 2341 1201 2385 aii·

143 2405 293 2470 ctoritate
315 2402 438 2482 divina,
460 2407 511 2471 vel
534 2408 682 2473 bumana.

341 2530 408 2584 Aur.
425 2530 545 2585 uena
563 2534 672 2585 scientia
693 2534 779 2583 lattort
799 2546 876 2583 sensu
895 2538 1003 2595 accepta

185 2636 236 2702 62.
260 2636 416 2733 scicntia,
439 2640 478 2704 de
500 2660 564 2725 qua
587 2642 621 2706 in
643 2637 848 2727 praecedenti
872 2639 1010 2704 articulo
1032 2637 1134 2703 locuti
1154 2658 1203 2703 sn-

146 2739 231 2815 mus,
256 2720 415 2805 significat
436 2722 612 2820 perlectam
635 2721 783 2787 notitiam
805 2721 944 2818 alicuius
964 2723 1127 2817 ⁸rei-quae
1148 2740 1203 2867 per

147 2820 219 2864 eius
239 2821 367 2866 causam
389 2803 584 2889 adquiritur.
608 2808 652 2871 At
672 2822 749 2867 vero
771 2824 900 2868 nomine
928 2811 1083 2867 scientiae
1111 2824 1153 2867 vn
1167 2822 1206 2888 go

148 2881 296 2948 denotari
324 2884 421 2947 ctiam
448 2885 528 2952 solet
558 2885 795 2970 quodcumque·
818 2894 954 2973 systema
985 2885 1204 2969 cognitionum

148 2984 257 3029 secum
278 2984 518 3045 connexarum,
541 2988 626 3052 quae
647 2966 688 3032 ad
709 2976 832 3032 certum
861 2964 1033 3051 quemdam
1061 2964 1206 3031 ordinem

147 3066 261 3112 rernm
286 3047 455 3131 pertinent.
480 3050 549 3113 lam
570 3050 597 3114 si
620 3050 754 3115 scicntia
783 3050 843 3114 lioc
871 3069 966 3113 sensu
994 3046 1206 3132 intelligatur,

148 3127 323 3195 indubium
345 3136 393 3193 est
413 3129 516 3214 ipsam
537 3152 598 3195 non
621 3130 726 3197 soluin
743 3129 926 3217 syllogismo
940 3128 1206 3198 demonstrativo,

150 3208 207 3275 scd
228 3210 326 3275 etiam
347 3209 520 3296 probabili,
544 3234 649 3298 neque
670 3212 855 3309 syllogismo
875 3221 1011 3290 tantuin,
1033 3210 1089 3277 sed
1110 3213 1205 3278 etiam

151 3292 339 3359 inductione
355 3293 416 3370 uti,
433 3292 547 3360 adsunt
561 3296 649 3360 enim
664 3298 825 3371 scientiae,
841 3292 1007 3377 inquibus
1021 3315 1086 3358 non
1100 3293 1207 3357 omnia

189 3519 200 3555 ἱ
220 3515 242 3573 l.
264 3532 290 3581 q.
310 3513 427 3573 lxxix,
448 3530 474 3566 a.
494 3516 510 3567 9
530 3516 563 3566 ail
581 3514 682 3567 l.—·²
702 3510 737 3567 Gt
752 3529 779 3578 p.
800 3514 846 3565 50.

190 3589 202 3627 ⁸
222 3584 256 3640 Cl
267 3605 289 3639 s.
311 3586 416 3645 Thom,
441 3589 466 3638 l²
484 3588 537 3647 2²²,
558 3603 584 3652 q.
607 3584 712 3647 lxvii,
731 3603 758 3638 a.
778 3587 795 3637 3
815 3601 842 3639 o.

191 3660 202 3698 ⁶
223 3664 254 3713 ln
273 3662 320 3713 ti'b.
342 3664 383 3714 111
400 3663 483 3723 Scae,
503 3658 569 3712 illst.
590 3657 686 3723 xxiii,
706 3675 734 3727 q.
754 3657 790 3719 ll,
809 3673 836 3711 a.
856 3657 884 3719 2,
903 3658 953 3711 col.
973 3657 989 3708 3
1008 3670 1036 3709 o.
