2475 3909
471 146 554 194 rans
576 148 710 195 aursus
1025 128 1066 192 71

57 228 202 308 firmiter,
220 251 285 377 pec
307 228 415 293 omnia
436 250 494 315 per
516 230 602 297 idem
624 233 874 297 instrumentum
901 227 1026 295 sciendi
1055 252 1108 295 co-

75 334 200 381 noscere
233 314 307 379 icet.

57 336 138 462 gffl.
162 396 230 460 lam
243 396 330 460 eirca
346 394 511 459 scientiam
532 396 591 460 hac
612 394 850 481 significatione
864 402 1030 479 acceptam
1052 415 1108 459 ex-

58 474 236 559 plicandum
257 476 351 542 nobis
372 473 481 552 cst,1⁰
524 498 662 542 uacuam
683 480 749 549 sint
770 476 924 542 scientiae
946 476 1108 559 speculati-

56 578 113 635 ται,
157 580 294 625 uaenam
312 559 481 656 practicam
559 559 639 644 quid
659 560 795 625 scientia
818 558 859 623 ab
879 568 944 623 erte
967 556 1107 632 diflerat3

11 718 12 743 χ
55 638 83 703 3⁰
102 580 262 739 uddenam
283 644 494 738 scientiarum
515 640 687 707 diversitas
702 643 746 709 sit
758 639 944 727 repetenda;
960 639 996 706 4⁰
1011 660 1109 724 quae·

11 744 13 805 3
56 742 122 786 nam
144 734 188 791 srt
208 734 344 790 scrcutra
360 742 480 807 prema.
1022 776 1026 783 .

11 842 12 877 ξ
89 806 122 869 ln
145 807 263 892 primis
284 805 418 871 scientia
438 805 640 891 speculativa,
655 804 704 871 sel
719 804 885 869 theoretica
898 824 937 869 ea
950 812 1011 880 est,
1026 822 1108 886 quae

11 938 12 973 p
55 885 81 947 iu
108 889 255 955 veritatis
286 887 555 973 contemplatione
586 882 752 965 consistit,
784 908 813 951 e.
861 934 882 964 .,
916 884 1107 971 geometria3

11 994 12 1029 f
56 970 184 1037 scientia
205 979 313 1036 autem
335 970 475 1055 practica
497 991 534 1035 ea
556 968 699 1049 dicitur,
722 971 814 1035 cuius
835 906 908 1033 duis
929 978 978 1033 est
998 967 1111 1116 copul-

55 1060 112 1115 tam
132 1054 302 1118 veritatem
326 1051 513 1118 traducendi
535 1050 582 1116 ad*
596 1072 691 1137 opus,
713 1073 743 1117 e.
761 1072 805 1136 g,
827 1051 959 1117 scientia
978 1071 1028 1117 me
1052 1049 1111 1113 ici·

55 1152 117 1197 nae.
141 1135 251 1201 Potest
271 1147 401 1211 autem,
426 1144 575 1199 monente
597 1154 624 1197 s.
648 1133 790 1210 Thoma,
816 1153 902 1208 una,
931 1130 1108 1219 eademque

54 1216 181 1283 scientia
213 1238 282 1283 esse
303 1217 503 1294 theoretica,
525 1224 557 1281 et
579 1215 731 1301 practica,
753 1214 781 1279 si
803 1216 921 1302 partim
945 1216 1033 1281 circa
1058 1233 1110 1279 co-

55 1298 225 1373 ultionem
253 1302 347 1375 veri,
398 1299 493 1365 artim
521 1299 606 1362 circa
640 1298 768 1383 regulas
796 1319 925 1363 morum
953 1308 1108 1363 versetur.

56 1375 209 1466 Exemplo
230 1383 274 1448 sit
293 1320 412 1447 Theodo
437 1381 467 1445 ia
488 1380 653 1457 revelata,
674 1400 759 1475 quae
781 1401 845 1445 nou
864 1379 979 1464 solum¹
995 1387 1112 1447 tractat

55 1460 87 1554 de
107 1460 207 1527 rebus
227 1463 358 1539 divinis,
374 1402 434 1529 sed
448 1462 546 1528 etiam
567 1460 606 1526 de
629 1463 753 1527 acubus
766 1461 928 1538 humanis,
943 1469 1038 1547 prout
1052 1481 1111 1547 per

56 1553 125 1609 istos
145 1557 311 1612 aeternam
334 1543 567 1612 beatitudinem
590 1545 793 1628 assequimur
805 1545 829 1607 ¹.
851 1546 988 1640 Insuper
1009 1543 1112 1607 scien·

55 1626 104 1703 tia,
119 1651 136 1689 a
152 1649 238 1712 quae
260 1626 431 1693 ordinatur
452 1625 493 1691 ad
515 1626 612 1691 linem
629 1626 841 1710 operationis,
857 1638 905 1692 est
918 1624 1111 1709 simpliciter

55 1711 192 1789 practica
208 1734 236 1773 n.
251 1709 346 1787 Quod
369 1711 396 1774 si
417 1711 451 1775 in
472 1708 619 1784 scientia,
642 1729 725 1793 quae
748 1707 924 1794 spectated
937 1728 1031 1793 opus,
1047 1728 1111 1771 non

55 1791 289 1857 consideramus
310 1791 512 1857 ellectionem
541 1791 672 1875 operis,
701 1789 756 1856 sed
786 1800 909 1857 tantum
937 1789 1110 1874 principia,

55 1874 166 1953 quibus
196 1874 323 1941 ellectio
352 1872 461 1959 operis
490 1873 629 1950 nititur;
657 1872 706 1939 vel
734 1871 977 1937 consideramus
1003 1870 1111 1955 operis

55 1954 273 2031 ellectionem,
296 1975 360 2019 non
382 1965 418 2020 ut
441 1952 644 2039 perficiamus
670 1973 774 2038 opus,
803 1950 859 2020 sed
887 1965 924 2020 ut
950 1952 1111 2039 quomodo

57 2038 159 2115 perlici
183 2046 291 2123 queat,
315 2056 555 2121 cognoscamus,
576 2045 654 2101 tunc
674 2036 807 2101 scientia
828 2046 877 2102 est
897 2036 1040 2122 practica
1064 2056 1111 2099 se-

57 2120 192 2187 cuudum
212 2140 294 2196 rem,
314 2139 414 2205 quam
436 2118 574 2193 scimus,
596 2128 629 2183 at
650 2117 825 2185 theoretica
844 2117 1023 2184 secundum
1043 2137 1112 2182 rno-

58 2197 138 2279 dum,
162 2202 214 2267 vel
236 2200 334 2267 linem
356 2199 396 2265 ad
418 2220 517 2284 quem
538 2202 694 2285 speetat'.

88 2284 137 2349 ot.
160 2283 257 2361 Quod
278 2284 393 2348 attinet
414 2280 454 2345 ad
477 2280 629 2359 alterum,
651 2303 704 2347 ars
724 2302 744 2347 a
765 2303 790 2347 s.
806 2282 929 2348 Thoma
947 2279 1109 2346 definitur:

57 2363 176 2431 «Ratio
199 2376 284 2431 recte
306 2364 494 2449 aliquorum
514 2384 651 2449 operum
672 2363 961 2430 faciendorum».
981 2363 1054 2439 Qua
1077 2362 1110 2425 in

58 2442 237 2514 delinitione
259 2446 472 2531 significatur,
496 2458 597 2512 artem
619 2447 790 2532 complecti
811 2467 875 2511 uon
896 2444 1001 2511 solum
1016 2465 1111 2529 regu-

58 2524 107 2605 las,
129 2533 223 2596 iuxta
244 2550 324 2615 quas
345 2548 443 2613 opera
465 2530 545 2593 artis
566 2526 704 2593 condere
719 2530 803 2605 licet,
826 2528 882 2593 sed
903 2528 1001 2593 etiam
1015 2526 1112 2591 ratio-

59 2628 145 2689 nem,
169 2632 212 2677 ex
232 2632 297 2697 qua
319 2609 393 2676 illae
416 2631 451 2675 rc
498 2609 548 2675 lae
574 2622 788 2697 promanant,
817 2619 947 2695 totaque
974 2629 1111 2694 operum

58 2684 234 2773 pulcrrludo
255 2713 344 2758 exur
361 2694 388 2757 it
398 2695 423 2756 ⁸.
462 2711 514 2755 am
536 2714 612 2759 vero
634 2703 702 2758 tum
723 2693 877 2759 scientiae
904 2691 1110 2767 theoreticae,

58 2784 117 2837 tum
140 2776 304 2861 practicae
326 2713 367 2840 ad>
389 2783 456 2840 arte
472 2771 636 2841 dilleruut.
651 2773 734 2840 Nam
749 2774 904 2840 scientiae
918 2774 1110 2840 theoreticae

59 2868 217 2923 versantur
238 2858 326 2921 circa
348 2855 583 2934 necessarium,
607 2866 640 2921 et
661 2854 863 2932 universale,
890 2867 974 2924 artes
1002 2866 1112 2922 autem

58 2937 135 3003 circa
149 2940 356 3024 contingens,
372 2948 405 3005 et
419 2938 627 3025 particulare.
643 2938 801 3006 scientiae
816 2949 924 3005 autem
938 2941 1110 3026 practicae,

59 3038 259 3166 pppmquam,
283 3020 417 3107 perinde
438 3041 475 3084 ac
497 3031 593 3098 artes,
614 3023 785 3086 materiam
805 3022 1041 3107 contingentem
1056 3023 1111 3086 ha·

112 3113 167 3178 nt,
187 3123 302 3188 nempe
324 3104 464 3169 actiones
485 3104 646 3181 hominis,
669 3113 776 3169 tamen
796 3105 884 3170 circa
904 3104 1113 3189 particularem

59 3184 238 3266 partitio,
260 3196 297 3251 ut
317 3206 391 3251 cum
413 3184 535 3251 Scholia
556 3185 751 3270 loquamur,
772 3188 906 3253 minime
931 3197 1110 3270 versantur,

89 3396 99 3431 ¹
118 3392 140 3453 1,
158 3410 188 3459 q.
208 3393 229 3455 l,
248 3409 275 3449 a.
294 3396 313 3446 t
331 3394 408 3446 c.-²
425 3389 462 3448 Cf
476 3410 499 3446 s.
520 3391 627 3456 suom,
649 3394 671 3457 l,
691 3411 719 3461 q.
738 3392 816 3454 XIV,
836 3408 863 3445 a.
886 3394 918 3446 ld
937 3410 965 3446 c.

90 3465 150 3516 ¹1rr
167 3469 212 3519 tu.
234 3470 378 3522 lPerter„
399 3468 461 3519 lect.
484 3466 504 3519 l.

65 3534 185 3673 ‘rdtddu'
204 3538 290 3608 Quare
307 3540 406 3603 ortiles
423 3541 457 3591 ab
475 3542 573 3607 optfice,
593 3542 639 3605 qul
658 3542 732 3593 illam
752 3540 882 3591 rationem
895 3541 1008 3606 ignorat,
1021 3542 1112 3594 distin·
