2475 3909
491 192 670 239 rnnscocm
1019 176 1079 242 203

55 298 90 341 se
109 278 326 343 essentialiter
346 277 451 343 babet.
469 278 555 363 Ergo
577 276 689 361 nequit
711 273 774 341 dici
799 278 940 343 animam
960 298 1028 343 esse
1049 281 1121 345 uni-

56 379 131 423 cum
153 360 354 445 principium
376 360 517 425 efficiens
531 380 664 424 suarum
690 358 956 436 intellectionum,
972 360 1034 425 nisi
1049 362 1119 447 ipsa

57 460 184 516 unum,
208 442 357 528 idemque
384 464 459 507 cum
485 441 651 508 lutettectu
679 438 796 509 Divino
819 462 887 506 esse
913 441 1063 519 dicatur,
1087 441 1118 507 id

57 519 149 606 quod
194 545 284 600 urus,
309 536 468 611 putusque
492 525 711 609 pantheismus
732 534 790 588 est.

95 604 149 670 26.
172 543 268 692 imp.
298 608 345 675 3⁸.
369 607 546 672 Absurdum
571 618 616 671 est
642 606 781 669 enimam
806 624 981 688 cognoscere
1007 625 1056 668 res
1082 625 1121 668 ec

58 707 103 763 co,
128 689 209 771 quod
232 690 303 754 illos
317 690 476 788 producit.

96 767 269 835 Probatur.
291 773 325 839 St
349 793 436 836 mons
464 792 516 835 res
541 779 750 856 cognosceret
770 790 811 833 ex
837 789 898 842 eo,
932 766 1022 853 quod‘
1051 766 1123 833 illas

58 848 232 935 producit,
256 875 332 919 sane
355 852 547 950 produceret
573 872 649 925 res,
671 871 751 937 quas
775 872 838 915 non
859 859 1067 935 cognosceret
1088 872 1120 915 se

58 931 251 1015 producere.
268 941 365 1022 Atqur
383 936 442 1001 hoc
465 934 581 1008 salsum
604 944 663 1009 est;
687 953 773 1010 nam,
789 953 863 997 cum
884 931 1053 1018 quodlibet
1067 954 1126 998 ens

58 1014 218 1099 quidquid
239 1020 320 1103 agit,
337 1031 412 1103 agat
434 1015 612 1082 secundum
636 1014 865 1080 modumsuae
888 1026 1034 1094 naturae,
1058 1016 1124 1080 ani-

60 1117 124 1173 ma,
150 1110 262 1184 utpote
285 1102 515 1184 quaeratione
540 1099 649 1183 potiet,
673 1099 786 1183 nequit
801 1096 924 1182 aliquid
941 1119 1047 1184 agere,
1064 1098 1127 1162 nisi

59 1191 233 1265 cognoscat
254 1181 354 1259 iliud,
377 1182 464 1269 quod
488 1184 573 1268 agit,
594 1183 731 1263 eiusque
753 1180 885 1257 notitiat,
910 1189 1072 1265 tamquam
1095 1201 1127 1243 e-

58 1261 223 1347 xemplari
243 1311 251 1341 ,
274 1266 313 1328 ad
337 1265 496 1352 agendum
519 1274 640 1329 utatur.
665 1264 753 1359 Ergo
773 1262 843 1346 ipsa
866 1281 928 1324 uon
952 1263 1042 1328 novit
1063 1282 1125 1337 res,

58 1345 138 1430 quia
162 1343 234 1409 iiius
255 1347 420 1431 producit,
443 1346 498 1412 sed
522 1368 572 1411 res
594 1344 756 1432 producit,
779 1344 856 1438 quia
879 1340 949 1409 itias
972 1346 1073 1409 novit.

98 1427 160 1521 Ἠ..
176 1427 271 1514 Prop.
294 1428 342 1495 4¹¹.
368 1428 510 1512 Cognitis
535 1450 595 1492 roo
614 1435 711 1513 potest
734 1427 816 1502 dics,
837 1435 874 1489 ut
895 1430 939 1489 ait
961 1426 1123 1503 Ficbtcus,

59 1521 187 1574 creotso.
1146 1528 1149 1535 ·

99 1591 269 1656 Probatur.
294 1592 411 1657 Anima
439 1614 502 1660 non
530 1588 694 1677 cognoscit
721 1610 771 1656 res
798 1610 920 1666 exeo,
972 1589 1035 1655 uod
1058 1588 1129 1655 itias

60 1673 225 1759 producit.
242 1676 329 1760 Ergo
356 1676 500 1759 cognitio
515 1695 579 1739 non
595 1681 697 1757 potest
711 1672 777 1737 dici
798 1671 929 1739 creatio.
947 1611 1129 1748 dructerea,

60 1756 167 1822 omnis
191 1756 276 1821 actio
302 1758 464 1841 cognitrix
485 1763 532 1821 est
554 1754 712 1842 perfectio
733 1752 872 1821 subiecti
894 1757 1129 1840 cognoscentis,

61 1860 125 1905 non
148 1858 225 1903 vero
245 1839 391 1918 obiecti,
425 1838 510 1936 quod
545 1836 770 1922 cognoscitur3
794 1856 812 1901 e
835 1838 1023 1914 contrario,
1048 1838 1131 1902 actio

61 1922 206 2003 creatrip
227 1923 389 1988 transitio
404 1920 527 2006 aliquid
546 1920 685 2004 positum
701 1927 792 1983 extra
808 1916 988 1984 subiectum
1009 1940 1132 1992 creans,

61 2004 148 2147 quiql
162 2002 231 2088 ipsa
253 2014 386 2069 nonest
408 2001 564 2088 perfectio
586 2000 739 2065 subiectis
760 2001 912 2077 creantis,
935 1998 990 2065 sed
1012 2001 1134 2067 obiecti

83 2106 128 2149 uo
172 2095 313 2151 creatur.

62 2109 80 2170 q
99 2168 154 2235 28.
177 2168 275 2253 Prop.
290 2167 338 2233 5¹.
355 2168 538 2232 Maximum
558 2163 727 2227 absurdum
749 2177 790 2228 est
809 2165 856 2241 id,
874 2162 953 2249 quod
973 2166 1018 2229 cit
1032 2164 1063 2229 F
1064 2163 1133 2228 icb-

64 2262 142 2325 teus,
165 2249 303 2312 unimam
324 2271 357 2313 eo
377 2253 457 2334 ipso,
480 2248 558 2334 quod
578 2268 608 2310 se
629 2248 795 2328 cognoscit,
818 2247 953 2330 seipsam
976 2268 1092 2311 creare.

104 2330 277 2395 Probatur.
301 2333 333 2397 Si
358 2334 466 2396 anima
486 2352 527 2395 ex
548 2350 599 2404 eo,
622 2327 709 2413 quod
732 2349 764 2394 se
788 2329 965 2416 cognoscit,
987 2328 1133 2393 sibimet-

65 2412 128 2495 ipsi
151 2413 359 2478 existentiam
381 2414 542 2497 targitur,
564 2410 713 2497 sequitur
740 2413 843 2497 ipsam
869 2432 902 2475 se
925 2430 1132 2496 cognoscere,

64 2515 102 2558 ac
126 2494 264 2578 proinde
290 2496 444 2581 operari,
468 2504 641 2639 antequam
667 2494 794 2559 existat.
818 2495 886 2558 tam
914 2495 939 2557 si
963 2514 1013 2558 res
1036 2494 1081 2559 ita
1102 2512 1136 2556 se

65 2574 224 2654 baberet,
246 2578 388 2662 cognitio
414 2577 483 2641 sine
509 2596 545 2639 sn
572 2576 656 2640 iacto
678 2586 913 2662 cognoscente,
936 2587 969 2641 et
990 2576 1134 2662 operatio

65 2660 135 2723 siue
158 2657 307 2725 subiecto
330 2668 484 2745 operante
517 2656 714 2722 admittenda
747 2656 851 2733 toret3
879 2678 962 2744 quae
990 2657 1135 2743 protecto

65 2738 244 2806 manifeste
266 2740 407 2807 absurda
428 2749 502 2809 sunt
517 2741 540 2803 ¹.

157 2877 348 2933 snr.v.-ue
361 2878 553 2943 Ontotogtsmo,
567 2884 595 2929 et
608 2880 724 2940 primum
738 2880 800 2943 quid
813 2879 864 2930 boc
877 2884 991 2945 systema
1005 2881 1049 2939 stt,

535 2955 677 3015 exponitur

106 3074 162 3141 29.
185 3074 440 3159 Ontoiogismus,
457 3084 495 3141 ut
516 3072 595 3139 alibi
621 3072 765 3140 diximus
778 3077 803 3154 ²,
819 3086 867 3141 est
891 3076 970 3142 iliud
994 3087 1140 3165 systema,

65 3156 189 3243 inquo
211 3157 364 3223 statuitur
385 3165 527 3222 mentem
549 3165 692 3221 nostram
714 3156 847 3237 intueri,
864 3160 932 3224 sive
954 3158 1141 3225 immediate

65 3258 265 3325 cognoscere
287 3234 416 3317 Deum,
439 3249 473 3305 et
494 3238 534 3304 ab
556 3239 617 3304 hac
640 3236 814 3307 intuitione
842 3242 1051 3326 repetendam
1073 3260 1141 3309 esse

66 3322 295 3408 cognitionum
316 3331 502 3387 nostrarum
526 3322 701 3407 originem.

430 3500 760 3516 ——nm

105 3586 115 3623 ¹
136 3581 175 3636 Ct
191 3598 215 3634 s.
236 3580 319 3648 Aug„
342 3586 380 3635 De
399 3589 527 3643 tmmort„
548 3599 574 3634 o.
595 3585 623 3643 8,
644 3600 671 3636 n.
695 3587 738 3640 td.

104 3657 118 3700 r
136 3659 215 3725 μμ,
235 3669 263 3723 p.
284 3653 330 3719 ttt,
350 3670 377 3710 c.
398 3654 435 3721 11,
458 3672 484 3710 r.
505 3658 533 3719 b,
553 3671 581 3725 p.
601 3657 648 3713 83.
