2475 3909
187 164 250 231 aad
495 182 682 233 ruuocoeru
708 178 896 229 narrantis

140 256 383 332 'monstratione
398 263 596 350 colligimus,
610 266 721 349 lpsum
736 284 804 331 esse
821 263 957 329 Causam
968 263 1194 349 Primumque
1215 290 1216 297 ι

147 347 189 413 al)
211 347 275 411 ulia
298 368 361 410 non
412 345 529 423 endet,
562 358 660 433 atque
687 344 761 411 ideo
782 367 825 411 ex
846 346 1032 413 necessitate
1065 368 1137 411 suae
1156 368 1195 409 m-

148 441 241 496 turac
261 427 381 493 existit.
428 428 522 491 1lroc
544 438 665 505 autem,
680 426 766 512 quod
783 427 871 491 Deus
886 437 933 491 est
954 430 1100 493 omnium
1112 427 1195 493 (laun

149 512 282 586 Prima,
305 530 391 592 quae
413 530 431 573 a
454 512 561 595 seipsa
584 522 654 587 est,
678 510 717 573 ad
746 507 985 594 investigandas
1007 511 1089 576 Eius
1112 510 1197 606 perle-

150 595 273 658 ctiones
288 588 423 675 gradum
439 588 589 655 facimus.
607 592 742 667 Modus,
755 612 820 675 quo
835 591 914 655 hanc
938 591 1197 677 investigationem

151 674 323 739 instituere
343 670 438 737 nobis
460 672 548 747 licet,
562 695 604 738 ex
621 675 683 738 iam
707 672 803 739 dictis
825 674 924 736 etlam
947 692 1021 756 pers
1047 675 1151 741 icitur.
1165 686 1198 735 at·

151 776 214 840 que
236 754 277 818 ab
299 754 462 838 Aquinate
489 766 599 819 nostro
626 755 762 820 docetur
784 756 825 817 iis
847 753 973 818 verbis:
996 778 1012 815 a
1059 778 1078 819 ιι
1101 766 1199 819 creatu-

153 838 199 902 ris
214 846 319 921 potest
331 838 365 901 in
385 834 492 899 Deum
514 834 661 901 deveniri
686 838 790 903 tribus
805 834 922 909 modis,
939 836 1067 902 scilicet
1082 858 1135 921 per
1146 856 1198 899 cau

153 918 324 994 entitatem,
347 918 579 993 remotionem,
602 920 812 987 eminentiam
828 918 881 979 ¹».
905 919 1000 992 Sane,
1022 940 1099 983 cum
1119 916 1199 981 omui.-

154 998 325 1148 pprfectio,
345 1020 430 1084 quae
452 998 623 1066 effectibus
644 1002 841 1072 continetur,
857 1000 1070 1065 eminentiori
1085 997 1198 1065 modain

180 1102 256 1145 ausa
279 1081 389 1144 Prima
418 1082 621 1147 contineatur
644 1104 773 1148 necesse
796 1082 859 1153 sit,
883 1100 1041 1145 conamur
1064 1102 1082 1146 a
1104 1081 1163 1145 Deo
1179 1098 1200 1139 a·

154 1162 264 1227 nroliri
290 1160 551 1245 imperfectiones
572 1165 653 1240 illas,
670 1186 751 1249 quas
769 1167 800 1228 iu
816 1173 1040 1228 creaturarum
1058 1162 1200 1248 perfectio

156 1244 252 1309 uibus
275 1242 436 1311 admixtas
456 1243 617 1322 videmus,
634 1248 794 1332 simulque
817 1254 1042 1309 creaturarum
1059 1243 1200 1331 perfectio

156 1349 214 1392 nes
243 1328 311 1391 siue
332 1326 401 1391 ullo
423 1324 528 1391 limite
558 1329 619 1411 ipsi
648 1327 716 1393 Deo
744 1325 934 1395 attribuere.
959 1326 997 1389 E.
1022 1348 1072 1411 g.,
1096 1346 1148 1389 nos
1169 1344 1201 1385 rc

158 1429 326 1473 moremus
347 1429 365 1470 a
390 1406 456 1471 Deo
478 1410 636 1474 rationem
661 1413 824 1494 caeparia,
849 1409 1079 1483 mutationem,
1100 1426 1199 1473 omnen

159 1490 314 1575 temporis
336 1488 569 1565 differentiam,
592 1501 625 1556 et
648 1490 751 1555 Deum
777 1494 1017 1573 incorporeum,
1045 1486 1201 1553 immutabi-

159 1571 232 1648 lom,
256 1582 422 1636 aeternum
447 1592 516 1637 esse
537 1572 689 1637 dicimus
713 1573 850 1647 Rursus,
867 1593 908 1635 ex
929 1592 968 1635 eo
990 1570 1081 1655 quod
1104 1571 1201 1655 saplen-

158 1655 262 1727 tiam,
286 1650 489 1729 bonitatem,
512 1664 544 1719 et
572 1657 730 1721 iustitiam
754 1656 784 1719 in
808 1654 965 1721 creaturis
988 1654 1200 1739 perspicimus.

159 1736 227 1808 has,
249 1754 348 1819 quam
368 1734 509 1799 maximo
526 1756 711 1820 possumus,
727 1756 896 1823 augemus,
914 1736 1090 1832 Deumque
1105 1730 1198 1798 inlinit

161 1816 294 1891 bonum,
310 1816 504 1898 sapientem,
521 1818 643 1883 iustum
665 1817 870 1904 profitemur,
885 1819 962 1903 quia
985 1818 1098 1881 Prima
1114 1814 1201 1881 Causa.

160 1899 207 1962 uti
244 1898 306 1960 iam
330 1896 566 1973 ostendimus²,
594 1922 669 1965 cum
692 1902 734 1965 sit
756 1922 773 1964 a
797 1901 927 1984 seipsa,
950 1918 1083 1964 omnem
1116 1913 1201 1982 pnrtffl

161 1975 408 2062 perfectionem,
424 1977 668 2067 realitatemque
691 1982 737 2047 ita
759 1982 792 2046 in
808 2002 840 2047 sc
856 1980 1105 2065 complectitur,
1119 1988 1150 2043 ut
1163 1986 1218 2039 tce

162 2060 260 2124 minis
282 2059 381 2124 nullis
402 2072 595 2127 coarctetur.

201 2140 252 2204 72.
278 2141 474 2205 Huiusmodi
506 2142 681 2219 methodo,
710 2165 775 2228 qua
798 2143 937 2209 Divinae
959 2152 1097 2207 naturae
1121 2136 1201 2222 cogni·

163 2222 284 2287 tionem
304 2223 509 2306 attingimus,
534 2226 589 2289 illa
611 2224 799 2321 respondet,
822 2245 904 2310 qua,
928 2222 1110 2287 secundum
1132 2225 1202 2283 ,tru-

165 2304 316 2399 pagitam,
333 2302 420 2368 Deus
443 2326 502 2389 per
522 2307 759 2391 affirmationem
775 2320 807 2373 et
822 2306 1012 2389 negotionem
1036 2324 1056 2367 a
1072 2302 1159 2368 nobis
1169 2316 1202 2361 ce

164 2398 342 2469 gnoscrtur,
355 2386 534 2481 etquidem
555 2391 654 2471 mergis
674 2390 804 2473 proprie
826 2410 885 2474 per
901 2386 1121 2532 negationem,
1133 2396 1201 2465 quau

165 2487 224 2549 per
246 2466 493 2532 affirmationem
510 2469 531 2529 ³.
556 2472 596 2535 Et
617 2492 720 2546 sane,
742 2469 936 2555 quemadmo
963 2488 1016 2531 uua
1044 2488 1071 2531 s.
1097 2466 1204 2530 tuone

164 2558 422 2631 argumentatur,
438 2573 455 2611 ι(
473 2548 594 2616 Divina
615 2551 797 2618 substantia
819 2570 949 2615 omnem
965 2548 1118 2623 formam,
1133 2558 1203 2635 quat]

165 2629 346 2695 intellectus
369 2643 478 2696 noster
492 2634 634 2717 attingit,
653 2655 709 2699 sua
733 2633 952 2698 immensitate
974 2628 1124 2704 excedit;
1139 2636 1204 2691 elau·

166 2710 273 2795 Ipsam
294 2712 539 2796 apprehendere
563 2737 625 2779 non
642 2736 813 2802 possumus
834 2710 1056 2798 cognoscendo
1103 2708 1204 2797 untes·

166 2789 221 2854 sed
243 2790 417 2875 aliqualem
441 2796 521 2858 Eius
553 2796 708 2861 habemus
729 2798 880 2863 notitiam
904 2815 1062 2879 cognosce
1107 2780 1204 2872 nqul

167 2892 231 2936 non
259 2883 318 2938 est.
342 2874 444 2939 'fanto
472 2878 559 2940 enlm
590 2880 669 2943 Eius
698 2879 832 2943 notitiae
862 2878 965 2961 magis
994 2876 1206 3021 appropiatum·

168 2976 257 3029 mus,
280 2965 401 3039 quanto
424 2958 518 3041 plura
540 2980 600 3045 per
622 2960 821 3025 intellectum
843 2969 988 3025 nostrum
1013 2980 1029 3022 a
1076 2960 1123 3023 Eo
1144 2962 1205 3045 poll·

167 3038 273 3102 rimus
295 3041 485 3101 removere‘
503 3064 532 3103 o.
557 3042 643 3105 Hinc
664 3062 690 3106 s.
718 3042 934 3127 Augustinus:
958 3062 977 3101 u
992 3040 1134 3105 Facilius
1149 3084 1157 3109 ‚
1174 3050 1204 3094 n-

534 3203 567 3209 .,.
596 3200 848 3210 .-mm———v-un

208 3300 215 3335 ¹
239 3303 270 3347 to
287 3300 334 3348 tto.
356 3302 470 3357 isene,
491 3297 558 3349 lllst.
581 3297 626 3358 lll,
646 3316 674 3363 q.
696 3297 716 3358 l,
738 3314 764 3350 a.
786 3300 802 3351 3
821 3302 870 3352 rol.
893 3297 1017 3359 «Deum,
1037 3299 1098 3349 alibi
1116 3298 1162 3352 alt,
1177 3302 1204 3339 tt·

172 3370 324 3430 gnosclmus
343 3375 373 3417 ut
392 3384 501 3420 causam
519 3406 526 3426 ,
546 3377 572 3419 et
602 3384 648 3434 per
666 3385 825 3429 excessum,
846 3377 873 3422 et
892 3385 939 3435 per
960 3373 1130 3422 remotionem
1146 3387 1170 3418 ·;
1184 3358 1205 3407 l·

172 3452 200 3552 q.
216 3434 441 3567 lixdxdv'j'p'l
460 3440 540 3560 '321³'
561 3438 598 3493 ct
611 3457 635 3491 s.
656 3439 768 3501 Bonas„
785 3446 815 3493 fn
834 3444 877 3494 tlt.
900 3447 914 3495 1
931 3446 1016 3502 Soet„
1031 3440 1096 3493 tttu.
1111 3437 1150 3497 lll,
1162 3426 1205 3499 pl

211 3572 222 3605 ι
244 3577 281 3622 oa
299 3544 376 3637 mia.
398 3546 498 3634 ιιὲοιζ
516 3547 541 3629 ὁ.
564 3578 590 3635 e
611 3581 642 3630 cr
657 3584 709 3634 ιιι.
730 3586 778 3635 un
799 3599 826 3650 ρ.
847 3584 912 3645 aes,
933 3588 988 3637 nor.
1013 3586 1037 3636 ι.

211 3636 330 3697 tconn.
351 3647 437 3708 uene,
458 3650 503 3701 lib.
524 3649 547 3712 l,
566 3665 593 3703 c.
616 3654 661 3706 ll.
