<?xml version="1.0" encoding="UTF-8"?>
<!DOCTYPE html PUBLIC "-//W3C//DTD XHTML 1.0 Transitional//EN"
    "http://www.w3.org/TR/xhtml1/DTD/xhtml1-transitional.dtd">
<html xmlns="http://www.w3.org/1999/xhtml" xml:lang="en" lang="en">
 <head>
  <title>
</title>
<meta http-equiv="Content-Type" content="text/html;charset=utf-8" />
  <meta name='ocr-system' content='tesseract 3.04.00' />
  <meta name='ocr-capabilities' content='ocr_page ocr_carea ocr_par ocr_line ocrx_word'/>
</head>
<body>
  <div class='ocr_page' id='page_1' title='image "./philosophiachri00sansgoog_0037.png"; bbox 0 0 2475 3909; ppageno 0'>
   <div class='ocr_carea' id='block_1_1' title="bbox 488 110 1077 176">
    <p class='ocr_par' dir='ltr' id='par_1_1' title="bbox 488 110 1077 176">
     <span class='ocr_line' id='line_1_1' title="bbox 488 110 1077 176; baseline 0.005 -6"><span class='ocrx_word' id='word_1_1' title='bbox 488 124 569 173; x_wconf 76' lang='lat' dir='ltr'><strong>rans</strong></span> <span class='ocrx_word' id='word_1_2' title='bbox 590 128 696 176; x_wconf 76' lang='lat' dir='ltr'><strong>rarus</strong></span> <span class='ocrx_word' id='word_1_3' title='bbox 1039 110 1077 173; x_wconf 82' lang='lat'><strong>21</strong></span> 
     </span>
    </p>
   </div>
   <div class='ocr_carea' id='block_1_2' title="bbox 59 208 1129 381">
    <p class='ocr_par' dir='ltr' id='par_1_2' title="bbox 59 208 1129 381">
     <span class='ocr_line' id='line_1_2' title="bbox 96 208 1121 297; baseline -0.002 -18"><span class='ocrx_word' id='word_1_4' title='bbox 96 214 148 279; x_wconf 64' lang='lat' dir='ltr'><strong>ts.</strong></span> <span class='ocrx_word' id='word_1_5' title='bbox 174 211 283 278; x_wconf 84' lang='lat' dir='ltr'><strong>Tertia</strong></span> <span class='ocrx_word' id='word_1_6' title='bbox 306 208 470 295; x_wconf 78' lang='lat' dir='ltr'><strong>qualitatis</strong></span> <span class='ocrx_word' id='word_1_7' title='bbox 492 210 617 295; x_wconf 87' lang='lat' dir='ltr'><strong>species</strong></span> <span class='ocrx_word' id='word_1_8' title='bbox 637 224 684 280; x_wconf 85' lang='lat' dir='ltr'><strong>est</strong></span> <span class='ocrx_word' id='word_1_9' title='bbox 705 211 785 277; x_wconf 86' lang='lat' dir='ltr'><strong>illud</strong></span> <span class='ocrx_word' id='word_1_10' title='bbox 806 210 966 287; x_wconf 88' lang='lat' dir='ltr'><strong>accidens,</strong></span> <span class='ocrx_word' id='word_1_11' title='bbox 985 211 1072 297; x_wconf 92' lang='lat' dir='ltr'><strong>quod</strong></span> <span class='ocrx_word' id='word_1_12' title='bbox 1086 213 1121 277; x_wconf 93' lang='lat' dir='ltr'><strong>iu</strong></span> 
     </span>
     <span class='ocr_line' id='line_1_3' title="bbox 59 291 1129 381; baseline 0.002 -24"><span class='ocrx_word' id='word_1_13' title='bbox 59 294 239 361; x_wconf 83' lang='lat' dir='ltr'><strong>substantia</strong></span> <span class='ocrx_word' id='word_1_14' title='bbox 271 291 568 358; x_wconf 70' lang='lat' dir='ltr'><strong>transmutationem</strong></span> <span class='ocrx_word' id='word_1_15' title='bbox 604 294 789 359; x_wconf 81' lang='lat' dir='ltr'><strong>sensibilem</strong></span> <span class='ocrx_word' id='word_1_16' title='bbox 816 292 990 381; x_wconf 82' lang='lat' dir='ltr'><strong>producit,</strong></span> <span class='ocrx_word' id='word_1_17' title='bbox 1016 296 1066 359; x_wconf 86' lang='lat' dir='ltr'><strong>vel</strong></span> <span class='ocrx_word' id='word_1_18' title='bbox 1100 317 1129 375; x_wconf 26' lang='lat' dir='ltr'><strong>a·</strong></span> 
     </span>
    </p>
   </div>
   <div class='ocr_carea' id='block_1_3' title="bbox 59 372 1223 460">
    <p class='ocr_par' dir='ltr' id='par_1_3' title="bbox 59 372 1223 460">
     <span class='ocr_line' id='line_1_4' title="bbox 59 372 1223 460; baseline -0.004 -19"><span class='ocrx_word' id='word_1_19' title='bbox 59 376 323 441; x_wconf 78' lang='lat' dir='ltr'><strong>transmutatione</strong></span> <span class='ocrx_word' id='word_1_20' title='bbox 346 372 490 439; x_wconf 80' lang='lat' dir='ltr'><strong>sensibili</strong></span> <span class='ocrx_word' id='word_1_21' title='bbox 514 375 716 460; x_wconf 86' lang='lat' dir='ltr'><strong>producitur.</strong></span> <span class='ocrx_word' id='word_1_22' title='bbox 733 375 929 441; x_wconf 86' lang='lat' dir='ltr'><strong>Huiusmodi</strong></span> <span class='ocrx_word' id='word_1_23' title='bbox 943 386 1117 452; x_wconf 72' lang='lat' dir='ltr'><strong>estractus,</strong></span> <span class='ocrx_word' id='word_1_24' title='bbox 1222 431 1223 436; x_wconf 73' lang='grc'>,</span> 
     </span>
    </p>
   </div>
   <div class='ocr_carea' id='block_1_4' title="bbox 54 456 1121 1285">
    <p class='ocr_par' dir='ltr' id='par_1_4' title="bbox 54 456 1121 873">
     <span class='ocr_line' id='line_1_5' title="bbox 56 456 1119 556; baseline 0.002 -35"><span class='ocrx_word' id='word_1_25' title='bbox 56 460 111 543; x_wconf 92' lang='lat' dir='ltr'><strong>qui</strong></span> <span class='ocrx_word' id='word_1_26' title='bbox 124 467 246 524; x_wconf 87' lang='lat' dir='ltr'><strong>statum</strong></span> <span class='ocrx_word' id='word_1_27' title='bbox 260 456 400 522; x_wconf 86' lang='lat' dir='ltr'><strong>hominis</strong></span> <span class='ocrx_word' id='word_1_28' title='bbox 415 457 590 541; x_wconf 88' lang='lat' dir='ltr'><strong>perturbat,</strong></span> <span class='ocrx_word' id='word_1_29' title='bbox 606 459 656 524; x_wconf 82' lang='lat' dir='ltr'><strong>vei</strong></span> <span class='ocrx_word' id='word_1_30' title='bbox 668 458 848 556; x_wconf 86' lang='lat' dir='ltr'><strong>poilcr,qui</strong></span> <span class='ocrx_word' id='word_1_31' title='bbox 864 480 906 523; x_wconf 83' lang='lat' dir='ltr'><strong>ex</strong></span> <span class='ocrx_word' id='word_1_32' title='bbox 920 469 1009 523; x_wconf 88' lang='lat' dir='ltr'><strong>metu</strong></span> <span class='ocrx_word' id='word_1_33' title='bbox 1021 459 1119 523; x_wconf 86' lang='lat' dir='ltr'><strong>effici-</strong></span> 
     </span>
     <span class='ocr_line' id='line_1_6' title="bbox 59 539 1121 635; baseline 0.002 -32"><span class='ocrx_word' id='word_1_34' title='bbox 59 552 109 605; x_wconf 89' lang='lat' dir='ltr'><strong>tur</strong></span> <span class='ocrx_word' id='word_1_35' title='bbox 121 544 156 635; x_wconf 77' lang='lat' dir='ltr'><strong>in</strong></span> <span class='ocrx_word' id='word_1_36' title='bbox 172 541 264 605; x_wconf 84' lang='lat' dir='ltr'><strong>vultu</strong></span> <span class='ocrx_word' id='word_1_37' title='bbox 275 539 425 604; x_wconf 89' lang='lat' dir='ltr'><strong>hominis.</strong></span> <span class='ocrx_word' id='word_1_38' title='bbox 452 540 539 605; x_wconf 90' lang='lat' dir='ltr'><strong>llaec</strong></span> <span class='ocrx_word' id='word_1_39' title='bbox 554 543 650 607; x_wconf 88' lang='lat' dir='ltr'><strong>tertia</strong></span> <span class='ocrx_word' id='word_1_40' title='bbox 665 540 830 627; x_wconf 77' lang='lat' dir='ltr'><strong>qualitatis</strong></span> <span class='ocrx_word' id='word_1_41' title='bbox 850 541 973 627; x_wconf 90' lang='lat' dir='ltr'><strong>species</strong></span> <span class='ocrx_word' id='word_1_42' title='bbox 988 551 1121 605; x_wconf 83' lang='lat' dir='ltr'><strong>vocatur</strong></span> 
     </span>
     <span class='ocr_line' id='line_1_7' title="bbox 54 619 1120 718; baseline -0.002 -31"><span class='ocrx_word' id='word_1_43' title='bbox 54 642 175 718; x_wconf 80' lang='lat' dir='ltr'><strong>pqeseo,</strong></span> <span class='ocrx_word' id='word_1_44' title='bbox 198 625 225 687; x_wconf 90' lang='lat' dir='ltr'><strong>si</strong></span> <span class='ocrx_word' id='word_1_45' title='bbox 248 632 295 687; x_wconf 90' lang='lat' dir='ltr'><strong>est</strong></span> <span class='ocrx_word' id='word_1_46' title='bbox 317 622 407 697; x_wconf 85' lang='lat' dir='ltr'><strong>levis,</strong></span> <span class='ocrx_word' id='word_1_47' title='bbox 430 632 462 687; x_wconf 90' lang='lat' dir='ltr'><strong>et</strong></span> <span class='ocrx_word' id='word_1_48' title='bbox 483 619 605 717; x_wconf 69' lang='lat' dir='ltr'><strong>fugax,</strong></span> <span class='ocrx_word' id='word_1_49' title='bbox 629 646 657 687; x_wconf 91' lang='lat' dir='ltr'><strong>e.</strong></span> <span class='ocrx_word' id='word_1_50' title='bbox 683 646 728 709; x_wconf 82' lang='lat' dir='ltr'><strong>g.,</strong></span> <span class='ocrx_word' id='word_1_51' title='bbox 775 624 867 701; x_wconf 90' lang='lat' dir='ltr'><strong>allor,</strong></span> <span class='ocrx_word' id='word_1_52' title='bbox 889 624 946 708; x_wconf 91' lang='lat' dir='ltr'><strong>qui</strong></span> <span class='ocrx_word' id='word_1_53' title='bbox 967 643 1010 685; x_wconf 80' lang='lat' dir='ltr'><strong>ex</strong></span> <span class='ocrx_word' id='word_1_54' title='bbox 1031 632 1120 686; x_wconf 93' lang='lat' dir='ltr'><strong>metu</strong></span> 
     </span>
     <span class='ocr_line' id='line_1_8' title="bbox 58 644 1119 801; baseline -0.001 -34"><span class='ocrx_word' id='word_1_55' title='bbox 58 708 214 801; x_wconf 77' lang='lat' dir='ltr'><strong>grgnitur3</strong></span> <span class='ocrx_word' id='word_1_56' title='bbox 238 712 372 769; x_wconf 88' lang='lat' dir='ltr'><strong>vocatur</strong></span> <span class='ocrx_word' id='word_1_57' title='bbox 385 716 492 771; x_wconf 89' lang='lat' dir='ltr'><strong>autem</strong></span> <span class='ocrx_word' id='word_1_58' title='bbox 508 706 671 791; x_wconf 79' lang='lat' dir='ltr'><strong>posseditis</strong></span> <span class='ocrx_word' id='word_1_59' title='bbox 689 644 836 791; x_wconf 55' lang='lat' dir='ltr'><strong>penditus,</strong></span> <span class='ocrx_word' id='word_1_60' title='bbox 852 706 881 770; x_wconf 90' lang='lat' dir='ltr'><strong>si</strong></span> <span class='ocrx_word' id='word_1_61' title='bbox 896 715 944 771; x_wconf 90' lang='lat' dir='ltr'><strong>est</strong></span> <span class='ocrx_word' id='word_1_62' title='bbox 959 714 1119 779; x_wconf 84' lang='lat' dir='ltr'><strong>constans,</strong></span> 
     </span>
     <span class='ocr_line' id='line_1_9' title="bbox 57 786 1066 873; baseline -0.001 -24"><span class='ocrx_word' id='word_1_63' title='bbox 57 798 83 850; x_wconf 85' lang='lat' dir='ltr'><strong>et</strong></span> <span class='ocrx_word' id='word_1_64' title='bbox 107 786 288 863; x_wconf 87' lang='lat' dir='ltr'><strong>druturna,</strong></span> <span class='ocrx_word' id='word_1_65' title='bbox 310 808 339 850; x_wconf 92' lang='lat' dir='ltr'><strong>e.</strong></span> <span class='ocrx_word' id='word_1_66' title='bbox 364 807 408 870; x_wconf 64' lang='lat' dir='ltr'><strong>g„</strong></span> <span class='ocrx_word' id='word_1_67' title='bbox 433 786 537 872; x_wconf 91' lang='lat' dir='ltr'><strong>pallor</strong></span> <span class='ocrx_word' id='word_1_68' title='bbox 558 810 599 852; x_wconf 82' lang='lat' dir='ltr'><strong>ex</strong></span> <span class='ocrx_word' id='word_1_69' title='bbox 623 788 716 873; x_wconf 81' lang='lat' dir='ltr'><strong>ionga</strong></span> <span class='ocrx_word' id='word_1_70' title='bbox 738 786 943 873; x_wconf 77' lang='lat' dir='ltr'><strong>aegritudine</strong></span> <span class='ocrx_word' id='word_1_71' title='bbox 964 795 1066 851; x_wconf 90' lang='lat' dir='ltr'><strong>ortus.</strong></span> 
     </span>
    </p>

    <p class='ocr_par' dir='ltr' id='par_1_5' title="bbox 55 868 1120 1285">
     <span class='ocr_line' id='line_1_10' title="bbox 93 868 1119 956; baseline -0.002 -23"><span class='ocrx_word' id='word_1_72' title='bbox 93 870 145 933; x_wconf 78' lang='lat' dir='ltr'><strong>to.</strong></span> <span class='ocrx_word' id='word_1_73' title='bbox 170 870 319 953; x_wconf 87' lang='lat' dir='ltr'><strong>Denique</strong></span> <span class='ocrx_word' id='word_1_74' title='bbox 342 881 456 954; x_wconf 90' lang='lat' dir='ltr'><strong>quarta</strong></span> <span class='ocrx_word' id='word_1_75' title='bbox 477 870 643 955; x_wconf 87' lang='lat' dir='ltr'><strong>qualitatis</strong></span> <span class='ocrx_word' id='word_1_76' title='bbox 664 870 788 956; x_wconf 89' lang='lat' dir='ltr'><strong>species</strong></span> <span class='ocrx_word' id='word_1_77' title='bbox 803 868 924 936; x_wconf 87' lang='lat' dir='ltr'><strong>dieitur</strong></span> <span class='ocrx_word' id='word_1_78' title='bbox 939 868 1020 933; x_wconf 91' lang='lat' dir='ltr'><strong>illud</strong></span> <span class='ocrx_word' id='word_1_79' title='bbox 1036 869 1119 933; x_wconf 89' lang='lat' dir='ltr'><strong>acci-</strong></span> 
     </span>
     <span class='ocr_line' id='line_1_11' title="bbox 57 948 1115 1037; baseline 0 -25"><span class='ocrx_word' id='word_1_80' title='bbox 57 948 153 1028; x_wconf 84' lang='lat' dir='ltr'><strong>dens,</strong></span> <span class='ocrx_word' id='word_1_81' title='bbox 178 950 266 1036; x_wconf 92' lang='lat' dir='ltr'><strong>quod</strong></span> <span class='ocrx_word' id='word_1_82' title='bbox 288 950 421 1017; x_wconf 88' lang='lat' dir='ltr'><strong>resultat</strong></span> <span class='ocrx_word' id='word_1_83' title='bbox 447 974 488 1017; x_wconf 85' lang='lat' dir='ltr'><strong>ex</strong></span> <span class='ocrx_word' id='word_1_84' title='bbox 510 952 720 1035; x_wconf 87' lang='lat' dir='ltr'><strong>dispositione</strong></span> <span class='ocrx_word' id='word_1_85' title='bbox 749 952 891 1037; x_wconf 89' lang='lat' dir='ltr'><strong>partium</strong></span> <span class='ocrx_word' id='word_1_86' title='bbox 913 952 1115 1037; x_wconf 86' lang='lat' dir='ltr'><strong>quantitatis.</strong></span> 
     </span>
     <span class='ocr_line' id='line_1_12' title="bbox 59 1032 1120 1132; baseline -0.001 -37"><span class='ocrx_word' id='word_1_87' title='bbox 59 1032 142 1098; x_wconf 88' lang='lat' dir='ltr'><strong>llaec</strong></span> <span class='ocrx_word' id='word_1_88' title='bbox 165 1042 329 1132; x_wconf 88' lang='lat' dir='ltr'><strong>postrema</strong></span> <span class='ocrx_word' id='word_1_89' title='bbox 351 1054 365 1097; x_wconf 89' lang='lat' dir='ltr'><strong>s</strong></span> <span class='ocrx_word' id='word_1_90' title='bbox 409 1032 474 1099; x_wconf 91' lang='lat' dir='ltr'><strong>cies</strong></span> <span class='ocrx_word' id='word_1_91' title='bbox 488 1035 657 1119; x_wconf 85' lang='lat' dir='ltr'><strong>qualitatis</strong></span> <span class='ocrx_word' id='word_1_92' title='bbox 679 1043 813 1101; x_wconf 80' lang='lat' dir='ltr'><strong>vocatur</strong></span> <span class='ocrx_word' id='word_1_93' title='bbox 867 1055 939 1111; x_wconf 86' lang='lat' dir='ltr'><strong>erro,</strong></span> <span class='ocrx_word' id='word_1_94' title='bbox 956 1048 1053 1119; x_wconf 89' lang='lat' dir='ltr'><strong>prout</strong></span> <span class='ocrx_word' id='word_1_95' title='bbox 1066 1032 1120 1095; x_wconf 83' lang='lat' dir='ltr'><strong>de-</strong></span> 
     </span>
     <span class='ocr_line' id='line_1_13' title="bbox 57 1115 1119 1202; baseline 0.002 -25"><span class='ocrx_word' id='word_1_96' title='bbox 57 1126 142 1183; x_wconf 91' lang='lat' dir='ltr'><strong>notat</strong></span> <span class='ocrx_word' id='word_1_97' title='bbox 164 1116 211 1193; x_wconf 92' lang='lat' dir='ltr'><strong>rd‚</strong></span> <span class='ocrx_word' id='word_1_98' title='bbox 235 1115 320 1201; x_wconf 91' lang='lat' dir='ltr'><strong>quod</strong></span> <span class='ocrx_word' id='word_1_99' title='bbox 343 1115 467 1181; x_wconf 91' lang='lat' dir='ltr'><strong>caudit</strong></span> <span class='ocrx_word' id='word_1_100' title='bbox 487 1117 712 1201; x_wconf 89' lang='lat' dir='ltr'><strong>quantitatem,</strong></span> <span class='ocrx_word' id='word_1_101' title='bbox 735 1116 787 1181; x_wconf 86' lang='lat' dir='ltr'><strong>vel</strong></span> <span class='ocrx_word' id='word_1_102' title='bbox 819 1137 924 1192; x_wconf 82' lang='lat' dir='ltr'><strong>ormo,</strong></span> <span class='ocrx_word' id='word_1_103' title='bbox 948 1125 1044 1202; x_wconf 89' lang='lat' dir='ltr'><strong>prout</strong></span> <span class='ocrx_word' id='word_1_104' title='bbox 1064 1115 1119 1179; x_wconf 89' lang='lat' dir='ltr'><strong>de·</strong></span> 
     </span>
     <span class='ocr_line' id='line_1_14' title="bbox 55 1195 992 1285; baseline 0.002 -26"><span class='ocrx_word' id='word_1_105' title='bbox 55 1208 141 1265; x_wconf 87' lang='lat' dir='ltr'><strong>notat</strong></span> <span class='ocrx_word' id='word_1_106' title='bbox 164 1195 212 1278; x_wconf 91' lang='lat' dir='ltr'><strong>id,</strong></span> <span class='ocrx_word' id='word_1_107' title='bbox 235 1218 299 1285; x_wconf 91' lang='lat' dir='ltr'><strong>quo</strong></span> <span class='ocrx_word' id='word_1_108' title='bbox 321 1218 385 1263; x_wconf 85' lang='lat' dir='ltr'><strong>uua</strong></span> <span class='ocrx_word' id='word_1_109' title='bbox 406 1199 570 1285; x_wconf 87' lang='lat' dir='ltr'><strong>quantitas</strong></span> <span class='ocrx_word' id='word_1_110' title='bbox 589 1198 631 1263; x_wconf 91' lang='lat' dir='ltr'><strong>ab</strong></span> <span class='ocrx_word' id='word_1_111' title='bbox 651 1199 716 1264; x_wconf 87' lang='lat' dir='ltr'><strong>alia</strong></span> <span class='ocrx_word' id='word_1_112' title='bbox 736 1197 992 1264; x_wconf 89' lang='lat' dir='ltr'><strong>discriminatur.</strong></span> 
     </span>
    </p>
   </div>
   <div class='ocr_carea' id='block_1_5' title="bbox 288 1328 895 1392">
    <p class='ocr_par' dir='ltr' id='par_1_6' title="bbox 288 1328 895 1392">
     <span class='ocr_line' id='line_1_15' title="bbox 288 1328 895 1392; baseline -0.003 -7"><span class='ocrx_word' id='word_1_113' title='bbox 288 1329 355 1385; x_wconf 83' lang='grc' dir='ltr'>Αιιτ.</span> <span class='ocrx_word' id='word_1_114' title='bbox 375 1328 410 1385; x_wconf 77' lang='lat' dir='ltr'><strong>X.</strong></span> <span class='ocrx_word' id='word_1_115' title='bbox 423 1331 505 1385; x_wconf 83' lang='lat' dir='ltr'><strong>-lte</strong></span> <span class='ocrx_word' id='word_1_116' title='bbox 523 1332 684 1392; x_wconf 74' lang='lat' dir='ltr'><strong>definitione,</strong></span> <span class='ocrx_word' id='word_1_117' title='bbox 703 1338 731 1385; x_wconf 86' lang='lat' dir='ltr'><strong>et</strong></span> <span class='ocrx_word' id='word_1_118' title='bbox 749 1332 895 1385; x_wconf 71' lang='lat' dir='ltr'><strong>divulsae!</strong></span> 
     </span>
    </p>
   </div>
   <div class='ocr_carea' id='block_1_6' title="bbox 89 1438 1115 1539">
    <p class='ocr_par' dir='ltr' id='par_1_7' title="bbox 89 1438 1115 1539">
     <span class='ocr_line' id='line_1_16' title="bbox 89 1438 1115 1539; baseline -0.002 -33"><span class='ocrx_word' id='word_1_119' title='bbox 89 1442 143 1506; x_wconf 81' lang='lat' dir='ltr'><strong>l&#39;l.</strong></span> <span class='ocrx_word' id='word_1_120' title='bbox 168 1438 324 1506; x_wconf 85' lang='lat' dir='ltr'><strong>Definitio</strong></span> <span class='ocrx_word' id='word_1_121' title='bbox 338 1449 387 1507; x_wconf 89' lang='lat' dir='ltr'><strong>est</strong></span> <span class='ocrx_word' id='word_1_122' title='bbox 399 1442 516 1519; x_wconf 88' lang='lat' dir='ltr'><strong>oratio,</strong></span> <span class='ocrx_word' id='word_1_123' title='bbox 538 1462 615 1539; x_wconf 81' lang='lat' dir='ltr'><strong>quoe</strong></span> <span class='ocrx_word' id='word_1_124' title='bbox 636 1442 725 1527; x_wconf 81' lang='lat' dir='ltr'><strong>queri</strong></span> <span class='ocrx_word' id='word_1_125' title='bbox 748 1439 923 1505; x_wconf 73' lang='lat' dir='ltr'><strong>involutum</strong></span> <span class='ocrx_word' id='word_1_126' title='bbox 942 1440 1055 1504; x_wconf 83' lang='lat' dir='ltr'><strong>euoluit</strong></span> <span class='ocrx_word' id='word_1_127' title='bbox 1070 1440 1115 1516; x_wconf 83' lang='lat' dir='ltr'><strong>id,</strong></span> 
     </span>
    </p>
   </div>
   <div class='ocr_carea' id='block_1_7' title="bbox 51 1520 1117 2593">
    <p class='ocr_par' dir='ltr' id='par_1_8' title="bbox 51 1520 1117 2593">
     <span class='ocr_line' id='line_1_17' title="bbox 54 1520 1116 1610; baseline 0.001 -24"><span class='ocrx_word' id='word_1_128' title='bbox 54 1520 167 1609; x_wconf 84' lang='lat' dir='ltr'><strong>dequo</strong></span> <span class='ocrx_word' id='word_1_129' title='bbox 187 1523 389 1610; x_wconf 81' lang='lat' dir='ltr'><strong>quaeritur¹.</strong></span> <span class='ocrx_word' id='word_1_130' title='bbox 418 1522 568 1609; x_wconf 85' lang='lat' dir='ltr'><strong>Duplicrs</strong></span> <span class='ocrx_word' id='word_1_131' title='bbox 595 1533 703 1590; x_wconf 88' lang='lat' dir='ltr'><strong>eutem</strong></span> <span class='ocrx_word' id='word_1_132' title='bbox 733 1530 781 1587; x_wconf 89' lang='lat' dir='ltr'><strong>est</strong></span> <span class='ocrx_word' id='word_1_133' title='bbox 807 1522 955 1609; x_wconf 77' lang='lat' dir='ltr'><strong>generis,</strong></span> <span class='ocrx_word' id='word_1_134' title='bbox 976 1522 1116 1587; x_wconf 80' lang='lat' dir='ltr'><strong>neminie</strong></span> 
     </span>
     <span class='ocr_line' id='line_1_18' title="bbox 53 1602 1117 1691; baseline 0.001 -23"><span class='ocrx_word' id='word_1_135' title='bbox 53 1626 180 1691; x_wconf 86' lang='lat' dir='ltr'><strong>nempe,</strong></span> <span class='ocrx_word' id='word_1_136' title='bbox 196 1617 229 1671; x_wconf 91' lang='lat' dir='ltr'><strong>et</strong></span> <span class='ocrx_word' id='word_1_137' title='bbox 249 1606 307 1669; x_wconf 86' lang='lat' dir='ltr'><strong>ree&#39;.</strong></span> <span class='ocrx_word' id='word_1_138' title='bbox 324 1604 475 1672; x_wconf 84' lang='lat' dir='ltr'><strong>Definitio</strong></span> <span class='ocrx_word' id='word_1_139' title='bbox 490 1607 627 1671; x_wconf 81' lang='lat' dir='ltr'><strong>nominis</strong></span> <span class='ocrx_word' id='word_1_140' title='bbox 640 1626 679 1672; x_wconf 90' lang='lat' dir='ltr'><strong>ea</strong></span> <span class='ocrx_word' id='word_1_141' title='bbox 692 1615 752 1683; x_wconf 86' lang='lat' dir='ltr'><strong>est,</strong></span> <span class='ocrx_word' id='word_1_142' title='bbox 767 1625 850 1689; x_wconf 86' lang='lat' dir='ltr'><strong>quae</strong></span> <span class='ocrx_word' id='word_1_143' title='bbox 864 1604 1017 1691; x_wconf 82' lang='lat' dir='ltr'><strong>explicat,</strong></span> <span class='ocrx_word' id='word_1_144' title='bbox 1034 1602 1117 1690; x_wconf 92' lang='lat' dir='ltr'><strong>quid</strong></span> 
     </span>
     <span class='ocr_line' id='line_1_19' title="bbox 53 1686 1117 1774; baseline 0.004 -25"><span class='ocrx_word' id='word_1_145' title='bbox 53 1705 108 1769; x_wconf 87' lang='lat' dir='ltr'><strong>per</strong></span> <span class='ocrx_word' id='word_1_146' title='bbox 128 1686 262 1773; x_wconf 86' lang='lat' dir='ltr'><strong>aliquod</strong></span> <span class='ocrx_word' id='word_1_147' title='bbox 285 1708 400 1753; x_wconf 92' lang='lat' dir='ltr'><strong>nomen</strong></span> <span class='ocrx_word' id='word_1_148' title='bbox 422 1687 635 1774; x_wconf 79' lang='lat' dir='ltr'><strong>significetur3</strong></span> <span class='ocrx_word' id='word_1_149' title='bbox 652 1697 744 1773; x_wconf 87' lang='lat' dir='ltr'><strong>puta,</strong></span> <span class='ocrx_word' id='word_1_150' title='bbox 765 1708 840 1753; x_wconf 87' lang='lat' dir='ltr'><strong>cunr</strong></span> <span class='ocrx_word' id='word_1_151' title='bbox 854 1686 963 1771; x_wconf 89' lang='lat' dir='ltr'><strong>aliqua</strong></span> <span class='ocrx_word' id='word_1_152' title='bbox 982 1707 1047 1753; x_wconf 76' lang='lat' dir='ltr'><strong>vox</strong></span> <span class='ocrx_word' id='word_1_153' title='bbox 1060 1709 1117 1753; x_wconf 83' lang='lat' dir='ltr'><strong>ex-</strong></span> 
     </span>
     <span class='ocr_line' id='line_1_20' title="bbox 54 1766 1116 1856; baseline 0.004 -27"><span class='ocrx_word' id='word_1_154' title='bbox 54 1766 204 1853; x_wconf 84' lang='lat' dir='ltr'><strong>planatur</strong></span> <span class='ocrx_word' id='word_1_155' title='bbox 223 1790 284 1856; x_wconf 89' lang='lat' dir='ltr'><strong>per</strong></span> <span class='ocrx_word' id='word_1_156' title='bbox 303 1766 472 1846; x_wconf 88' lang='lat' dir='ltr'><strong>dictiones,</strong></span> <span class='ocrx_word' id='word_1_157' title='bbox 495 1792 514 1836; x_wconf 92' lang='lat' dir='ltr'><strong>a</strong></span> <span class='ocrx_word' id='word_1_158' title='bbox 535 1769 656 1855; x_wconf 87' lang='lat' dir='ltr'><strong>quibus</strong></span> <span class='ocrx_word' id='word_1_159' title='bbox 675 1771 790 1846; x_wconf 89' lang='lat' dir='ltr'><strong>oritur,</strong></span> <span class='ocrx_word' id='word_1_160' title='bbox 812 1789 870 1835; x_wconf 91' lang='lat' dir='ltr'><strong>seu</strong></span> <span class='ocrx_word' id='word_1_161' title='bbox 890 1768 1032 1854; x_wconf 83' lang='lat' dir='ltr'><strong>persius</strong></span> <span class='ocrx_word' id='word_1_162' title='bbox 1049 1777 1116 1856; x_wconf 76' lang='lat' dir='ltr'><strong>ety-</strong></span> 
     </span>
     <span class='ocr_line' id='line_1_21' title="bbox 53 1848 1117 1938; baseline 0.006 -25"><span class='ocrx_word' id='word_1_163' title='bbox 53 1850 252 1938; x_wconf 68' lang='lat' dir='ltr'><strong>mologiam</strong></span> <span class='ocrx_word' id='word_1_164' title='bbox 275 1850 324 1915; x_wconf 85' lang='lat' dir='ltr'><strong>vel</strong></span> <span class='ocrx_word' id='word_1_165' title='bbox 346 1874 420 1917; x_wconf 93' lang='lat' dir='ltr'><strong>cum</strong></span> <span class='ocrx_word' id='word_1_166' title='bbox 447 1852 645 1938; x_wconf 89' lang='lat' dir='ltr'><strong>disputantes</strong></span> <span class='ocrx_word' id='word_1_167' title='bbox 674 1848 896 1937; x_wconf 79' lang='lat' dir='ltr'><strong>patefaciunt,</strong></span> <span class='ocrx_word' id='word_1_168' title='bbox 930 1870 995 1934; x_wconf 91' lang='lat' dir='ltr'><strong>quo</strong></span> <span class='ocrx_word' id='word_1_169' title='bbox 1017 1872 1117 1919; x_wconf 88' lang='lat' dir='ltr'><strong>sensu</strong></span> 
     </span>
     <span class='ocr_line' id='line_1_22' title="bbox 53 1933 1114 2018; baseline 0.006 -25"><span class='ocrx_word' id='word_1_170' title='bbox 53 1953 146 1999; x_wconf 80' lang='lat' dir='ltr'><strong>voces</strong></span> <span class='ocrx_word' id='word_1_171' title='bbox 167 1952 326 2018; x_wconf 88' lang='lat' dir='ltr'><strong>usurpare</strong></span> <span class='ocrx_word' id='word_1_172' title='bbox 346 1935 448 2002; x_wconf 88' lang='lat' dir='ltr'><strong>velint</strong></span> <span class='ocrx_word' id='word_1_173' title='bbox 472 1935 493 2000; x_wconf 85' lang='lat'><strong>¹.</strong></span> <span class='ocrx_word' id='word_1_174' title='bbox 519 1934 672 2001; x_wconf 82' lang='lat' dir='ltr'><strong>Definitio</strong></span> <span class='ocrx_word' id='word_1_175' title='bbox 693 1941 799 1999; x_wconf 90' lang='lat' dir='ltr'><strong>autem</strong></span> <span class='ocrx_word' id='word_1_176' title='bbox 820 1933 867 1997; x_wconf 84' lang='lat' dir='ltr'><strong>ree‘</strong></span> <span class='ocrx_word' id='word_1_177' title='bbox 886 1951 924 1996; x_wconf 90' lang='lat' dir='ltr'><strong>ca</strong></span> <span class='ocrx_word' id='word_1_178' title='bbox 945 1941 1010 2008; x_wconf 90' lang='lat' dir='ltr'><strong>est,</strong></span> <span class='ocrx_word' id='word_1_179' title='bbox 1031 1952 1114 2017; x_wconf 89' lang='lat' dir='ltr'><strong>quae</strong></span> 
     </span>
     <span class='ocr_line' id='line_1_23' title="bbox 51 2010 1113 2102; baseline 0.004 -23"><span class='ocrx_word' id='word_1_180' title='bbox 51 2014 222 2083; x_wconf 87' lang='lat' dir='ltr'><strong>essentiam</strong></span> <span class='ocrx_word' id='word_1_181' title='bbox 244 2017 294 2080; x_wconf 90' lang='lat' dir='ltr'><strong>rei</strong></span> <span class='ocrx_word' id='word_1_182' title='bbox 317 2036 374 2101; x_wconf 91' lang='lat' dir='ltr'><strong>per</strong></span> <span class='ocrx_word' id='word_1_183' title='bbox 387 2018 531 2102; x_wconf 88' lang='lat' dir='ltr'><strong>aliquam</strong></span> <span class='ocrx_word' id='word_1_184' title='bbox 553 2038 665 2083; x_wconf 87' lang='lat' dir='ltr'><strong>vocem</strong></span> <span class='ocrx_word' id='word_1_185' title='bbox 690 2011 887 2101; x_wconf 79' lang='lat' dir='ltr'><strong>significatae</strong></span> <span class='ocrx_word' id='word_1_186' title='bbox 909 2010 1113 2092; x_wconf 88' lang='lat' dir='ltr'><strong>determinat;</strong></span> 
     </span>
     <span class='ocr_line' id='line_1_24' title="bbox 52 2097 1114 2186; baseline 0 -25"><span class='ocrx_word' id='word_1_187' title='bbox 52 2116 148 2181; x_wconf 88' lang='lat' dir='ltr'><strong>qnare</strong></span> <span class='ocrx_word' id='word_1_188' title='bbox 178 2098 189 2162; x_wconf 95' lang='lat' dir='ltr'><strong>i</strong></span> <span class='ocrx_word' id='word_1_189' title='bbox 269 2098 458 2177; x_wconf 89' lang='lat' dir='ltr'><strong>coniicitur,</strong></span> <span class='ocrx_word' id='word_1_190' title='bbox 481 2119 555 2163; x_wconf 90' lang='lat' dir='ltr'><strong>cum</strong></span> <span class='ocrx_word' id='word_1_191' title='bbox 577 2098 809 2186; x_wconf 87' lang='lat' dir='ltr'><strong>proprietates,</strong></span> <span class='ocrx_word' id='word_1_192' title='bbox 830 2116 915 2181; x_wconf 91' lang='lat' dir='ltr'><strong>quae</strong></span> <span class='ocrx_word' id='word_1_193' title='bbox 940 2097 1114 2162; x_wconf 90' lang='lat' dir='ltr'><strong>essentiam</strong></span> 
     </span>
     <span class='ocr_line' id='line_1_25' title="bbox 53 2176 1114 2265; baseline 0.003 -24"><span class='ocrx_word' id='word_1_194' title='bbox 53 2178 95 2242; x_wconf 82' lang='lat' dir='ltr'><strong>rei</strong></span> <span class='ocrx_word' id='word_1_195' title='bbox 117 2178 195 2244; x_wconf 82' lang='lat' dir='ltr'><strong>exhi</strong></span> <span class='ocrx_word' id='word_1_196' title='bbox 241 2189 294 2254; x_wconf 90' lang='lat' dir='ltr'><strong>ut,</strong></span> <span class='ocrx_word' id='word_1_197' title='bbox 316 2190 534 2255; x_wconf 86' lang='lat' dir='ltr'><strong>recensentur,</strong></span> <span class='ocrx_word' id='word_1_198' title='bbox 556 2202 585 2246; x_wconf 89' lang='lat' dir='ltr'><strong>e.</strong></span> <span class='ocrx_word' id='word_1_199' title='bbox 603 2200 649 2265; x_wconf 69' lang='lat' dir='ltr'><strong>g„</strong></span> <span class='ocrx_word' id='word_1_200' title='bbox 670 2200 745 2244; x_wconf 86' lang='lat' dir='ltr'><strong>cum</strong></span> <span class='ocrx_word' id='word_1_201' title='bbox 768 2176 858 2243; x_wconf 77' lang='lat' dir='ltr'><strong>derue</strong></span> <span class='ocrx_word' id='word_1_202' title='bbox 878 2176 1032 2244; x_wconf 88' lang='lat' dir='ltr'><strong>delinitur</strong></span> <span class='ocrx_word' id='word_1_203' title='bbox 1044 2226 1053 2257; x_wconf 96' lang='lat'><strong>,</strong></span> <span class='ocrx_word' id='word_1_204' title='bbox 1080 2203 1114 2244; x_wconf 87' lang='lat' dir='ltr'><strong>o·</strong></span> 
     </span>
     <span class='ocr_line' id='line_1_26' title="bbox 51 2260 1115 2345; baseline 0.005 -23"><span class='ocrx_word' id='word_1_205' title='bbox 51 2261 149 2325; x_wconf 71' lang='lat' dir='ltr'><strong>moral</strong></span> <span class='ocrx_word' id='word_1_206' title='bbox 172 2261 294 2325; x_wconf 83' lang='lat' dir='ltr'><strong>rute&#39;orre</strong></span> <span class='ocrx_word' id='word_1_207' title='bbox 310 2264 512 2345; x_wconf 62' lang='lat' dir='ltr'><strong>praeditum</strong></span> <span class='ocrx_word' id='word_1_208' title='bbox 534 2262 585 2326; x_wconf 84' lang='lat' dir='ltr'><strong>vel</strong></span> <span class='ocrx_word' id='word_1_209' title='bbox 606 2282 681 2325; x_wconf 91' lang='lat' dir='ltr'><strong>cum</strong></span> <span class='ocrx_word' id='word_1_210' title='bbox 703 2260 908 2344; x_wconf 81' lang='lat' dir='ltr'><strong>assignantur</strong></span> <span class='ocrx_word' id='word_1_211' title='bbox 928 2280 1043 2325; x_wconf 87' lang='lat' dir='ltr'><strong>causae</strong></span> <span class='ocrx_word' id='word_1_212' title='bbox 1063 2260 1115 2327; x_wconf 89' lang='lat' dir='ltr'><strong>iu·</strong></span> 
     </span>
     <span class='ocr_line' id='line_1_27' title="bbox 52 2342 1111 2439; baseline 0 -32"><span class='ocrx_word' id='word_1_213' title='bbox 52 2354 184 2419; x_wconf 77' lang='lat' dir='ltr'><strong>temne,</strong></span> <span class='ocrx_word' id='word_1_214' title='bbox 207 2342 332 2409; x_wconf 89' lang='lat' dir='ltr'><strong>scilicet</strong></span> <span class='ocrx_word' id='word_1_215' title='bbox 352 2344 534 2418; x_wconf 81' lang='lat' dir='ltr'><strong>materialis,</strong></span> <span class='ocrx_word' id='word_1_216' title='bbox 558 2352 591 2409; x_wconf 91' lang='lat' dir='ltr'><strong>et</strong></span> <span class='ocrx_word' id='word_1_217' title='bbox 607 2342 764 2439; x_wconf 75' lang='lat' dir='ltr'><strong>formeiis,</strong></span> <span class='ocrx_word' id='word_1_218' title='bbox 794 2362 878 2426; x_wconf 89' lang='lat' dir='ltr'><strong>qnae</strong></span> <span class='ocrx_word' id='word_1_219' title='bbox 899 2362 966 2405; x_wconf 90' lang='lat' dir='ltr'><strong>rem</strong></span> <span class='ocrx_word' id='word_1_220' title='bbox 991 2343 1111 2407; x_wconf 90' lang='lat' dir='ltr'><strong>consti-</strong></span> 
     </span>
     <span class='ocr_line' id='line_1_28' title="bbox 52 2423 1110 2511; baseline -0.005 -20"><span class='ocrx_word' id='word_1_221' title='bbox 52 2432 156 2501; x_wconf 88' lang='lat' dir='ltr'><strong>tuunt,</strong></span> <span class='ocrx_word' id='word_1_222' title='bbox 182 2445 212 2489; x_wconf 86' lang='lat' dir='ltr'><strong>e.</strong></span> <span class='ocrx_word' id='word_1_223' title='bbox 239 2444 285 2511; x_wconf 68' lang='lat' dir='ltr'><strong>g„</strong></span> <span class='ocrx_word' id='word_1_224' title='bbox 306 2446 380 2490; x_wconf 93' lang='lat' dir='ltr'><strong>cnm</strong></span> <span class='ocrx_word' id='word_1_225' title='bbox 405 2426 494 2490; x_wconf 80' lang='lat' dir='ltr'><strong>ieme</strong></span> <span class='ocrx_word' id='word_1_226' title='bbox 518 2424 685 2500; x_wconf 82' lang='lat' dir='ltr'><strong>delinitur,</strong></span> <span class='ocrx_word' id='word_1_227' title='bbox 715 2423 886 2489; x_wconf 77' lang='lat' dir='ltr'><strong>substantio</strong></span> <span class='ocrx_word' id='word_1_228' title='bbox 910 2434 1050 2487; x_wconf 74' lang='lat' dir='ltr'><strong>coutens</strong></span> <span class='ocrx_word' id='word_1_229' title='bbox 1070 2444 1110 2487; x_wconf 68' lang='lat' dir='ltr'><strong>esc</strong></span> 
     </span>
     <span class='ocr_line' id='line_1_29' title="bbox 51 2507 570 2593; baseline 0 -22"><span class='ocrx_word' id='word_1_230' title='bbox 51 2527 186 2593; x_wconf 81' lang='lat' dir='ltr'><strong>corpore,</strong></span> <span class='ocrx_word' id='word_1_231' title='bbox 210 2518 238 2570; x_wconf 85' lang='lat' dir='ltr'><strong>et</strong></span> <span class='ocrx_word' id='word_1_232' title='bbox 263 2508 368 2572; x_wconf 82' lang='lat' dir='ltr'><strong>aetium</strong></span> <span class='ocrx_word' id='word_1_233' title='bbox 388 2507 570 2573; x_wconf 81' lang='lat' dir='ltr'><strong>rationuli⁴.</strong></span> 
     </span>
    </p>
   </div>
   <div class='ocr_carea' id='block_1_8' title="bbox 53 2723 1110 3659">
    <p class='ocr_par' dir='ltr' id='par_1_9' title="bbox 53 2723 1109 2867">
     <span class='ocr_line' id='line_1_30' title="bbox 86 2723 1109 2794; baseline -0.012 -7"><span class='ocrx_word' id='word_1_234' title='bbox 86 2736 95 2773; x_wconf 84' lang='lat'><strong>¹</strong></span> <span class='ocrx_word' id='word_1_235' title='bbox 116 2734 153 2786; x_wconf 85' lang='lat' dir='ltr'><strong>lie</strong></span> <span class='ocrx_word' id='word_1_236' title='bbox 177 2734 219 2783; x_wconf 81' lang='lat' dir='ltr'><strong>liis</strong></span> <span class='ocrx_word' id='word_1_237' title='bbox 244 2732 294 2783; x_wconf 88' lang='lat' dir='ltr'><strong>iroc</strong></span> <span class='ocrx_word' id='word_1_238' title='bbox 320 2732 378 2782; x_wconf 85' lang='lat' dir='ltr'><strong>loeo</strong></span> <span class='ocrx_word' id='word_1_239' title='bbox 404 2732 524 2794; x_wconf 77' lang='lat' dir='ltr'><strong>aqimus,</strong></span> <span class='ocrx_word' id='word_1_240' title='bbox 549 2732 681 2794; x_wconf 86' lang='lat' dir='ltr'><strong>quatenus</strong></span> <span class='ocrx_word' id='word_1_241' title='bbox 702 2724 735 2775; x_wconf 84' lang='lat' dir='ltr'><strong>ed</strong></span> <span class='ocrx_word' id='word_1_242' title='bbox 761 2726 898 2776; x_wconf 88' lang='lat' dir='ltr'><strong>notionum</strong></span> <span class='ocrx_word' id='word_1_243' title='bbox 918 2723 1109 2788; x_wconf 83' lang='lat' dir='ltr'><strong>perlectionem</strong></span> 
     </span>
     <span class='ocr_line' id='line_1_31' title="bbox 53 2804 613 2867; baseline -0.018 -7"><span class='ocrx_word' id='word_1_244' title='bbox 53 2810 122 2860; x_wconf 80' lang='lat' dir='ltr'><strong>mete</strong></span> <span class='ocrx_word' id='word_1_245' title='bbox 142 2805 349 2867; x_wconf 81' lang='lat' dir='ltr'><strong>enumerandam</strong></span> <span class='ocrx_word' id='word_1_246' title='bbox 368 2804 439 2866; x_wconf 85' lang='lat' dir='ltr'><strong>ipsae</strong></span> <span class='ocrx_word' id='word_1_247' title='bbox 459 2804 613 2853; x_wconf 77' lang='lat' dir='ltr'><strong>inserviunt.</strong></span> 
     </span>
    </p>

    <p class='ocr_par' dir='ltr' id='par_1_10' title="bbox 53 2866 1108 3013">
     <span class='ocr_line' id='line_1_32' title="bbox 83 2866 1108 2942; baseline -0.014 -11"><span class='ocrx_word' id='word_1_248' title='bbox 83 2876 183 2939; x_wconf 84' lang='lat' dir='ltr'><strong>²Cic.,</strong></span> <span class='ocrx_word' id='word_1_249' title='bbox 204 2878 302 2942; x_wconf 75' lang='lat' dir='ltr'><strong>rupte..</strong></span> <span class='ocrx_word' id='word_1_250' title='bbox 321 2890 347 2926; x_wconf 86' lang='lat' dir='ltr'><strong>e.</strong></span> <span class='ocrx_word' id='word_1_251' title='bbox 367 2876 394 2925; x_wconf 73' lang='grc' dir='ltr'><strong>Ξ.</strong></span> <span class='ocrx_word' id='word_1_252' title='bbox 416 2872 451 2925; x_wconf 85' lang='lat' dir='ltr'><strong>lie</strong></span> <span class='ocrx_word' id='word_1_253' title='bbox 476 2874 627 2925; x_wconf 83' lang='lat' dir='ltr'><strong>delinitione</strong></span> <span class='ocrx_word' id='word_1_254' title='bbox 651 2870 682 2921; x_wconf 89' lang='lat' dir='ltr'><strong>el</strong></span> <span class='ocrx_word' id='word_1_255' title='bbox 702 2869 762 2921; x_wconf 78' lang='lat' dir='ltr'><strong>Ati.</strong></span> <span class='ocrx_word' id='word_1_256' title='bbox 788 2867 838 2928; x_wconf 68' lang='lat' dir='ltr'><strong>ll„</strong></span> <span class='ocrx_word' id='word_1_257' title='bbox 864 2869 963 2933; x_wconf 72' lang='lat' dir='ltr'><strong>Tope&#39;e„</strong></span> <span class='ocrx_word' id='word_1_258' title='bbox 990 2868 1039 2919; x_wconf 80' lang='lat' dir='ltr'><strong>iile.</strong></span> <span class='ocrx_word' id='word_1_259' title='bbox 1059 2866 1108 2924; x_wconf 85' lang='lat' dir='ltr'><strong>lli,</strong></span> 
     </span>
     <span class='ocr_line' id='line_1_33' title="bbox 53 2950 609 3013; baseline -0.014 -12"><span class='ocrx_word' id='word_1_260' title='bbox 53 2958 83 3002; x_wconf 88' lang='lat' dir='ltr'><strong>tr.</strong></span> <span class='ocrx_word' id='word_1_261' title='bbox 104 2954 129 3009; x_wconf 91' lang='lat' dir='ltr'><strong>i,</strong></span> <span class='ocrx_word' id='word_1_262' title='bbox 150 2966 176 3001; x_wconf 88' lang='lat' dir='ltr'><strong>c.</strong></span> <span class='ocrx_word' id='word_1_263' title='bbox 200 2952 225 3009; x_wconf 94' lang='lat' dir='ltr'><strong>l,</strong></span> <span class='ocrx_word' id='word_1_264' title='bbox 245 2956 272 3000; x_wconf 88' lang='lat' dir='ltr'><strong>et</strong></span> <span class='ocrx_word' id='word_1_265' title='bbox 290 2950 398 3013; x_wconf 86' lang='lat' dir='ltr'><strong>passim.</strong></span> <span class='ocrx_word' id='word_1_266' title='bbox 605 2970 609 2976; x_wconf 94' lang='lat'>·</span> 
     </span>
    </p>

    <p class='ocr_par' dir='ltr' id='par_1_11' title="bbox 84 3014 717 3089">
     <span class='ocr_line' id='line_1_34' title="bbox 84 3014 717 3089; baseline -0.019 -14"><span class='ocrx_word' id='word_1_267' title='bbox 84 3026 164 3089; x_wconf 62' lang='lat' dir='ltr'><strong>loq</strong></span> <span class='ocrx_word' id='word_1_268' title='bbox 184 3026 284 3087; x_wconf 69' lang='lat' dir='ltr'><strong>atepp„</strong></span> <span class='ocrx_word' id='word_1_269' title='bbox 305 3024 341 3073; x_wconf 82' lang='lat' dir='ltr'><strong>lie</strong></span> <span class='ocrx_word' id='word_1_270' title='bbox 365 3022 435 3077; x_wconf 75' lang='lat' dir='ltr'><strong>Ver„</strong></span> <span class='ocrx_word' id='word_1_271' title='bbox 454 3033 482 3084; x_wconf 92' lang='lat' dir='ltr'><strong>q.</strong></span> <span class='ocrx_word' id='word_1_272' title='bbox 501 3016 534 3077; x_wconf 96' lang='lat' dir='ltr'><strong>ll,</strong></span> <span class='ocrx_word' id='word_1_273' title='bbox 554 3031 580 3068; x_wconf 84' lang='lat' dir='ltr'><strong>e.</strong></span> <span class='ocrx_word' id='word_1_274' title='bbox 605 3018 613 3067; x_wconf 97' lang='lat' dir='ltr'><strong>l</strong></span> <span class='ocrx_word' id='word_1_275' title='bbox 636 3016 670 3067; x_wconf 83' lang='lat' dir='ltr'><strong>ad</strong></span> <span class='ocrx_word' id='word_1_276' title='bbox 689 3014 717 3064; x_wconf 85' lang='grc'><strong>9.</strong></span> 
     </span>
    </p>

    <p class='ocr_par' dir='ltr' id='par_1_12' title="bbox 53 3080 1110 3659">
     <span class='ocr_line' id='line_1_35' title="bbox 84 3080 1110 3157; baseline -0.011 -9"><span class='ocrx_word' id='word_1_277' title='bbox 84 3094 282 3147; x_wconf 72' lang='lat' dir='ltr'><strong>‘Definitionee</strong></span> <span class='ocrx_word' id='word_1_278' title='bbox 300 3108 314 3143; x_wconf 89' lang='grc' dir='ltr'>ι</span> <span class='ocrx_word' id='word_1_279' title='bbox 334 3094 544 3157; x_wconf 73' lang='lat' dir='ltr'><strong>deemtpttontioe</strong></span> <span class='ocrx_word' id='word_1_280' title='bbox 566 3086 765 3154; x_wconf 63' lang='lat' dir='ltr'><strong>distinguendae</strong></span> <span class='ocrx_word' id='word_1_281' title='bbox 789 3090 862 3136; x_wconf 85' lang='lat' dir='ltr'><strong>eunt.</strong></span> <span class='ocrx_word' id='word_1_282' title='bbox 887 3080 995 3137; x_wconf 78' lang='lat' dir='ltr'><strong>Etenim</strong></span> <span class='ocrx_word' id='word_1_283' title='bbox 1015 3088 1042 3136; x_wconf 90' lang='lat' dir='ltr'><strong>in</strong></span> <span class='ocrx_word' id='word_1_284' title='bbox 1068 3085 1110 3137; x_wconf 83' lang='lat' dir='ltr'><strong>his</strong></span> 
     </span>
     <span class='ocr_line' id='line_1_36' title="bbox 54 3159 1107 3231; baseline -0.009 -11"><span class='ocrx_word' id='word_1_285' title='bbox 54 3184 97 3219; x_wconf 86' lang='lat' dir='ltr'><strong>nen</strong></span> <span class='ocrx_word' id='word_1_286' title='bbox 116 3171 205 3220; x_wconf 79' lang='lat' dir='ltr'><strong>solnm</strong></span> <span class='ocrx_word' id='word_1_287' title='bbox 225 3168 397 3231; x_wconf 81' lang='lat' dir='ltr'><strong>proprietates</strong></span> <span class='ocrx_word' id='word_1_288' title='bbox 418 3168 603 3223; x_wconf 80' lang='lat' dir='ltr'><strong>recensentur,</strong></span> <span class='ocrx_word' id='word_1_289' title='bbox 622 3175 693 3227; x_wconf 86' lang='lat' dir='ltr'><strong>quae</strong></span> <span class='ocrx_word' id='word_1_290' title='bbox 711 3159 852 3210; x_wconf 82' lang='lat' dir='ltr'><strong>assentiam</strong></span> <span class='ocrx_word' id='word_1_291' title='bbox 872 3160 910 3208; x_wconf 91' lang='lat' dir='ltr'><strong>rei</strong></span> <span class='ocrx_word' id='word_1_292' title='bbox 929 3160 1107 3215; x_wconf 87' lang='lat' dir='ltr'><strong>constituunt.</strong></span> 
     </span>
     <span class='ocr_line' id='line_1_37' title="bbox 53 3230 1105 3303; baseline -0.011 -10"><span class='ocrx_word' id='word_1_293' title='bbox 53 3243 192 3293; x_wconf 80' lang='lat' dir='ltr'><strong>sedetiam</strong></span> <span class='ocrx_word' id='word_1_294' title='bbox 212 3240 284 3299; x_wconf 81' lang='lat' dir='ltr'><strong>tilae,</strong></span> <span class='ocrx_word' id='word_1_295' title='bbox 304 3252 371 3303; x_wconf 87' lang='lat' dir='ltr'><strong>quae</strong></span> <span class='ocrx_word' id='word_1_296' title='bbox 390 3239 423 3289; x_wconf 85' lang='lat' dir='ltr'><strong>eir</strong></span> <span class='ocrx_word' id='word_1_297' title='bbox 441 3238 554 3289; x_wconf 81' lang='lat' dir='ltr'><strong>essentie</strong></span> <span class='ocrx_word' id='word_1_298' title='bbox 573 3234 734 3302; x_wconf 74' lang='lat' dir='ltr'><strong>meseratio,</strong></span> <span class='ocrx_word' id='word_1_299' title='bbox 755 3232 796 3283; x_wconf 87' lang='lat' dir='ltr'><strong>rel</strong></span> <span class='ocrx_word' id='word_1_300' title='bbox 815 3232 997 3293; x_wconf 77' lang='lat' dir='ltr'><strong>contingenter</strong></span> <span class='ocrx_word' id='word_1_301' title='bbox 1009 3230 1105 3281; x_wconf 80' lang='lat' dir='ltr'><strong>donat.</strong></span> 
     </span>
     <span class='ocr_line' id='line_1_38' title="bbox 53 3304 1109 3379; baseline -0.012 -14"><span class='ocrx_word' id='word_1_302' title='bbox 53 3310 78 3365; x_wconf 76' lang='lat' dir='ltr'><strong>i.</strong></span> <span class='ocrx_word' id='word_1_303' title='bbox 96 3328 137 3379; x_wconf 66' lang='lat' dir='ltr'><strong>g„</strong></span> <span class='ocrx_word' id='word_1_304' title='bbox 157 3314 301 3375; x_wconf 80' lang='lat' dir='ltr'><strong>descriptio</strong></span> <span class='ocrx_word' id='word_1_305' title='bbox 317 3312 349 3362; x_wconf 88' lang='lat' dir='ltr'><strong>lit</strong></span> <span class='ocrx_word' id='word_1_306' title='bbox 367 3312 490 3370; x_wconf 83' lang='lat' dir='ltr'><strong>hominis,</strong></span> <span class='ocrx_word' id='word_1_307' title='bbox 510 3322 571 3361; x_wconf 86' lang='lat' dir='ltr'><strong>cunr</strong></span> <span class='ocrx_word' id='word_1_308' title='bbox 591 3308 763 3359; x_wconf 76' lang='lat' dir='ltr'><strong>cretensem</strong></span> <span class='ocrx_word' id='word_1_309' title='bbox 781 3304 883 3355; x_wconf 81' lang='lat' dir='ltr'><strong>erenei</strong></span> <span class='ocrx_word' id='word_1_310' title='bbox 898 3304 1043 3366; x_wconf 61' lang='lat' dir='ltr'><strong>prandeor,</strong></span> <span class='ocrx_word' id='word_1_311' title='bbox 1063 3318 1109 3353; x_wconf 85' lang='lat' dir='ltr'><strong>so-</strong></span> 
     </span>
     <span class='ocr_line' id='line_1_39' title="bbox 53 3372 1108 3449; baseline -0.012 -11"><span class='ocrx_word' id='word_1_312' title='bbox 53 3402 106 3449; x_wconf 73' lang='lat' dir='ltr'><strong>ene,</strong></span> <span class='ocrx_word' id='word_1_313' title='bbox 126 3386 273 3449; x_wconf 77' lang='lat' dir='ltr'><strong>multiplea,</strong></span> <span class='ocrx_word' id='word_1_314' title='bbox 293 3391 403 3441; x_wconf 81' lang='lat' dir='ltr'><strong>uenture,</strong></span> <span class='ocrx_word' id='word_1_315' title='bbox 421 3386 525 3448; x_wconf 81' lang='lat' dir='ltr'><strong>pienum</strong></span> <span class='ocrx_word' id='word_1_316' title='bbox 543 3382 654 3433; x_wconf 81' lang='lat' dir='ltr'><strong>reticete</strong></span> <span class='ocrx_word' id='word_1_317' title='bbox 671 3387 695 3430; x_wconf 88' lang='lat' dir='ltr'><strong>et</strong></span> <span class='ocrx_word' id='word_1_318' title='bbox 711 3378 821 3427; x_wconf 81' lang='lat' dir='ltr'><strong>martiii.</strong></span> <span class='ocrx_word' id='word_1_319' title='bbox 842 3372 925 3431; x_wconf 70' lang='lat' dir='ltr'><strong>iwan,</strong></span> <span class='ocrx_word' id='word_1_320' title='bbox 944 3387 997 3425; x_wconf 88' lang='lat' dir='ltr'><strong>noo</strong></span> <span class='ocrx_word' id='word_1_321' title='bbox 1015 3374 1108 3425; x_wconf 82' lang='lat' dir='ltr'><strong>delini·</strong></span> 
     </span>
     <span class='ocr_line' id='line_1_40' title="bbox 53 3448 1105 3519; baseline -0.01 -12"><span class='ocrx_word' id='word_1_322' title='bbox 53 3464 106 3517; x_wconf 89' lang='lat' dir='ltr'><strong>tur,</strong></span> <span class='ocrx_word' id='word_1_323' title='bbox 126 3460 172 3508; x_wconf 85' lang='lat' dir='ltr'><strong>red</strong></span> <span class='ocrx_word' id='word_1_324' title='bbox 193 3458 281 3519; x_wconf 82' lang='lat' dir='ltr'><strong>potius</strong></span> <span class='ocrx_word' id='word_1_325' title='bbox 299 3455 455 3507; x_wconf 81' lang='lat' dir='ltr'><strong>describitur</strong></span> <span class='ocrx_word' id='word_1_326' title='bbox 478 3469 519 3506; x_wconf 90' lang='lat' dir='ltr'><strong>ree</strong></span> <span class='ocrx_word' id='word_1_327' title='bbox 544 3455 654 3517; x_wconf 87' lang='lat' dir='ltr'><strong>eliqua,</strong></span> <span class='ocrx_word' id='word_1_328' title='bbox 680 3463 742 3500; x_wconf 89' lang='lat' dir='ltr'><strong>eum</strong></span> <span class='ocrx_word' id='word_1_329' title='bbox 768 3448 825 3498; x_wconf 85' lang='lat' dir='ltr'><strong>eine</strong></span> <span class='ocrx_word' id='word_1_330' title='bbox 849 3459 945 3497; x_wconf 74' lang='lat' dir='ltr'><strong>caune</strong></span> <span class='ocrx_word' id='word_1_331' title='bbox 969 3450 1105 3507; x_wconf 83' lang='lat' dir='ltr'><strong>externae,</strong></span> 
     </span>
     <span class='ocr_line' id='line_1_41' title="bbox 54 3518 1106 3599; baseline -0.011 -18"><span class='ocrx_word' id='word_1_332' title='bbox 54 3544 140 3594; x_wconf 79' lang='lat' dir='ltr'><strong>nempe</strong></span> <span class='ocrx_word' id='word_1_333' title='bbox 157 3532 286 3599; x_wconf 62' lang='lat' dir='ltr'><strong>enimus,</strong></span> <span class='ocrx_word' id='word_1_334' title='bbox 305 3530 474 3591; x_wconf 70' lang='lat' dir='ltr'><strong>exemplaris,</strong></span> <span class='ocrx_word' id='word_1_335' title='bbox 494 3533 522 3578; x_wconf 86' lang='lat' dir='ltr'><strong>et</strong></span> <span class='ocrx_word' id='word_1_336' title='bbox 540 3527 644 3593; x_wconf 71' lang='lat' dir='ltr'><strong>finatis,</strong></span> <span class='ocrx_word' id='word_1_337' title='bbox 664 3523 846 3585; x_wconf 69' lang='lat' dir='ltr'><strong>eesiqmnture</strong></span> <span class='ocrx_word' id='word_1_338' title='bbox 866 3523 929 3581; x_wconf 86' lang='lat' dir='ltr'><strong>pute</strong></span> <span class='ocrx_word' id='word_1_339' title='bbox 948 3518 971 3567; x_wconf 86' lang='lat' dir='ltr'><strong>si</strong></span> <span class='ocrx_word' id='word_1_340' title='bbox 989 3519 1106 3571; x_wconf 85' lang='lat' dir='ltr'><strong>dicetur:</strong></span> 
     </span>
     <span class='ocr_line' id='line_1_42' title="bbox 53 3592 1054 3659; baseline -0.018 -1"><span class='ocrx_word' id='word_1_341' title='bbox 53 3605 129 3658; x_wconf 83' lang='lat' dir='ltr'><strong>licere</strong></span> <span class='ocrx_word' id='word_1_342' title='bbox 147 3611 185 3657; x_wconf 86' lang='lat' dir='ltr'><strong>ret</strong></span> <span class='ocrx_word' id='word_1_343' title='bbox 203 3618 221 3655; x_wconf 86' lang='lat' dir='ltr'><strong>rr</strong></span> <span class='ocrx_word' id='word_1_344' title='bbox 241 3603 296 3659; x_wconf 79' lang='lat' dir='ltr'><strong>Deo</strong></span> <span class='ocrx_word' id='word_1_345' title='bbox 313 3604 342 3652; x_wconf 86' lang='lat' dir='ltr'><strong>ire</strong></span> <span class='ocrx_word' id='word_1_346' title='bbox 359 3604 399 3653; x_wconf 88' lang='lat' dir='ltr'><strong>erri</strong></span> <span class='ocrx_word' id='word_1_347' title='bbox 416 3601 608 3653; x_wconf 65' lang='lat' dir='ltr'><strong>similtudinem</strong></span> <span class='ocrx_word' id='word_1_348' title='bbox 625 3603 725 3651; x_wconf 69' lang='lat' dir='ltr'><strong>cremor</strong></span> <span class='ocrx_word' id='word_1_349' title='bbox 740 3598 847 3659; x_wconf 82' lang='lat' dir='ltr'><strong>propter</strong></span> <span class='ocrx_word' id='word_1_350' title='bbox 866 3592 1054 3646; x_wconf 67' lang='lat' dir='ltr'><strong>tenendam.</strong></span> 
     </span>
    </p>
   </div>
   <div class='ocr_carea' id='block_1_9' title="bbox 0 0 1242 3909">
    <p class='ocr_par' dir='ltr' id='par_1_13' title="bbox 0 0 1242 3909">
     <span class='ocr_line' id='line_1_43' title="bbox 0 0 1242 3909; baseline 0 0"><span class='ocrx_word' id='word_1_351' title='bbox 0 0 1242 3909; x_wconf 95' lang='lat' dir='ltr'><strong> </strong></span> 
     </span>
    </p>
   </div>
  </div>
 </body>
</html>
