2475 3909
147 159 211 226 250
496 162 772 235 amunoeo'cocra

105 280 174 343 neq.
197 262 273 326 moi.
297 261 382 327 Dist.
405 264 505 329 etiam
525 266 623 340 mim,
646 266 755 329 anima
776 264 935 350 recipitur
958 264 992 330 in
1019 286 1189 352 corpore,

108 353 146 409 ut
162 340 341 429 perlectum
365 345 397 409 in
420 345 637 430 perferundi,
660 366 744 411 coac.
768 346 865 423 mim,
887 346 933 410 ita
955 358 991 414 ut
1012 346 1046 410 in
1068 368 1190 433 corpo-

108 445 143 488 re
164 426 385 501 contineatur,
407 448 474 509 aeq.
497 428 576 491 mia.
603 428 680 511 Neo.
704 448 784 491 conr.
809 428 889 493 Sane
917 429 1024 491 anima
1048 450 1112 493 non
1138 450 1190 493 ne-

106 506 229 603 cipitur
255 508 289 570 in
311 527 458 593 corpore,
486 510 531 575 ita
553 518 591 573 ut
610 510 825 585 contineatur,
848 530 939 584 nam,
963 519 1000 575 nt
1020 531 1046 573 s.
1069 513 1190 596 Angu-

107 599 210 652 strnus
232 588 350 685 ipquit,
362 614 379 651 (ι
393 591 502 655 anima
520 591 665 656 continet
683 610 802 676 corpus
816 591 827 630 ¹
840 612 869 653 n.
885 590 1094 676 Quapropter
1114 613 1190 656 cor-

107 689 168 756 pus
193 682 311 754 recrprt
323 673 519 746 animameo
534 670 642 749 modo,
658 693 723 757 quo
739 673 874 737 materia
895 674 1014 758 recipit
1028 671 1186 749 formam,

106 750 233 816 scilicet
255 752 299 815 ita
328 762 365 817 ut
385 773 445 837 per
465 756 568 838 ipsam
590 754 805 838 perficiatur:
829 774 886 818 seu
909 765 944 819 ut
964 778 982 815 (ι
1005 753 1187 817 secundum

107 831 209 917 ipsam
231 833 448 899 constituatur
469 837 502 899 in
529 854 599 899 esse
625 835 766 899 alicuius
787 836 930 918 speciei¹
954 858 984 897 s.
1008 834 1050 901 Ut
1072 848 1189 899 autem

106 933 226 998 corpus
247 914 308 978 hoo
330 914 427 980 modo
455 918 488 981 in
515 937 549 980 se
572 918 712 1013 recipiat
730 917 887 992 animam,
911 937 976 981 non
998 918 1189 1001 requiritur

107 1004 145 1059 ut
159 995 254 1061 huius
274 1006 390 1062 natura
413 1020 487 1062 cum
509 1008 624 1063 natura
640 998 729 1063 illius
750 1002 933 1074 conveniat,
954 999 999 1061 ita
1015 1008 1051 1061 ut
1073 998 1190 1061 anima

106 1087 250 1153 extensa,
274 1098 375 1161 aeque
403 1101 441 1144 ac
462 1099 593 1165 corpus,
615 1081 659 1145 sit
673 1082 696 1155 ⁸,
713 1078 769 1144 sed
791 1080 894 1143 solum
915 1077 1077 1163 quaedam
1099 1078 1190 1143 inter

51 1230 55 1235 ,
107 1156 201 1234 illud,
223 1169 256 1223 et
280 1160 371 1222 istam
396 1162 576 1247 proportio,
598 1182 682 1245 quae
704 1161 797 1226 ineo
820 1160 982 1235 consistit,
1006 1170 1041 1224 ut
1063 1180 1188 1245 corpus

107 1238 224 1305 lrabeat
243 1238 390 1306 ordinem
413 1243 452 1307 ad
472 1244 625 1319 animam,
642 1252 674 1307 et
696 1244 929 1326 capacitatem,
951 1251 988 1305 ut
1008 1241 1049 1304 ab
1071 1264 1113 1305 ea
1138 1242 1188 1305 in-

108 1320 269 1387 formetur
282 1323 307 1383 ⁸.
324 1322 390 1386 lam
406 1325 648 1409 simplicitatem
663 1325 790 1387 animae
805 1321 889 1386 haud
915 1320 1086 1407 impedire,
1103 1342 1187 1407 quo-

107 1404 216 1467 minus
238 1404 315 1468 haec
336 1404 432 1469 talem
454 1428 528 1471 cum
550 1426 606 1469 cor
630 1425 685 1469 ore
712 1405 954 1501 proportionem
976 1402 1104 1477 habeat,
1130 1424 1188 1467 an-

107 1495 160 1549 tea
174 1506 193 1549 a
207 1484 300 1549 nobis
322 1497 484 1553 ostensum
506 1489 591 1552 csti-
608 1424 659 1549 lix
680 1506 719 1550 eo
742 1488 866 1571 igitur,
889 1482 976 1569 quod
999 1486 1111 1548 anima
1135 1506 1187 1549 re-

105 1566 229 1709 pipitur
243 1569 277 1631 in
291 1587 438 1653 corpore,
466 1568 548 1634 nihil
574 1578 687 1631 contra
708 1568 780 1631 eius
804 1565 1114 1631 immaterialitatem
1137 1567 1187 1629 in-

123 1668 189 1711 erm
235 1660 328 1714 otest.
749 1678 751 1682 ·

149 1669 351 1797 1tldll0biic.
374 1727 409 1793 t⁰
433 1732 550 1793 Anima
573 1750 635 1794 non
663 1737 768 1815 potest
795 1749 924 1793 morere
951 1748 1093 1813 corpus,
1120 1728 1187 1792 nisi

107 1808 189 1876 illud
213 1820 330 1895 tangat.
355 1812 457 1895 Atqui
480 1823 583 1877 tactus
604 1830 668 1875 non
691 1822 755 1885 est,
779 1811 842 1874 nisi
865 1830 1053 1895 corporum.
1077 1810 1182 1891 Ergo.

149 1892 219 1959 145.
243 1893 342 1978 llesp.
365 1894 448 1956 Dist.
471 1893 566 1970 moi,
588 1893 652 1956 nisi
674 1892 755 1957 illud
785 1901 895 1977 tangat
915 1899 1058 1955 contactu
1080 1892 1185 1953 virtu-

106 1974 175 2050 tis,
197 1994 281 2039 cono.
306 1975 396 2049 moi,
417 1985 558 2038 contactu
578 1994 745 2059 corporeo,
768 1992 834 2054 nep.
858 1974 934 2036 moi.
969 1970 1036 2037 Sub
1068 1970 1185 2035 eadem

105 2056 180 2120 dist.
201 2075 268 2139 nep.
291 2067 324 2122 et
344 2076 428 2119 conc.
452 2056 531 2119 min.
554 2054 633 2137 Nep.
656 2076 736 2119 eoos.
759 2054 795 2118 ln
819 2054 945 2137 primis,
969 2072 1044 2117 cum
1063 2054 1185 2117 moveri

107 2138 150 2204 sit
169 2162 187 2200 ιι
211 2147 302 2203 actus
323 2138 486 2201 existentis
498 2138 685 2219 inpotentia
703 2141 715 2175 ⁸
731 2160 760 2211 n,
777 2133 956 2222 producere
977 2142 1100 2197 motum
1118 2154 1185 2197 ma·

107 2220 159 2303 gis
180 2218 222 2285 ad
242 2219 436 2287 substantias
456 2218 698 2295 immateriales,
714 2238 811 2303 quam
826 2216 867 2279 ad
888 2214 1084 2289 materiales,
1109 2236 1184 2300 per

108 2302 199 2369 tinet.
223 2302 352 2366 Etenim
375 2300 454 2364 nihil
478 2308 583 2383 potest
604 2301 741 2366 transire
774 2297 813 2360 dc
837 2297 981 2381 potentia
1002 2295 1035 2358 in
1058 2306 1182 2369 actum,

108 2383 170 2448 nisi
191 2403 251 2468 per
274 2382 319 2458 id,
341 2381 429 2465 quod
450 2391 500 2447 est
520 2389 605 2445 actu.
631 2382 730 2465 Atqui
758 2377 956 2444 substantiae
983 2376 1184 2441 intellectua-

108 2463 155 2529 les
177 2464 280 2549 magis
302 2472 377 2528 actu
397 2474 482 2538 sunt,
504 2481 603 2547 quam
626 2482 773 2548 corpora.
797 2462 885 2543 Ergo
908 2459 948 2522 ad
969 2457 1041 2522 illas
1062 2459 1182 2543 magis,

104 2566 204 2631 quam
227 2544 268 2609 ad
295 2543 494 2612 substantias
520 2562 690 2689 corporeas
725 2543 865 2627 pertinet
891 2539 1013 2624 aliquid
1036 2559 1180 2604 morere.

103 2648 123 2688 ι
147 2629 259 2710 Agunt
290 2625 490 2691 substantiae
513 2625 578 2689 inte
594 2625 744 2692 lectuales
766 2622 799 2688 in
822 2642 976 2707 corpora,
999 2629 1031 2685 et
1052 2628 1185 2686 movent

104 2726 156 2785 ea,
178 2727 253 2771 oum
273 2708 339 2772 sint
359 2705 601 2781 immateriales,
618 2717 651 2773 et
666 2705 771 2790 magis
793 2705 827 2768 in
843 2714 916 2768 actu
936 2703 1110 2767 existentes
1124 2702 1135 2737 ¹
1151 2724 1181 2764 a.

107 2788 149 2855 Ut
169 2808 247 2852 vero
268 2786 432 2873 quomodo
453 2787 633 2853 substantia
661 2783 887 2852 immaterialis
918 2800 1036 2870 corpus
1058 2792 1182 2869 tangat,

107 2878 141 2935 et
162 2881 307 2945 moveat,
322 2868 537 2954 intelligatur,
556 2866 807 2955 distinguendus
829 2877 878 2933 est
899 2874 1065 2930 conmotus
1086 2884 1185 2949 quaa·

107 2952 220 3028 titotis,
240 2952 298 3035 qui
314 2951 468 3037 proprius
495 2970 673 3036 corporum
696 2959 766 3025 est,
794 2955 986 3012 acontactu
1012 2946 1143 3009 virtutis
1155 2946 1180 3007 ⁸.

145 3189 154 3226 ¹
177 3193 266 3241 Cootr.
287 3191 368 3252 mer.
388 3190 478 3246 Mon..
497 3202 524 3237 c.
548 3186 592 3245 ld,
611 3197 640 3235 ιι.
661 3184 706 3234 20.
728 3176 764 3233 Gi
778 3196 806 3245 ιι.
826 3179 891 3231 227.

143 3258 197 3319 ²1,
217 3276 246 3323 ιι.
266 3257 296 3318 1.,
316 3275 344 3311 ι.
364 3260 380 3310 2
399 3257 496 3310 c.-³
514 3253 549 3309 (Ii
565 3272 593 3319 p.
615 3255 745 3305 rsa-195.

145 3328 157 3365 ⁴
179 3348 191 3377 ι
214 3329 307 3380 Debita
333 3332 469 3394 proportio
493 3330 622 3379 ιιιιῑιιίιιο
640 3326 673 3376 ad
694 3326 807 3376 formans
831 3328 872 3371 ert
896 3321 1060 3383 dupliciter,
1081 3324 1184 3374 scilicet

111 3402 297 3462 perordinem
318 3402 469 3452 naturalem
487 3401 614 3449 materiae
634 3397 667 3446 ad
688 3397 814 3452 formam,
833 3399 860 3443 st
879 3406 927 3457 per
945 3394 1122 3444 remotionem
1136 3396 1184 3445 im·

112 3470 256 3531 pedimentt
279 3488 304 3528 ιι
327 3474 358 3521 tn
378 3472 421 3522 uo.
444 3474 482 3521 1t⁷
501 3474 584 3528 sent„
604 3466 672 3520 [list.
693 3464 777 3524 llllll,
797 3480 827 3529 ιι.
847 3462 868 3523 l,
889 3478 916 3515 ιι.
936 3462 952 3512 ²
972 3464 1021 3513 rot.
1044 3464 1054 3513 l
1078 3478 1104 3514 o.

147 3534 242 3588 ⁸l.oo‚
262 3540 378 3590 cit-⁸
399 3543 430 3591 Ιιι
448 3542 493 3593 itt.
514 3542 527 3590 1
544 3544 627 3599 Seni„
649 3536 714 3589 illst.
735 3534 806 3594 lllll‚
825 3550 854 3601 q.
875 3533 897 3592 l,
924 3548 952 3584 a·
971 3534 987 3583 3
1006 3534 1055 3584 rol.

146 3604 158 3670 ἲ
179 3606 362 3674 θοιιιι.6ιιιι.,
374 3610 466 3673 amit,
477 3627 503 3664 c.
514 3610 611 3665 tte-⁸
631 3604 667 3662 Ct
679 3612 806 3677 trenam„
826 3604 901 3669 mvl,
916 3606 974 3666 ι.1,
986 3619 1014 3670 ιι.
1026 3604 1078 3656 tat
1092 3606 1147 3658 rot.
1162 3604 1182 3659 l.
