2475 3909
475 199 558 248 rins
580 202 683 250 rarus
1032 185 1078 251 tr·

89 278 152 345 116.
176 281 297 348 Sorites
321 291 369 346 est
389 282 524 365 quidam
545 305 681 350 acervus
700 284 983 361 enunciationum,
999 286 1033 349 in
1047 307 1115 369 qno

55 362 239 429 attributum
261 365 388 449 primae
411 364 446 429 lit
467 362 649 429 subiectum
673 364 846 440 secundae,
862 366 1056 431 attributum
1068 388 1116 431 sc·

56 442 171 507 eundae
194 443 229 508 lit
251 442 431 508 subiectum
453 446 593 516 tertiae,
624 460 721 530 atque
744 446 789 508 ite
812 443 985 530 deinceps,
1014 447 1116 511 donec

57 525 176 587 leodem
199 526 233 589 in
256 525 462 589 conclusione
483 526 678 591 attributum
703 528 838 589 ultimae
869 547 945 589 cum
972 527 1118 592 subiecto

56 606 172 687 primae
196 607 422 689 coniungatur.
446 608 484 671 E.
501 628 546 690 g.,
571 608 733 683 Quodlibet
748 626 861 690 eorpus
881 617 926 672 est
950 611 983 670 iu
1003 611 1118 691 spatio·

54 685 125 767 quod
147 697 193 750 est
216 690 250 748 in
272 689 396 771 spolio,
420 698 518 769 potest
540 708 601 749 esse
623 690 660 750 in
679 689 742 751 olio
765 688 866 769 spolio
877 710 890 764 ,·
935 690 996 751 uod
1018 702 1118 772 potest

54 788 110 829 use
130 767 166 829 in
187 766 251 857 olio
273 768 386 852 spatio,
404 780 504 851 potest
527 776 649 833 mutare
670 768 820 851 epotum
840 709 1036 852 quotblpotest
1049 792 1118 834 mu

55 856 115 909 tore
136 861 289 931 spatium,
313 858 353 911 est
376 850 498 926 mobile·
519 870 590 931 erqo
613 849 764 934 quodlibet
785 860 956 930 corpusest
970 851 1080 916 mobile
1093 854 1116 915 ¹.

89 930 157 992 117.
179 929 394 1013 Perspicuum
409 940 457 995 est
472 930 607 995 soritem
621 952 690 995 esse
704 928 880 1013 qnamdam
917 929 1118 997 radationem

57 1008 327 1095 syllogismorum.
351 1012 399 1075 lta
421 1012 546 1087 sorites,
570 1032 668 1107 quem
691 1011 760 1075 loco
782 950 923 1095 exempli
939 1013 1118 1091 attulimus,

57 1091 283 1175 complectitur
304 1092 360 1157 lios
381 1103 447 1158 tres
474 1092 697 1177 syllogismos:
722 1088 755 1154 1⁰
777 1088 867 1166 Quod
886 1105 928 1157 est
950 1094 986 1156 in
1006 1096 1119 1178 spatio,

54 1183 146 1253 potest
169 1192 231 1235 esse
252 1171 285 1233 in
305 1174 369 1239 elio
389 1176 509 1256 specim
527 1170 787 1257 etquiquodlibet
800 1192 913 1255 eorpus
934 1185 981 1236 est
997 1175 1032 1238 in
1051 1197 1122 1261 spo·

56 1255 106 1329 tio;
127 1274 200 1334 erqo
222 1256 375 1337 quodlibet
394 1275 506 1340 corpus
520 1266 616 1338 potest
639 1276 697 1318 esse
717 1255 753 1315 in
772 1251 834 1315 olio
853 1256 966 1336 spatio.
981 1255 1017 1319 2⁰
1032 1258 1121 1333 Quod

52 1348 145 1477 potest
171 1356 232 1397 esse
254 1336 289 1399 in
310 1338 372 1400 ulio
391 1340 503 1421 spolio,
514 1345 615 1420 potest
629 1348 751 1397 mutare
764 1334 916 1415 apetium·
929 1336 1019 1421 etqui
1031 1339 1123 1421 quod-

67 1416 121 1478 ibet
145 1436 260 1499 eorpus
279 1429 376 1500 potest
397 1440 457 1482 esse
480 1420 514 1479 in
535 1417 598 1479 olio
619 1418 732 1500 spotiu,·
752 1433 821 1494 erqo
842 1415 993 1498 quodlibet
1008 1438 1122 1501 eorpus

55 1509 147 1579 potest
171 1508 294 1561 mutere
316 1501 463 1582 spatium.
486 1496 520 1562 3⁰
539 1497 628 1573 Quod
645 1508 745 1580 potest
766 1504 888 1557 mutere
908 1497 1057 1579 spatium,
1080 1510 1124 1561 est

56 1578 180 1653 nolite·
200 1581 290 1662 utqui
311 1580 462 1664 quodlibet
484 1597 596 1659 corpus
612 1588 711 1662 potest
734 1588 855 1637 mutere
877 1579 1034 1659 spatium
1054 1599 1124 1660 erqo

57 1658 204 1743 quodlibet
232 1680 344 1743 eorpus
370 1673 415 1725 est
442 1658 562 1722 mobile.
593 1660 674 1723 Sunt
701 1665 810 1719 autem
837 1667 903 1721 tres
931 1657 1122 1743 syllogismi,

57 1743 128 1823 quia
152 1752 220 1804 tres
243 1739 276 1803 in
300 1742 357 1806 illo
378 1743 476 1806 sorite
499 1741 711 1804 inveniuntur
730 1735 831 1800 medii
845 1740 989 1813 termini,
1006 1760 1124 1823 nempe

57 1844 113 1885 esse
131 1824 168 1885 iu
219 1822 296 1897 otio,
312 1844 402 1918 posse
416 1842 475 1885 esse
490 1822 521 1883 in
537 1821 601 1883 olio
615 1820 728 1903 spatio,
763 1838 830 1880 osse
844 1830 963 1881 mutare
975 1820 1123 1904 apetium.

98 1904 168 1969 118.
223 1912 235 1967 t
256 1916 370 1969 sorites
393 1904 453 1966 rite
476 1898 658 1976 concludat,
676 1836 762 1963 illulJ
771 1898 884 1962 sedulo
899 1919 1013 1965 cavere
1029 1920 1127 1983 opor·

61 1993 112 2059 let,
136 2003 179 2047 nc
201 2004 266 2067 qua
289 1983 473 2048 enunciatio
488 1982 654 2065 ambigua,
677 1993 733 2045 aut
754 1978 834 2042 lalsa
850 1980 885 2043 in
898 2000 973 2043 eum
989 1982 1123 2065 irrepat3

61 2066 132 2129 laec
147 2064 239 2128 enim
255 2087 374 2129 lienum
390 2064 655 2128 enunciationem
669 2061 771 2125 inlrin
794 2071 875 2137 eret,
887 2071 920 2125 et
934 2082 993 2146 per
1009 2061 1126 2147 gradus

62 2146 195 2209 minime
218 2154 429 2229 congruentes
453 2144 492 2207 ad
514 2145 754 2207 conclusionem
773 2080 917 2207 buceret.

95 2226 168 2291 119.
193 2222 344 2309 Denique
364 2226 511 2289 dilemma
531 2235 578 2289 est
593 2225 833 2308 argumentatio
854 2235 1002 2289 constans
1016 2243 1058 2288 ex
1071 2244 1129 2287 an-

61 2305 228 2371 tecedente
256 2304 433 2381 disiuncto,
462 2307 558 2369 cuius
582 2325 803 2390 quaecumque
831 2326 905 2389 pars
925 2315 1126 2378 assumetur,

61 2406 190 2473 semper
211 2387 336 2471 aliquid
361 2397 472 2451 contra
494 2386 719 2451 adversarium
747 2386 961 2451 concluditur.
986 2386 1055 2447 Hoc
1078 2404 1129 2447 ar-

62 2468 207 2611 gumenti
231 2489 348 2552 genere
370 2468 515 2532 Phocion
540 2466 677 2611 urgebat
698 2466 842 2553 Philippi
864 2467 986 2550 legatos
1014 2484 1129 2528 consu·

90 2560 162 2615 ntes
184 2558 222 2613 ut
245 2548 357 2613 saltem
403 2569 440 2612 ro
464 2548 541 2613 liliis
562 2568 582 2633 o
607 2547 669 2613 lata
692 2568 826 2611 munera
846 2550 1019 2632 acciperet.
1032 2569 1051 2607 «
1064 2548 1129 2608 Aut

62 2633 137 2705 mei,
166 2631 198 2693 in
224 2632 284 2705 uit,
307 2570 429 2695 similes
450 2630 634 2707 erunt,“aut
647 2628 834 2703 dissimiles;
850 2630 877 2692 si
891 2629 1026 2702 similes,
1042 2625 1129 2690 idern

62 2710 108 2774 bio
129 2650 258 2795 agellus
280 2710 354 2775 illus
376 2710 451 2787 alet,
467 2712 523 2795 qni
540 2733 590 2776 me
604 2708 645 2775 ad
661 2709 741 2773 lianc
755 2708 948 2792 dignitatem
963 2706 1128 2792 perduxit3

62 2790 106 2855 sin
128 2803 243 2857 autem
264 2789 439 2857 dissimiles
460 2793 523 2855 mei
547 2794 612 2857 sint
634 2791 752 2866 lutnri,
772 2790 847 2855 nolo
869 2791 952 2855 meis
975 2787 1130 2873 impensis

62 2870 193 2937 illorum
215 2870 273 2947 ali,
296 2875 476 2959 augerique
499 2873 688 2938 luxuriam²
706 2894 735 2934 u.

97 3132 105 3167 ¹
126 3126 201 3179 llaec
220 3124 415 3190 ergomentrtio
434 3126 481 3175 lllo
500 3126 630 3188 principio
643 3126 776 3175 lnnitltnr:
791 3128 854 3176 atto
865 3127 971 3190 aliquod
982 3128 1133 3179 attributum

65 3215 117 3251 mm
135 3201 249 3251 subiecto
268 3202 440 3263 contuedun,
459 3204 519 3261 quot
536 3204 596 3249 eunt
613 3211 654 3254 eo,
674 3200 788 3260 quoodo
807 3200 929 3249 attributo
947 3201 1081 3257 dicuntur,
1102 3202 1134 3250 da

66 3274 176 3323 subiecto
194 3273 274 3321 etium
291 3272 421 3321 dicuntur.
444 3266 480 3317 lta
502 3270 527 3319 ln
546 3270 629 3317 allato
646 3270 780 3331 exemplo,
794 3284 858 3319 com
871 3270 976 3331 corpori
993 3274 1134 3321 conveniat

67 3358 120 3394 esse
139 3346 167 3393 iu
187 3344 284 3405 spatio,
304 3346 513 3391 consentaneum
532 3346 573 3390 est
591 3339 720 3403 quidquid
739 3343 863 3391 convenit
882 3340 938 3399 illi,
958 3341 1029 3403 quod
1048 3346 1088 3390 est
1107 3343 1134 3391 in

68 3417 162 3477 spallo,
184 3414 326 3464 conrcnlre
344 3415 427 3463 etiam
447 3414 564 3474 corpori;
585 3424 668 3475 quaro
688 3424 751 3459 cum
771 3414 820 3473 illi,
841 3413 911 3476 qood
931 3417 971 3461 est
990 3413 1016 3460 in
1036 3414 1132 3475 spatio,

70 3486 206 3537 conveniat
226 3498 302 3547 posse
322 3489 427 3534 mutare
447 3484 573 3545 spatium,
597 3484 709 3546 ideoque
728 3496 785 3533 esse
804 3482 915 3542 mobile,
935 3484 1040 3545 corpori
1053 3485 1134 3533 etlam

69 3571 122 3609 esse
141 3558 241 3607 moblla
260 3558 403 3607 convenire
421 3556 509 3605 debet.

101 3628 113 3665 ²
133 3628 271 3681 Plutarch.
291 3630 320 3679 in
340 3630 478 3679 Phocione.
