2475 3909
171 129 214 195 86
568 162 754 212 onrosocra

168 229 240 292 227.
264 227 358 296 Circa
380 241 538 322 temporis
559 246 749 324 notionem,
770 266 869 331 quam
895 246 1102 329 tradidimus,
1126 249 1203 317 haec

128 320 235 374 mente
256 317 437 399 reputanda
462 321 553 387 nobis
575 339 671 392 sunt:

170 388 204 456 1⁰
226 391 390 481 Tempus,
414 422 488 468 cum
519 406 560 472 sit
581 428 733 473 mensura
762 420 890 486 motus,
912 411 951 475 nd
972 413 1100 477 modum
1122 417 1202 479 entis

128 477 299 541 successiva·
321 480 538 565 intelligitur,
584 491 684 574 uippe
712 490 799 574 quod
826 513 888 556 oon
918 493 1013 560 habet
1040 496 1074 559 in
1102 495 1202 561 rebus

129 574 192 618 esse
214 555 328 634 fixum,
352 564 407 629 sed
430 567 542 633 lluens.
560 509 675 646 (boare
698 582 806 656 partes
833 576 987 662 temporis
1016 579 1061 643 ita
1092 599 1202 644 seeum

128 637 336 734 copulantur,
360 658 397 711 ut
418 671 481 713 uua
504 651 597 717 alteri
621 654 782 720 succedat.
806 653 902 731 Illud,
918 678 985 803 spuo
1002 670 1109 743 partes
1124 673 1203 725 tem-

129 738 218 815 poris
241 741 350 789 secum
372 733 584 816 copulantur,
607 735 738 822 aliquod
762 736 963 804 indivisibie
991 761 1060 806 esse
1085 741 1202 807 intelli-

129 811 228 898 gitur,
251 815 348 892 atque
370 823 418 878 est
442 815 487 890 id,
510 816 598 900 quod
623 829 758 883 vocatur
779 839 873 893 nunc,
895 822 963 886 sive
979 826 1123 898 s'nstcns3
1145 824 1201 887 hoc

128 902 229 980 euim,
253 907 328 954 cum
351 893 393 958 sit
414 895 488 961 finis
515 902 710 982 praeteriti,
732 922 769 964 ac
793 901 924 967 initium
948 903 1078 980 futuri,
1101 905 1199 970 veluti

128 973 302 1052 utriusque
324 985 509 1042 extremum
526 981 628 1046 intelli
656 984 735 1057 itur,
750 981 900 1067 ideoque,
919 985 1055 1069 perinde
1069 1007 1107 1051 ac
1123 1009 1202 1073 pun·

128 1057 227 1125 ctum,
252 1053 339 1134 quod
361 1068 409 1125 est
430 1072 617 1128 extremum
632 1003 744 1130 dionae
766 1064 970 1132 indivisibile
992 1080 1041 1133 est
1056 1069 1078 1128 ¹.

167 1125 201 1190 2⁰
224 1131 389 1208 Quoniam
412 1164 468 1206 ens
489 1147 706 1210 successivum
742 1147 850 1230 plures
884 1162 992 1233 partes
1019 1150 1118 1214 simul
1150 1150 1202 1213 lsa-

129 1205 206 1306 bere
228 1230 400 1314 repugnat,
419 1224 492 1289 ideo
515 1227 610 1302 illud,
624 1227 710 1312 quod
732 1239 781 1293 est
802 1227 888 1293 reale
904 1230 935 1294 in
954 1244 1112 1316 tempore,
1129 1251 1201 1295 con-

129 1303 213 1388 sistit
235 1319 268 1360 ru
293 1306 435 1369 instanti.
462 1308 531 1372 Hoc
553 1321 662 1374 autem
697 1311 836 1385 instans,
866 1322 901 1376 ut
922 1334 948 1376 s.
973 1313 1112 1377 Thomas
1133 1334 1204 1375 mn-

130 1383 200 1469 ntlll
216 1376 243 1454 ²,
266 1397 401 1450 nonest
424 1389 672 1474 intelligendum
701 1392 801 1457 veluti
825 1414 932 1464 nunc,
954 1393 1040 1478 qnod
1064 1395 1204 1458 invaria-

130 1451 244 1548 luliter
266 1478 386 1540 manet,
403 1471 458 1534 sod
476 1471 576 1538 veluti
599 1494 693 1546 nunc,
707 1473 793 1557 qnod
811 1475 1016 1541 variabiliter
1037 1476 1077 1540 de
1098 1477 1203 1560 priori

129 1557 163 1598 ln
187 1547 350 1624 posterius
383 1547 472 1627 ssnit,
496 1575 554 1618 sen
583 1553 683 1619 veluti
712 1553 860 1639 aliquid,
887 1558 997 1641 quod,
1019 1557 1096 1622 dum
1121 1555 1203 1622 idem

129 1623 237 1702 quoad
259 1626 473 1697 substantiam
508 1648 638 1708 manet,
662 1638 694 1699 in
719 1648 785 1701 toto
811 1635 952 1702 decursu
980 1639 1136 1723 temporis
1159 1660 1205 1702 se·

129 1701 272 1770 cundum
305 1712 436 1777 modum
471 1717 585 1781 uariat.
611 1718 696 1782 llinc
719 1728 847 1802 tempus
879 1719 921 1782 ab
947 1722 1063 1785 eodem
1095 1731 1204 1785 sancto

130 1781 268 1854 Doctoro
290 1789 413 1860 dicitur
434 1796 530 1868 etiam
555 1800 663 1876 [lituus
684 1802 787 1884 ipsius
812 1821 912 1874 nunc,
934 1803 1104 1866 secundum
1127 1801 1206 1888 quod

129 1863 302 1965 alternatur
332 1877 453 1940 ratione
476 1881 498 1942 ³.
523 1881 612 1944 Hunc
644 1879 687 1946 ob
716 1883 875 1946 rationem
908 1893 1038 1970 tempus
1057 1885 1090 1948 iu
1114 1905 1207 1970 prae·

130 1961 211 2015 senti
235 1954 334 2020 etiam
357 1960 532 2026 invenitur.
557 1963 690 2029 Scilicet
717 1965 751 2027 in
772 1966 947 2047 praesenti,
969 1967 997 2031 si
1021 1967 1054 2030 in
1076 1986 1110 2030 se
1134 1987 1207 2051 spe·

129 2039 246 2111 cletus,
269 2046 397 2123 tempus
419 2061 478 2125 per
498 2065 531 2108 se
556 2065 618 2108 non
642 2045 820 2120 iuvenitur,
840 2046 919 2141 quia
943 2046 978 2110 in
1000 2049 1160 2132 cuprius,
1176 2057 1206 2111 el

128 2119 291 2196 posterius
316 2141 378 2185 non
404 2137 618 2191 numerantur
633 2129 658 2200 ⁸,
682 2125 736 2190 sed
757 2127 925 2192 invenitur
952 2149 995 2192 ex
1022 2149 1087 2205 eo,
1116 2127 1205 2213 quod

129 2199 355 2288 praeteritum,
371 2216 402 2270 et
423 2203 571 2272 futurum
588 2209 622 2272 in
639 2209 709 2293 ipso
723 2207 919 2293 copulantur
939 2211 1064 2275 ratione
1087 2213 1207 2274 instan-

129 2285 186 2350 us,
209 2279 313 2364 quod,
335 2304 409 2349 cum
432 2288 473 2356 sit
494 2288 568 2354 linis
590 2289 787 2376 praeteriti,
807 2300 904 2375 atque
928 2292 1060 2356 initium
1086 2290 1205 2366 futuri,

166 2540 175 2576 ¹
199 2559 210 2587 ι
232 2537 360 2592 Eiusdem
381 2544 510 2604 rationis,
532 2547 616 2610 inquit
636 2561 660 2598 s.
679 2544 814 2606 Thomas,
834 2552 875 2598 est
894 2550 999 2611 tempus
1022 2552 1154 2613 componi
1174 2565 1206 2599 ex

129 2626 211 2735 nouae,
232 2619 258 2735 eli
279 2616 376 2666 lineam
396 2631 427 2667 ox
447 2620 554 2681 punctis
575 2639 599 2678 η
622 2623 651 2669 ln
671 2620 714 2671 ut.
736 2621 848 2680 isene,
868 2617 935 2670 Dist.
957 2618 1093 2681 xxxvii,
1107 2637 1137 2686 q.
1155 2620 1204 2679 tlt,

130 2697 156 2733 a.
214 2701 264 2736 so.

167 2755 180 2792 ²
201 2759 295 2822 Opusc.
316 2756 409 2814 xilv.

167 2828 178 2864 ³
198 2831 263 2881 totu.
285 2829 389 2882 Dicitur
407 2837 544 2884 sesualdum
558 2839 626 2900 quod
637 2836 783 2886 wei-nutus·
801 2840 914 2892 suttune,
934 2837 996 2900 qula
1016 2839 1152 2888 connexio
1171 2841 1211 2890 in·

132 2903 226 2950 stantis
245 2917 307 2952 cum
328 2907 483 2966 praeterito,
504 2913 531 2957 et
550 2922 613 2957 cum
633 2907 725 2958 futuro
737 2908 771 2957 ab
784 2909 924 2959 intellectu
938 2910 1055 2971 punitum
1074 2911 1209 2973 siquidem

130 2973 200 3022 inter
220 2974 268 3031 ld,
290 2976 360 3037 quod
380 2977 407 3026 in
427 2991 516 3028 rerum
537 2985 630 3030 natura
651 2985 712 3044 est,
732 2994 828 3044 nempe
848 2983 960 3040 lustaus,
979 2986 1007 3031 et
1026 2996 1069 3041 cs,
1088 2996 1163 3045 quae
1182 2987 1210 3032 in

130 3045 188 3107 ipsa
208 3058 260 3094 non
280 3053 352 3106 siunt,
374 3050 477 3100 scilicet
493 3056 663 3115 prestes-tuam
680 3057 708 3102 et
726 3053 853 3115 suturam,
874 3055 964 3110 realis,
977 3055 1209 3117 atqueobiectisa

131 3119 260 3167 connexio
280 3119 392 3171 existere
413 3135 465 3173 non
484 3128 583 3186 potest.
603 3122 672 3174 ilino
691 3125 761 3174 ldem
781 3129 889 3175 sanctus
908 3121 1007 3174 [luctor
1020 3132 1110 3177 mouet
1132 3141 1210 3178 men·

131 3191 294 3240 snratlonem
314 3193 428 3254 prioris,
448 3199 476 3244 et
495 3197 650 3258 posterioris
672 3209 732 3248 esse
753 3198 908 3255 actionem,
928 3211 998 3261 quas
1020 3217 1032 3243 ι
1053 3200 1211 3262 completur

131 3262 158 3311 in
176 3264 331 3319 operatione
349 3266 455 3316 nnlrnae
474 3270 640 3320 numerantis
661 3287 673 3313 s
694 3265 739 3334 (ln
758 3269 803 3319 ltu.
820 3271 833 3318 l
844 3271 928 3327 Sanc,
948 3267 1012 3319 urst.
1033 3266 1107 3329 xlx,
1127 3287 1158 3336 q.
1174 3269 1209 3330 ll,

131 3346 157 3382 a.
181 3335 191 3383 l
215 3331 290 3404 snt).
306 3331 376 3388 Cass
396 3343 485 3390 tamen
504 3353 538 3390 ne
558 3342 619 3391 inda
638 3341 736 3391 interas
754 3343 889 3392 uotlonem
909 3342 1037 3403 tsmporls
1054 3355 1114 3393 esse
1135 3356 1210 3393 mers

132 3407 319 3466 sullectinum,
339 3423 402 3461 nam
421 3425 475 3472 res,
496 3427 563 3476 quas
582 3427 630 3462 nos
642 3412 669 3463 in
683 3420 803 3476 tompore
815 3425 873 3464 esse
886 3414 1071 3477 lntelllgimus,
1085 3415 1112 3465 ln
1127 3430 1211 3466 muu-

132 3477 166 3526 do
186 3477 221 3526 ita
241 3485 302 3529 sunt
322 3481 475 3546 dtsposttae,
495 3489 525 3534 ut
544 3498 596 3534 una
617 3485 695 3535 altari
714 3485 851 3536 succedat.

169 3545 181 3586 ⁴
200 3548 224 3596 ld
244 3551 293 3603 sihi
312 3554 395 3603 voluit
414 3569 437 3604 s.
451 3554 626 3619 Augustinus,
645 3571 709 3608 enm
728 3560 776 3607 alt:
793 3577 805 3602 ι
823 3555 959 3614 Praesens,
973 3557 995 3605 sl
1008 3570 1117 3621 semper
1137 3563 1209 3608 esset

133 3630 268 3687 praeseus,
290 3623 503 3683 lausonensi
523 3634 639 3694 tempus,
658 3630 706 3686 sed
725 3629 869 3682 aeternitas
884 3647 910 3695 a,
932 3629 1060 3694 contest„
1081 3631 1139 3684 loo.
1159 3633 1209 3687 ou.
