2475 3909
156 180 198 247 48
549 190 751 239 nuniciii

158 280 229 345 tao.
254 275 446 341 Potissimae
467 273 667 338 dilemmatis
688 273 777 357 leges
797 272 856 337 hae
876 282 962 337 sunt:
984 272 1132 336 Primum
1155 292 1189 337 o·
1218 347 1219 358 χ

119 370 226 444 portet
247 358 391 443 partium
412 354 665 418 disiunctionem
689 354 849 438 integram
870 374 955 426 esse,
978 375 1018 417 ne
1039 354 1189 417 adversa·
1218 363 1219 380 ¹

120 441 212 512 rius,
235 435 382 522 negando
403 432 618 508 antecedens,
643 434 801 499 elabatur.
827 433 973 500 &cundo
995 435 1189 517 requiritur,

117 531 155 585 ut
178 519 224 596 id,
248 518 334 604 quod
357 517 397 581 de
421 516 538 611 quavis
560 525 650 598 purte
672 515 890 590 concluditur,
913 517 1094 579 necessario
1115 536 1192 579 ron·

121 600 289 676 cludatur,
312 600 458 692 alioquin
481 594 686 690 adversarius
708 607 810 680 posset
835 607 1024 679 retorquere
1038 595 1192 661 dilemma
1219 667 1220 680 χ

118 682 153 745 iu
179 682 286 757 illum,
307 680 365 764 qui
389 698 461 763 ipso
482 685 598 741 utitur.

275 800 481 857 Asuvi-iis
501 816 562 852 vera
583 808 678 852 natnia
698 804 858 854 inductionis
877 802 1055 865 incompletae

163 916 309 981 illlam
325 910 525 977 ostendimus
541 910 762 976 inductionem
777 931 846 975 esse
861 908 1109 992 argumentandi
1126 908 1191 974 lor·

119 1018 205 1062 inam
221 1018 238 1060 a
254 994 440 1081 syllogismo
454 992 616 1057 diversam
629 992 652 1052 ¹.
669 990 717 1054 ild
741 992 814 1055 eius
835 1001 984 1056 naturam
1006 991 1112 1073 magis
1134 1014 1189 1057 ex·

142 1077 312 1143 lanandam
341 1084 470 1158 oporiet
496 1092 661 1159 exponere
690 1071 889 1148 discrimen,
914 1069 1001 1155 quod
1035 1073 1121 1135 inter
1144 1076 1190 1137 in·

118 1098 310 1223 ductionem
333 1155 526 1239 completum,
548 1165 645 1239 atque
666 1153 881 1236 incomplutam
904 1151 1085 1217 intercedit.

159 1240 229 1304 iau.
253 1236 401 1303 luductio
423 1256 493 1299 coin
519 1232 790 1313 leta,sccundum
812 1244 956 1298 recentes
976 1232 1128 1317 Logicos,
1151 1257 1188 1299 ea

118 1332 177 1397 esi,
202 1322 236 1383 in
257 1319 351 1383 cuius
377 1254 579 1384 antecedenti
601 1324 815 1379 numerantur
836 1335 947 1378 omnes
969 1335 1021 1378 res
1042 1318 1096 1380 sin
1121 1316 1188 1381 nla-

118 1422 183 1477 res,
205 1420 288 1497 quae
312 1400 411 1464 alicui
434 1400 581 1484 speciei,
605 1398 656 1463 vel
678 1416 789 1460 omnes
812 1396 960 1490 species,
983 1416 1067 1489 quae
1088 1336 1189 1461 dicut

119 1502 231 1566 generi
255 1479 488 1557 subiiciuntur,
516 1482 563 1544 ita
585 1490 623 1543 ιιι
645 1480 679 1541 in
701 1479 907 1541 conclusione
936 1486 1131 1542 enuncietur
1153 1479 1190 1543 de

120 1573 187 1627 toto
211 1559 348 1647 aliquid,
371 1560 458 1645 quod
483 1563 515 1625 iu
538 1559 739 1624 antecedenti
760 1558 800 1622 de
821 1556 974 1623 omnibus
995 1569 1028 1624 et
1048 1558 1188 1644 singulis

119 1642 268 1727 partibus
300 1642 518 1725 cognoscitur.
541 1641 690 1705 Inductio
713 1639 921 1724 incompleta,
945 1640 1090 1724 ipsorum
1121 1664 1190 1706 sen-

118 1724 245 1799 tentia,
278 1743 317 1785 ea
337 1732 409 1799 est,
443 1724 537 1786 cuius
564 1720 756 1788 antecedens
784 1722 944 1803 integram
971 1720 1189 1805 singularium

119 1824 246 1881 rerum,
270 1813 327 1867 aut
349 1803 532 1888 specierum
555 1804 839 1868 enumerationem
862 1821 925 1864 non
948 1802 1190 1884 complectitur,

118 1892 151 1950 et
172 1905 214 1949 ex
235 1885 294 1949 hac
321 1906 434 1948 manca
455 1885 598 1969 partium
630 1882 875 1948 enumeratione
897 1880 1023 1966 aliquid
1057 1884 1090 1947 in
1115 1906 1189 1949 con·

119 1965 264 2031 elusione
285 1964 325 2031 de
347 1976 413 2033 toto
436 1968 643 2031 enunciatur.

160 2046 230 2110 123.
255 2047 320 2111 Nos
341 2066 405 2112 non
428 2046 605 2111 diffitemur
625 2048 664 2109 in
679 2043 945 2120 inductionibus,
968 2043 996 2106 si
1018 2064 1076 2108 eae
1102 2048 1190 2111 exci-

119 2126 276 2211 piantur,
299 2128 436 2211 quaein
459 2127 604 2191 scientiis
626 2125 861 2200 mathematicis
883 2123 1088 2201 adhibentur,
1113 2148 1189 2190 enu-

119 2208 331 2271 merationem
354 2208 497 2292 partium
518 2207 700 2293 integram,
723 2219 755 2271 et
776 2206 904 2290 plenam
937 2216 1012 2270 actu
1033 2227 1104 2272 esse
1127 2230 1189 2271 non

122 2306 227 2371 posse,
250 2288 328 2370 quia
342 2287 427 2352 liand
443 2286 595 2372 possibile
609 2298 658 2353 est
672 2307 864 2354 enumerare
879 2296 1010 2353 cunctas
1024 2308 1087 2363 res,
1105 2310 1188 2373 quae

119 2368 160 2432 ad
182 2367 315 2452 aliquod
330 2388 446 2465 genus,
460 2369 511 2435 vel
526 2368 567 2433 ud
582 2371 726 2454 aliquam
740 2368 883 2451 speciem
899 2370 1072 2463 pertinent;
1088 2390 1122 2433 e.
1139 2391 1188 2454 g.,

119 2448 207 2514 haud
228 2449 383 2534 possibile
405 2459 455 2515 est
474 2451 584 2515 omnia
607 2472 744 2536 corpora
764 2449 924 2543 experiri,
944 2459 983 2515 ut
1002 2470 1096 2514 omne
1121 2472 1190 2514 eor·

119 2551 181 2616 pus
203 2550 300 2615 grave
322 2552 390 2597 esse
412 2530 636 2597 concludatur.
652 2537 695 2597 ili
716 2550 794 2594 vero
808 2529 954 2596 inductio
976 2532 1186 2615 incompleta,

118 2633 157 2676 eu
181 2613 316 2687 ratione,
338 2632 403 2697 qua
424 2634 442 2675 a
465 2613 625 2678 recontibs
645 2613 777 2697 Logicis
803 2613 1000 2697 explicatur,
1024 2624 1189 2708 quatenus

119 2714 193 2757 nem
256 2714 298 2756 ex
320 2714 433 2757 manca
455 2695 596 2779 partium
618 2694 874 2769 enumeratione,
895 2713 980 2775 quae
1001 2703 1049 2756 uti
1074 2714 1188 2757 manca

117 2712 323 2856 intelligitur,
339 2775 520 2860 quidquam
536 2775 680 2859 legitime
695 2774 888 2839 concludere
907 2774 1018 2856 possit,
1035 2774 1188 2839 reiicien-

118 2855 159 2919 da
181 2866 240 2930 est,
262 2856 341 2937 quia
365 2856 436 2951 ipsa
456 2857 647 2921 adversatur
667 2856 862 2941 praecipuae
881 2854 946 2938 legi
970 2856 1189 2921 ratiocinatio-

117 2938 179 3013 nis,
191 2954 274 3021 quae
296 2944 408 3003 statuit
427 2947 465 3003 ut
486 2936 651 3002 conclusio
673 2935 814 3021 amplior
834 2936 1024 3033 praemissis
1045 2957 1110 3000 non
1133 2939 1185 3001 sit.

117 3018 161 3083 Ei
181 3037 268 3093 sane,
291 3016 326 3078 iii
346 3019 552 3083 conclusione
567 3018 703 3083 huiusce
717 3015 918 3082 inductionis
937 3017 1134 3081 enunciatur
1148 3018 1187 3081 de

117 3107 184 3164 toto
206 3095 344 3182 aliquid,
366 3100 454 3182 quod
475 3101 510 3163 iii
530 3098 732 3164 antecedenti
754 3096 793 3161 de
815 3096 978 3177 omnibus,
993 3107 1026 3163 et
1046 3098 1187 3183 singulis

118 3178 265 3265 partibus
298 3198 361 3242 non
393 3180 608 3265 cognoscitur.
631 3178 732 3264 atqui
766 3186 871 3243 totum
891 3190 939 3244 est
970 3179 1186 3244 universalius

118 3259 278 3358 partibus,
293 3279 384 3354 'quae
407 3264 472 3327 inte
502 3280 550 3358 'ae
572 3260 658 3327 haud
681 3270 765 3357 sunt.
787 3262 876 3346 Ergo
903 3260 1069 3325 conclusio
1090 3260 1187 3324 huius

120 3342 318 3407 inductionis
340 3352 388 3407 est
411 3364 485 3428 amp
500 3363 551 3407 ior
572 3362 771 3429 praemissis.

160 3423 230 3489 tut.
253 3424 365 3508 ltaque
387 3422 593 3488 statuendum
614 3434 680 3498 est,
702 3423 829 3507 quoties
850 3426 884 3489 in
906 3422 1092 3489 inductione
1114 3443 1187 3506 par·

156 3615 164 3647 i
186 3608 221 3663 ci
236 3624 263 3674 p.
284 3610 378 3661 asia.
