2475 3909
365 161 551 207 rueouocra
574 161 759 209 utrumuis
991 141 1053 206 417

21 245 137 311 solum
152 243 306 329 intelligit
319 265 400 319 rem,
412 244 468 309 sed
484 266 542 331 per
557 245 741 312 facultatem
756 245 790 309 in
805 245 943 328 seipsam
956 242 1093 308 redeun-

24 329 77 403 di,
102 347 166 412 qua
190 325 300 411 pollet,
324 327 478 412 intelligit
499 328 751 395 intellectionem
774 327 834 402 rei;
856 346 898 390 ex
917 325 1042 408 quolit,
1059 338 1093 393 ut

26 429 98 472 raon
134 408 237 474 solum
271 409 425 474 scientiae
447 431 555 474 rerum
577 412 741 487 existant,
764 407 939 474 sedetiam
961 409 1092 473 scientia

26 490 227 574 cognitionis
248 510 358 557 rerum
380 493 493 556 confici
515 495 628 578 possit.
657 490 825 568 Secundo,
849 490 1023 556 intellectio
1045 489 1094 554 di-

27 573 215 656 stinguitur
235 571 276 634 ah
298 573 474 651 intellectu,
488 575 556 639 sive
572 597 590 640 a
604 575 751 640 subiecto
769 582 992 658 cognoscente,
1015 575 1093 658 quia

26 656 59 718 si
84 654 266 718 intellectus
287 653 375 720 idem
395 666 478 722 esset
498 677 573 720 cnm
589 657 818 734 intellectione,
835 656 904 740 ipse
918 676 1094 740 numquam

34 739 70 799 io
95 737 251 819 potentia,
274 736 329 800 sed
351 759 476 825 semper
491 739 525 802 in
539 751 612 805 actu
634 738 730 815 ioret,
754 739 813 804 hoc
828 750 888 816 est,
903 758 1032 823 semper
1044 757 1095 802 co·

27 828 205 902 gnosceret
217 818 376 904 quidquid
392 822 568 905 cognoscit,
584 843 687 907 neque
702 842 844 906 unquam
866 839 964 884 novas
985 821 1095 904 cogni·

30 904 139 964 tiones
164 900 361 984 adquireret.
384 902 518 979 Tertio,
540 903 722 970 intellectus
750 924 825 968 are
849 902 1009 969 intellecta
1032 901 1096 967 dis-

28 981 251 1057 criminatur,
274 985 396 1069 quippe
418 982 505 1069 quod
526 1006 577 1050 res
598 985 760 1053 intellecta
791 995 840 1051 est
871 985 1094 1072 principium,

30 1085 94 1149 per
114 1063 202 1147 quod
225 1068 334 1130 anima
355 1087 426 1130 cam
447 1067 600 1154 intelligit
613 1070 637 1131 ¹.

73 1143 111 1210 3⁰
134 1147 170 1202 To
189 1146 257 1227 Epo
272 1167 392 1231 porum
408 1148 544 1222 Fichtei,
568 1151 720 1215 identitas
735 1149 873 1214 absoluta
893 1147 1094 1232 schellingii,

32 1240 69 1292 et
91 1228 169 1291 Ideo
191 1229 341 1314 Heghelii
358 1231 496 1294 maxime
511 1231 651 1296 ahsurda
673 1243 757 1297 sunt.
781 1232 829 1297 Re
851 1231 984 1318 quidem
1005 1251 1094 1303 vera,

32 1329 127 1402 mens
150 1322 282 1386 nostra,
305 1312 437 1376 Fichteo
465 1312 624 1392 docente,
648 1333 708 1410 ope
734 1313 958 1379 abstractionis
984 1311 1023 1377 ad
1045 1333 1097 1394 eqo

23 1412 111 1476 pure
134 1394 379 1477 conceptionem
401 1395 555 1463 ascendit.
580 1401 680 1481 Atqur
700 1416 794 1460 nemo
809 1397 860 1460 vel
875 1397 909 1460 in
923 1394 1027 1481 logica
1043 1415 1098 1458 no

35 1474 140 1538 vitius
161 1474 290 1557 ignorat
309 1474 557 1543 abstractionem
574 1498 637 1541 non
652 1497 743 1562 posse
766 1477 879 1544 confici
903 1481 972 1542 sinc
995 1475 1100 1543 subie-

31 1566 102 1631 cto,
126 1555 216 1701 quod
237 1554 328 1638 illam
350 1555 500 1654 conficit,
522 1573 555 1627 et
577 1560 727 1635 ohiecto,
750 1562 836 1625 circa
861 1558 947 1646 quod
970 1557 1100 1654 confici3

32 1651 102 1701 tur.
156 1657 215 1722 rgo
236 1657 285 1694 του
299 1657 350 1719 epo
366 1659 441 1724 puri
456 1643 626 1728 conceptio
646 1662 804 1726 exurgere
819 1662 882 1706 non
898 1651 1013 1726 potest,
1036 1661 1098 1705 nisi

31 1719 187 1794 subiecti,
200 1728 308 1806 „atque
331 1719 451 1786 ohiecti
477 1726 608 1789 realitas
660 1726 879 1791 raestituatur.
903 1724 1003 1870 Atqui
1024 1743 1098 1786 cou-

30 1802 148 1886 ceptio
167 1818 216 1859 aaa
239 1823 291 1884 epo
309 1803 401 1885 puri,
423 1805 600 1881 secundum
652 1805 809 1882 ichteum,
831 1805 952 1890 quamli
978 1817 1009 1872 et
1031 1817 1098 1870 tum

32 1882 186 1958 obiecti,
208 1893 278 1949 tum
301 1885 404 1968 ipsius
426 1887 562 1954 suhiecti
584 1889 915 1974 repraesentationem
941 1887 1096 1952 excludit.

32 1969 129 2050 Ergo
151 1964 302 2050 chhteus
332 1969 471 2056 turpiter
491 1972 553 2035 sihi
579 1969 794 2044 contradicit,
817 1991 891 2034 cum
917 1970 1100 2054 conceptio·

32 2069 114 2113 nem
135 2065 183 2106 του
204 2067 255 2131 epo
275 2050 352 2132 pori
373 2050 473 2116 veluti
495 2055 561 2118 suis
581 2053 747 2141 paternalis
771 2051 1016 2117 tundamentum
1045 2071 1100 2136 po-

34 2131 100 2195 nit.
124 2129 307 2194 Absolutum
329 2142 454 2209 autern,
477 2155 495 2197 a
516 2157 582 2232 quo
601 2134 815 2219 schellingius
837 2154 1027 2279 supremum
1048 2153 1099 2196 co·

34 2212 198 2296 guitiouis
219 2212 377 2279 humanae
400 2217 597 2303 principium
621 2217 761 2293 derivat,
784 2227 833 2282 est
854 2214 991 2302 aiquid,
1013 2213 1100 2299 quod

34 2315 131 2389 mens
152 2315 211 2379 per
222 2298 436 2361 remotionem
457 2301 562 2365 omnis
584 2301 756 2374 realitatis,
773 2318 886 2384 nempe
901 2318 960 2444 per
980 2295 1102 2361 ahstra-

34 2386 180 2441 ctionem
202 2376 243 2441 ah
264 2375 456 2453 ohiecto,·ht
470 2382 616 2447 suhiecto
641 2383 672 2446 in
694 2402 727 2446 se
749 2390 898 2464 contemp
912 2389 998 2454 atur,
1013 2388 1045 2442 et
1059 2379 1101 2440 si-

34 2457 110 2522 mul
131 2468 180 2522 est
200 2458 428 2540 realissimum,
451 2464 528 2546 quia
551 2462 632 2528 illud
654 2484 717 2526 nou
739 2464 843 2526 solum
864 2462 969 2554 reale,
993 2460 1047 2524 sed
1070 2481 1102 2522 e·

33 2542 119 2606 tiam
140 2552 239 2606 totam
253 2541 445 2620 realitatem,
457 2556 491 2610 et
504 2544 628 2612 sontem
649 2546 754 2609 omnis
768 2542 925 2609 realitatis
946 2562 1013 2606 esse
1029 2562 1103 2605 con-

34 2619 155 2689 tendit.
171 2626 271 2707 Atqui
293 2624 386 2704 illud,
401 2625 488 2711 quod
510 2650 551 2693 ex
572 2629 750 2692 remotione
772 2624 907 2691 suhiecti
930 2635 962 2689 et
983 2622 1100 2687 obiecti

35 2705 184 2789 exurgit,
205 2707 284 2850 qpin
306 2707 377 2772 tons
400 2710 554 2776 realitatis
576 2711 632 2786 sit,
649 2718 697 2775 est
713 2706 855 2794 privatio
876 2703 1026 2781 absoluto,
1044 2725 1102 2769 seu

184 2807 218 2852 m

37 2806 163 2849 merum
241 2787 276 2851 il.
300 2789 387 2874 Ergo
408 2790 562 2859 identitas
583 2791 729 2857 absoluta
750 2787 939 2934 schellingii
968 2788 1103 2852 manile-

36 2880 124 2936 stam
139 2867 271 2935 exhihet
285 2871 581 2941 contradictionem.
594 2871 790 2959 Denique‚si
807 2869 897 2936 Schel
914 2871 1022 2955 ingius
1037 2881 1103 2935 tur-

38 2952 131 3040 piter
151 2949 216 3016 sihi
236 2952 445 3030 contradixit,
461 2978 534 3022 com
548 2955 751 3032 Absolutum,
767 2952 855 3039 qood
871 2971 959 3016 mens
982 2973 1039 3036 per
1056 2972 1104 3015 re-

38 3031 217 3099 motionem
238 3036 343 3099 omnis
366 3037 521 3104 realitatis
535 3040 568 3104 in
582 3061 616 3104 se
638 3035 888 3122 contemplatur,
905 3035 938 3098 iu
954 3035 1019 3098 Eos
1036 3054 1105 3096 rea-

80 3271 89 3306 ¹
110 3266 181 3318 llaec
199 3269 333 3318 distinctio
361 3270 429 3317 inter
455 3268 604 3315 subtectum
627 3269 794 3329 totctligaos,
814 3270 842 3315 et
862 3279 917 3314 rem
938 3265 1102 3314 intellectum

38 3353 103 3396 tum
121 3354 226 3403 quoque
245 3344 332 3389 locum
352 3339 441 3396 hahet,
461 3340 617 3388 observante
641 3338 770 3388 belmesio
790 3335 882 3402 (nne.
902 3339 1034 3400 luridam„
1055 3333 1104 3382 lib.

41 3417 63 3474 t,
86 3429 113 3464 c.
133 3414 161 3469 8,
182 3419 197 3472 s
215 3413 320 3477 tlt-os),
341 3427 403 3462 curn
423 3427 497 3460 meos
516 3414 649 3472 seipsam,
670 3423 787 3474 suasque
810 3413 929 3462 actiones
948 3407 1104 3472 cognoscit,

41 3493 101 3552 ipsa
121 3488 192 3536 enim
210 3498 239 3534 sc
257 3487 357 3534 diversa
378 3488 479 3534 ratione
498 3485 620 3534 allectam
640 3485 784 3547 cognoscit,
803 3487 831 3534 et
850 3495 889 3540 se,
903 3488 1038 3545 tamquam
1061 3480 1107 3528 oh-

41 3565 146 3612 isctum
163 3559 318 3620 cognitum,
339 3559 407 3618 sibi,
429 3565 564 3620 tamquam
583 3557 704 3607 subiecto
723 3557 911 3618 cognoscenti,
931 3555 1052 3617 opponit.
1074 3547 1109 3602 Ct

40 3649 65 3686 s.
90 3631 169 3692 hog..
190 3633 228 3680 De
247 3633 329 3690 Tris„
351 3632 397 3681 lib.
415 3627 488 3690 «xlv,
510 3631 536 3686 5,
557 3635 583 3679 et
603 3631 630 3678 tt.

119 3722 223 3774 Paltos.
237 3717 345 3775 Cutttsr.
361 3721 536 3787 Compeodll.
907 3720 965 3771 27⁶
