2475 3909
151 149 213 216 231
512 167 764 216 cnrrnnronoom

112 269 219 316 mores
239 248 406 315 bominum
429 257 493 313 tem
517 262 661 316 erootur.
679 250 716 315 E.
735 270 779 333 g,
801 248 969 315 moraliter
990 258 1112 314 certum
1127 254 1175 312 est

111 330 226 398 Persas
240 330 280 394 ab
295 328 480 396 Alexandro
495 270 597 398 fuisse
612 328 799 397 debellatos.
822 330 890 397 Iam
905 353 977 418 pers
1002 331 1110 396 icuum
1126 340 1176 395 est

111 412 341 480 certitudinem
363 412 610 509 metaphysicam
631 413 792 479 eiusmodi
814 434 897 489 esse,
912 424 948 480 ut
969 350 1059 478 iiiios
1073 432 1174 497 oppo-

110 497 210 562 situm
231 496 274 560 sit
293 494 435 572 abscisae,
448 494 662 580 impossibiie,
686 497 764 581 quia
785 516 837 561 res
857 496 1005 561 essentiis
1027 494 1095 561 suis
1114 515 1173 559 ex-

110 578 230 675 poliari
258 588 442 661 nequeunt;
469 575 772 677 certitudinisnvero
796 578 959 675 physicae,
977 586 1021 673 'et-
1040 573 1174 641 morsiis

109 656 1171 831 1111111111111111111111111111111111

219 790 228 818 s
448 763 453 780 ¹
770 768 780 809 l
1080 788 1088 803 .

317 878 428 931 Annii.
444 878 627 946 —Quaenam
646 883 698 933 sint
717 884 835 933 veritatis
855 883 960 933 criteria

149 998 179 1061 9.
203 994 429 1068 instrumente,
449 992 569 1079 quibus
590 994 718 1078 assequi
742 1012 912 1077 possumus
933 1006 1036 1061 certes
1056 992 1096 1057 de
1119 1016 1173 1061 ve-

110 1075 262 1141 ritatibus
283 1075 501 1158 cognitiones,
547 1086 596 1140 ost
623 1096 755 1161 graecos
776 1076 922 1154 criterio,
946 1097 1004 1141 seu
1025 1096 1172 1141 cnorum

110 1158 302 1222 indiciorum
322 1156 443 1239 reperior
464 1157 497 1220 in
552 1157 633 1222 boiis
655 1158 838 1224 vocitantur
851 1158 876 1234 ²,
900 1166 1071 1244 propterea
1108 1158 1173 1224 uoti

109 1262 223 1307 eorum
243 1259 328 1322 ope,
345 1237 431 1323 quid
454 1260 567 1306 verum
593 1241 635 1306 sit
661 1240 695 1305 in
722 1259 916 1325 unaquaque
937 1260 991 1316 re,
1014 1180 1174 1307 (11111111-

110 1336 164 1388 tur
178 1325 202 1399 ⁸,
224 1333 321 1417 atque
348 1322 493 1406 ipsorum
521 1325 571 1387 vis
593 1324 774 1399 rationem,
797 1322 839 1387 ob
867 1343 966 1469 tuam
987 1322 1028 1390 de
1049 1333 1173 1389 nostro-

109 1426 183 1471 rum
204 1402 404 1470 iudiciorum
426 1405 561 1473 veritate
582 1406 663 1471 certi
685 1425 808 1481 sumus,
831 1426 872 1470 ex
895 1405 974 1471 ibet.

145 1618 155 1653 ¹
177 1612 312 1666 certitudo
338 1613 465 1669 moratis,
484 1612 516 1660 de
535 1625 587 1674 qna
613 1610 656 1659 bic
677 1609 830 1675 loquimur.
859 1610 1042 1663 confundenda
1061 1620 1173 1665 nonest

111 1703 173 1740 cnm
193 1690 249 1745 itia,
270 1702 338 1752 qnae
357 1686 443 1735 iatiort
463 1682 653 1747 significatione
673 1684 815 1745 accipitur,
829 1689 909 1747 sique
928 1686 1035 1735 denotat
1054 1686 1172 1749 aiiqnam

108 1773 216 1826 gravem
235 1760 464 1822 probabilitatem,
484 1768 553 1819 quae
572 1756 604 1805 ad
625 1762 741 1815 rectam,
763 1756 972 1821 prudentemque
990 1758 1172 1820 operationem

110 1838 170 1885 tneo
188 1833 355 1883 certitudinis
374 1830 463 1879 baberi
484 1832 580 1892 potest.

144 1906 156 1943 ²
175 1900 212 1957 Gi
227 1902 298 1955 Sext.
318 1902 410 1965 timp..
426 1902 538 1966 lippari.
559 1902 658 1964 Pyrri.
679 1900 737 1951 iibri
758 1906 821 1959 tres,
842 1900 949 1963 passim.

44 2018 49 2029 .
144 1976 205 2028 ⁸in
224 1978 275 2029 bac
293 1980 391 2027 eriserit
409 1978 515 2027 notione
536 1973 660 2022 tradenda
681 1979 784 2024 veteres
805 1974 940 2035 potitiores
963 1973 1123 2037 pbiiosopbi,
1144 1978 1172 2025 ni

109 2050 238 2107 tsiiimur,
257 2052 446 2099 convenerunt.
468 2043 563 2095 Sextus
580 2047 650 2093 enirn
676 2042 827 2107 Empiricos
846 2043 972 2112 (repperi.
994 2048 1102 2111 Pyrri..
1123 2047 1172 2097 iib.

110 2120 132 2180 i,
152 2137 178 2174 c.
200 2123 226 2179 i,
247 2137 274 2171 u.
290 2117 364 2186 s-s),
384 2132 445 2169 cum
471 2116 688 2181 pbilosophorum
715 2118 850 2181 opiniones
875 2120 907 2169 de
926 2120 1034 2169 criterio
1053 2120 1173 2170 veritatis

108 2199 234 2251 enarrat,
254 2194 328 2242 testis
347 2190 466 2254 iocupies
484 2195 546 2247 est,
566 2202 611 2238 eos
631 2201 711 2237 tanum
733 2192 773 2239 vei
801 2191 874 2252 piura
895 2192 1003 2240 criterin
1023 2193 1172 2249 admisisse,

108 2272 188 2329 prout
206 2279 306 2324 unum,
327 2265 370 2314 rei
389 2266 477 2328 piures
496 2267 631 2311 certarum
652 2262 831 2324 cognitionum
852 2262 937 2313 tontes
957 2262 1055 2313 bomini
1075 2278 1174 2329 suppa-

108 2346 166 2389 tese
184 2338 391 2388 srbitrabsutor.
413 2334 459 2384 dat
484 2346 536 2382 non
554 2335 631 2395 pauci
651 2334 719 2384 inter
744 2340 863 2385 recentes
883 2334 969 2385 medis
989 2338 1107 2386 veritatis
1127 2352 1174 2387 eo-

108 2410 276 2474 gnoscendus
294 2424 308 2457 a
329 2408 435 2458 criterio
455 2407 572 2457 veritatis
591 2406 766 2469 distinguunt,
780 2413 860 2470 atque
880 2407 930 2457 boc
949 2408 1106 2473 pierumque
1119 2416 1176 2460 sta·

109 2490 191 2537 inunt
208 2485 234 2533 iu
254 2483 390 2535 evidentia.
404 2482 459 2529 sire
477 2478 592 2542 quedam
612 2484 671 2529 rrots
693 2480 742 2541 ipsi
762 2479 865 2530 obiecto
884 2481 973 2537 insita,
986 2494 1017 2531 ex
1029 2495 1080 2545 qua
1096 2496 1174 2533 mess

108 2557 144 2607 ad
170 2568 306 2606 assensum
334 2554 447 2615 cupitur.
478 2548 511 2601 rit
540 2566 591 2599 non
615 2550 671 2599 dori
700 2551 774 2602 nobis
800 2552 902 2602 ridetur
930 2554 1037 2603 unicum
1057 2554 1123 2614 boc,
1143 2562 1174 2605 et

108 2642 251 2679 commune
270 2628 418 2682 criterium,
439 2623 508 2687 quod
528 2622 700 2686 cognoscendi
721 2625 813 2673 mediis
832 2626 1000 2689 adiungitur,
1020 2631 1077 2675 turn
1096 2629 1172 2691 quia,

107 2701 129 2750 si
150 2700 292 2751 iacuitstes
311 2696 485 2760 cognoscendi
506 2694 656 2744 huiusmodi
677 2701 752 2754 srrnt,
774 2702 802 2746 ut
821 2699 944 2747 veritates
963 2703 1036 2747 certo
1056 2700 1173 2762 arripere

109 2774 222 2835 possint,
236 2772 309 2821 notio
327 2772 381 2819 aiio
400 2770 507 2819 criterio
526 2768 559 2817 ad
578 2780 671 2816 rernm
685 2782 700 2817 ιι
714 2768 782 2817 iaiso
801 2769 1003 2819 discernendum
1019 2772 1091 2821 nobis
1104 2785 1175 2835 opus

108 2845 171 2902 erin
190 2849 248 2893 tum
267 2842 328 2907 quia
350 2856 400 2892 non
419 2854 522 2903 paucas
549 2841 713 2901 cognitiones
738 2847 828 2892 certae
846 2843 952 2906 quidem
972 2848 1052 2904 snut,
1072 2848 1099 2893 at
1118 2859 1173 2897 non

108 2916 255 2966 evidentes.
276 2911 309 2964 it.
323 2928 362 2977 g..
382 2914 518 2963 evidentes
536 2912 609 2962 nobis
629 2912 698 2962 baud
718 2922 779 2963 sunt
798 2914 858 2964 iiise
877 2916 1055 2977 cognitiones,
1075 2916 1174 2979 quibus

108 2988 241 3039 obiectam
262 3000 314 3036 non
333 2986 359 3034 io
382 2986 490 3047 seipso,
514 2986 559 3035 sed
583 2997 632 3047 per
657 2985 772 3046 speciem
790 2987 860 3037 eiius
877 2988 935 3044 rei,
954 3000 1023 3051 quae
1041 3002 1103 3039 cunr
1123 2988 1172 3040 iiio

107 3060 252 3125 quamdam
265 3058 345 3109 babet
357 3056 566 3115 siniiitutinern,
580 3056 917 3122 apprehenditurptemqua
931 3060 1002 3117 ittae,
1016 3073 1085 3124 quae
1097 3064 1172 3113 cirea

107 3135 235 3184 veritates
252 3132 452 3193 contingentes,
472 3136 499 3179 et
517 3130 642 3179 veritates
668 3128 731 3179 iacti
756 3136 903 3181 versantur.
929 3129 996 3181 iiiuc
1013 3145 1037 3182 s.
1057 3128 1175 3185 Tbomss

108 3206 243 3257 evidentes
261 3204 384 3254 raritates
401 3215 460 3254 esse
479 3203 567 3260 docet,
586 3207 718 3264 quatenus
730 3202 764 3251 ab
777 3203 915 3253 intellectu
929 3204 1059 3263 ridentur,
1074 3219 1174 3269 nempe

108 3292 223 3343 qosruns
239 3276 380 3338 «cognitio
399 3285 433 3324 ex
451 3274 569 3338 periscts
589 3274 690 3323 risione
709 3276 853 3338 consurgit,
867 3277 937 3327 sicut
956 3289 1002 3337 per
1018 3278 1108 3327 iumen
1121 3291 1172 3335 ns-

108 3351 195 3401 tnraia
226 3349 346 3400 ridemus
372 3348 500 3409 principia
520 3348 626 3409 prima,
646 3359 715 3409 qnae
734 3349 916 3410 cognoscimus
937 3348 1046 3407 statim,
1067 3354 1096 3400 ut
1115 3355 1175 3401 ter-

109 3422 304 3471 minos...ret
318 3420 430 3470 atterius
448 3421 530 3469 etiam
549 3430 591 3475 ea,
605 3430 674 3479 quse
695 3420 720 3468 in
740 3419 789 3468 ista
810 3422 939 3483 principia
959 3422 1089 3473 resolvere
1109 3436 1174 3485 pos·

109 3505 211 3550 sumus.
232 3506 279 3554 per
298 3492 426 3542 rationem
446 3492 571 3541 dicontur
590 3489 684 3547 rideri,
705 3492 773 3541 siunt
790 3504 834 3551 es,
854 3505 923 3557 qnae
942 3494 1041 3542 scimus
1060 3493 1174 3545 damon·

110 3564 219 3618 stratise
239 3563 347 3627 probata
361 3583 371 3608 ι
387 3560 432 3632 (In
449 3564 493 3613 111.
513 3564 556 3614 111
573 3562 656 3619 Seni„
671 3560 738 3613 bist,
752 3560 849 3622 xxiv.
863 3580 890 3629 q.
905 3560 926 3622 i,
941 3576 967 3615 a.
982 3564 1009 3623 1,
1022 3565 1070 3615 soi.
1090 3567 1100 3615 i
1117 3564 1172 3634 e.).

109 3634 247 3694 Praetores
268 3636 294 3687 in
313 3636 344 3686 iis
362 3637 437 3701 ipsis,
450 3648 520 3703 quae
537 3634 675 3689 evidenter
687 3636 883 3701 cognoscimus,
897 3634 1016 3697 resiitns,
1030 3650 1109 3707 uuae,
1130 3642 1174 3697 uti
