2475 3909
116 123 159 190 88
516 139 701 187 onnonoma

121 221 194 287 230.
220 217 391 283 Notionem
419 219 500 286 situs
520 242 538 285 e
562 219 660 286 rebus
686 219 912 288 materialibus
940 221 979 286 ad
1002 227 1161 309 spiritua·

82 299 128 366 les
151 299 332 369 transferre
353 299 504 379 solemus,
526 311 624 388 atque
646 304 696 367 his
716 325 848 392 quoque
874 305 971 368 situm
994 307 1161 391 metapho-

81 386 151 449 rice
169 382 454 448 accommodamus
471 385 493 447 ¹.
510 385 596 449 Hinc
610 384 711 460 Deus,
726 387 833 460 aiente
848 388 1024 470 Aquinate,
1036 389 1162 453 dicitur

82 465 200 531 sedens
222 488 240 527 c
264 475 398 551 propter
419 487 511 530 suam
532 465 794 532 immobilitatem
816 477 849 532 et
870 470 1110 545 auctoritatem,
1126 480 1161 535 et

82 560 168 614 stans
194 557 330 634 propter
361 567 452 611 suam
475 547 702 613 fortitudinem
725 546 765 612 ad
787 547 1017 614 debellandum
1049 571 1160 627 omne,

82 629 170 716 quod
194 629 410 694 adversatur²
427 652 457 693 n.

419 765 642 822 Anr.ii.-i)e
673 771 821 822 babitu

128 881 200 948 231.
225 879 312 944 inter
333 875 525 954 accidentia,
548 897 633 961 quae
654 878 853 944 substantiae
874 899 1051 965 corporeae
1072 877 1163 942 adia-

85 973 170 1040 cent,
191 983 229 1026 ea
251 957 446 1025 recensenda
468 968 560 1039 sunt„
574 981 658 1046 quae
680 959 849 1027 dumtaxat
870 959 970 1026 instar
991 960 1163 1027 vestimen·

85 1045 131 1123 ti,
153 1043 203 1109 vel
225 1042 405 1107 ornamenti
429 1042 494 1127 ipsi
516 1041 813 1109 accommodantur.
834 1042 1045 1118 Huiusmodi,
1068 1062 1098 1105 e.
1139 1089 1162 1117 .,

85 1127 142 1197 illa
166 1137 250 1202 sunt,
266 1145 306 1188 ex
325 1122 447 1208 quibus
469 1125 633 1191 Socratem
654 1130 830 1190 tunicatum
860 1124 909 1188 vel
925 1059 1136 1189 loricatumd

88 1209 294 1273 nominamus
306 1206 330 1269 ⁸.
353 1207 422 1270 Iam
445 1226 481 1269 su
507 1228 632 1272 remum
656 1229 781 1291 genus,
804 1171 845 1270 ad
866 1205 954 1289 quod
975 1207 1055 1271 baec
1077 1209 1165 1270 acci·

90 1290 200 1354 dentia
223 1287 435 1365 reseruntur,
456 1226 546 1352 illam
568 1291 770 1374 categoriam
791 1288 980 1364 constituit,
1001 1308 1084 1372 quae
1107 1309 1165 1353 no-

94 1372 182 1438 mine
205 1369 327 1436 babitus
349 1367 538 1454 designatur
552 1372 576 1434 ⁴.

129 1453 201 1520 232.
226 1454 315 1518 Haec
337 1453 503 1536 categoria
525 1474 542 1516 a
565 1453 601 1516 B.
628 1451 762 1517 biberto
783 1453 830 1517 lli.
853 1449 1020 1526 delinitur,
1046 1450 1073 1515 C
1131 1473 1164 1514 o-

89 1556 189 1611 rum,
212 1546 240 1598 et
263 1554 393 1610 corum,
416 1552 491 1616 quoe
511 1535 598 1599 circo
618 1554 732 1619 corpus
758 1543 830 1599 sont
851 1533 1030 1597 adiacentia
1043 1470 1164 1610 &Ogou

91 1619 125 1684 in
149 1615 339 1681 delinitione
362 1635 426 1680 vox
448 1636 613 1701 corporum
638 1615 670 1681 id
692 1615 837 1692 denotat,
853 1613 893 1678 ad
907 1615 1003 1681 cuius
1024 1635 1166 1681 commo-

92 1700 170 1764 dum
193 1697 325 1763 babitus
345 1706 482 1782 spectat,
503 1720 532 1763 e.
551 1719 596 1783 g„
608 1720 679 1764 esse
694 1709 838 1783 togatum
852 1707 902 1762 est
915 1696 1057 1762 bominis
1079 1716 1166 1760 com·

93 1779 240 1846 modum.
264 1778 367 1844 Voces
389 1799 509 1856 eorum,
531 1801 606 1866 quoe
629 1783 715 1845 circo
735 1801 849 1865 corpus
874 1791 958 1856 mut,
980 1777 1167 1864 significant

94 1864 279 1934 materiam,
301 1883 342 1928 ex
363 1881 428 1946 qua
449 1861 580 1929 habitus
604 1873 741 1934 constat,
757 1884 787 1927 e.
805 1885 851 1947 g„
873 1873 946 1945 toga
967 1871 1016 1926 est
1030 1860 1167 1925 materia

95 1943 187 2009 iliius
210 1940 351 2022 habitus,
368 1944 424 2028 qui
446 1965 506 2008 csse
522 1955 661 2028 topotum
677 1945 811 2010 dicitur.
829 1943 980 2026 lienique
995 1964 1060 2009 vox
1081 1943 1170 2006 odic-

93 2027 197 2091 ccntio
218 2021 350 2091 denotat
372 2025 535 2102 ordinem,
557 2028 614 2110 qui
636 2039 685 2092 est
705 2027 791 2091 circa
820 2045 952 2171 corpus,
976 2045 1094 2110 nempe
1119 2024 1170 2088 in·

96 2119 147 2173 ter
170 2105 351 2184 habentem,
374 2119 408 2173 et
428 2107 516 2191 quod
537 2106 689 2186 habetur,
704 2118 802 2194 atque
818 2106 877 2174 illu
921 2107 1072 2171 accidens
1093 2127 1170 2172 con-

96 2191 215 2267 stituit,
238 2186 327 2271 quod
350 2188 475 2254 debitos
496 2199 641 2254 vocatur.

137 2271 207 2337 233.
232 2273 283 2336 Ex
304 2269 353 2334 bis
375 2291 514 2356 pronum
543 2282 591 2337 est
618 2269 685 2336 duo
709 2269 903 2354 intelligere.
927 2271 1075 2335 Primum
1097 2280 1170 2342 est,

98 2351 184 2439 quod
210 2351 248 2417 ad
273 2351 473 2417 efficiendam
500 2354 698 2439 categoriam
723 2353 846 2417 babitus
867 2351 950 2417 duae
971 2353 1170 2418 substantiae

98 2436 327 2520 requiruntur,
350 2453 490 2518 quarum
511 2455 575 2500 una
597 2440 685 2499 circa
706 2435 804 2499 aliam
826 2445 985 2512 versatum
1007 2453 1172 2521 quaprop-

98 2528 150 2581 ter
173 2538 214 2581 ex
237 2514 328 2581 nullo
351 2514 529 2594 accidente,
551 2517 637 2601 quod
660 2516 874 2586 substantiam
896 2519 1006 2596 allicit,
1021 2537 1050 2581 e.
1069 2537 1115 2600 g„
1130 2535 1171 2578 ex

101 2599 251 2673 scientia,
274 2607 305 2663 et
326 2597 458 2674 sciente,
474 2599 637 2682 categoria
653 2597 775 2664 dubitus
790 2600 943 2665 constitui
959 2610 1065 2685 potest
1076 2603 1100 2663 ⁸.
1118 2596 1172 2660 ΑΙ-

102 2689 209 2745 terum
232 2688 292 2756 est,
316 2677 402 2764 quod
426 2681 564 2748 essentia
586 2679 716 2745 habitus
745 2700 808 2745 non
831 2683 977 2750 consistit
1000 2683 1034 2748 in
1055 2682 1175 2747 alteru-

452 2861 576 2874 .-

139 2952 149 2992 ¹
172 2971 183 2999 a
205 2950 279 3019 Quod
298 2957 350 3012 est,
371 2954 408 3003 ait
427 2966 450 3004 a.
467 2948 593 3011 Thomas,
614 2954 641 3002 in
660 2957 844 3018 corporalibus
863 2956 939 3014 sitne,
953 2958 994 3005 est
1006 2953 1034 3004 in
1048 2954 1176 3018 spiritua—

101 3029 171 3079 libus
190 3025 274 3082 ord03
296 3038 358 3075 nam
378 3025 445 3076 situs
464 3026 631 3088 estquidam
659 3028 724 3077 ordo
742 3030 860 3090 partium
879 3026 1060 3091 corporalium
1079 3039 1174 3077 moun-

102 3103 165 3154 dum
187 3099 275 3149 iocum
299 3116 324 3157 ’t
344 3098 486 3161 Quodlibet.
508 3094 554 3152 ΙΙΙ,
575 3099 629 3147 loc.
649 3100 698 3148 ott.

139 3173 150 3208 ’ἒ
172 3169 193 3228 Ι,
214 3186 241 3234 q.
265 3166 311 3228 ΙΙΙ,
332 3182 359 3217 a.
382 3169 394 3217 Ι
416 3169 444 3218 Ι,

140 3233 207 3294 tili
223 3259 245 3292 s.
266 3239 348 3306 Aug..
369 3242 419 3302 (ic.
441 3242 584 3294 cxxxiii.
605 3255 634 3305 q.
656 3243 701 3292 73.

140 3314 150 3352 ⁴
173 3315 343 3378 Perspicuum
362 3317 402 3363 est
421 3313 543 3372 bobinum,
564 3319 641 3375 prout
662 3315 705 3364 bio
724 3318 869 3379 accipitur,
890 3317 1000 3366 omnino
1018 3313 1123 3364 differre
1142 3313 1178 3363 ab

105 3389 218 3446 babitu,
238 3399 318 3450 quem
339 3387 365 3436 iu
386 3386 477 3449 Lapica
496 3382 578 3453 (part.
600 3382 608 3434 i
627 3422 635 3443 ,
656 3401 682 3437 c.
705 3385 725 3445 Ι,
745 3394 798 3439 art.
819 3388 856 3449 a,
876 3403 904 3452 p.
924 3386 960 3440 20
979 3386 1033 3440 roi.
1055 3381 1099 3456 i),
1118 3399 1178 3436 eme

104 3458 249 3524 quamdam
268 3460 384 3522 speciem
404 3458 540 3520 qualitatis
558 3457 685 3508 diximus.

147 3529 158 3564 ὃ
180 3531 218 3577 iia
237 3545 283 3578 aem
301 3531 457 3594 principiis,
479 3534 558 3578 traci.
579 3527 638 3589 vit,
658 3544 685 3579 c.
707 3532 733 3580 i.

146 3599 159 3636 6
179 3593 215 3652 Ci
232 3613 255 3650 s.
275 3597 446 3662 Damasum„
473 3601 596 3668 Dialeon,
614 3616 640 3652 e.
660 3598 729 3655 titt.
