2475 3909
116 143 179 211 270
480 160 733 210 cnrrsmococni

78 244 249 321 humanae,
272 264 368 329 qnam
383 244 530 310 Socrates
552 244 648 309 linem
666 241 889 329 philosophiae
902 262 972 307 esse
988 242 1156 327 praedica-

81 337 182 403 verat,
207 347 269 389 non
292 346 384 410 posse
408 330 571 413 componi.
594 326 702 403 Quare
726 326 794 471 ipse
818 325 944 409 putavit
970 324 1154 402 bominem,

80 409 107 473 si
130 406 208 472 felix
230 428 300 472 esse
322 408 412 485 velit,
436 410 480 473 ita
502 428 534 473 se
558 428 671 495 gerere
693 405 733 470 de
756 427 824 482 ere,
850 418 886 474 ot
907 428 959 472 res
972 406 1156 473 consideret

81 512 123 555 ex
144 511 181 555 ea
205 503 296 575 parte
317 488 497 567 dumtaxat,
513 503 673 575 quatenus
687 487 728 552 ab
744 489 824 574 ipsis
837 489 985 565 afficitur,
1000 487 1058 553 sed
1073 487 1155 555 nihil

80 574 121 637 de
145 573 276 637 illarum
300 574 424 637 naturis
446 571 590 651 deliniat3
613 574 756 655 itemque
772 568 852 634 nibil
872 569 911 636 de
927 569 1017 645 boni,
1032 579 1064 636 et
1078 569 1155 634 mali

81 653 271 719 notionibus
293 656 456 732 decernat,
479 654 532 719 sed
556 654 606 719 vel
629 674 671 719 ex
693 662 828 717 naturae
851 652 1018 738 impulsu,
1041 652 1156 717 velex

84 736 194 819 legum
207 736 531 881 praescriptionibus
562 738 660 801 vitam
682 735 878 811 moderetnr;
901 733 986 821 quod
1010 744 1047 799 nt
1067 735 1157 799 erin-

81 830 183 895 ceret,
229 839 319 883 ecem
343 818 632 895 modosdelinivit,
655 816 837 902 exquibus
864 816 904 881 de
929 816 1027 881 rebus
1049 836 1157 881 assen-

83 900 206 963 sionem
231 900 433 965 retinendam
457 922 525 967 esse
548 898 734 985 colligebat.
750 899 793 963 Hi
810 897 897 963 modi
915 899 993 964 dicti
1008 906 1083 963 sunt
1095 926 1158 979 rpo-

83 1006 127 1047 ror
145 978 196 1064 τῆς
214 988 329 1067 ἔτυχες,
341 982 425 1047 modi
440 984 620 1047 retentionis
643 1001 795 1055 ostensus,
811 990 908 1065 atque
922 981 985 1045 hue
1005 978 1155 1054 redeunt,

83 1080 141 1126 nos
163 1081 226 1125 non
271 1084 341 1129 osse
363 1086 401 1129 co
426 1085 557 1130 noscere
581 1085 643 1140 res,
665 1062 778 1150 quales
799 1072 873 1127 sunt
896 1063 929 1127 in
949 1062 1078 1161 seipsis,
1099 1060 1158 1125 sed

81 1143 194 1227 quales
215 1165 232 1208 a
278 1166 334 1209 nos
358 1086 555 1212 relleruntur.
577 1146 786 1233 Quapropter
805 1164 927 1221 omnes,
946 1167 1005 1230 qur
1019 1145 1158 1231 Pyrrho-

85 1246 158 1287 nem
182 1228 283 1291 secuti
307 1238 392 1304 sont,
416 1240 598 1295 statuerunt
612 1250 670 1293 nos
686 1246 881 1310 cognoscere
902 1226 986 1292 solas
1000 1247 1041 1311 ap
1065 1246 1160 1290 aren·

85 1306 147 1371 tias
170 1328 292 1386 rerum,
316 1310 370 1374 sed
395 1312 545 1409 ignorare
569 1331 679 1376 rerum
694 1318 854 1384 naturam,
878 1308 1024 1393 nihilque
1044 1246 1085 1372 de
1105 1307 1159 1373 his

83 1385 218 1454 delinire
242 1411 346 1475 posse,
370 1413 448 1475 quia
471 1414 576 1479 pares,
592 1404 625 1459 et
639 1390 819 1456 contrariae
842 1391 983 1456 rationes
1004 1390 1158 1476 utrinque

84 1471 172 1534 circa
196 1470 267 1536 illas
289 1486 473 1541 occurrunt.

127 1551 196 1616 107.
221 1553 347 1617 Exinde
362 1565 451 1638 patet
463 1555 662 1641 principium
678 1553 837 1637 scepticae
849 1550 1042 1638 disciplinae
1054 1551 1158 1618 luisse

83 1633 280 1715 antilogium,
304 1638 372 1700 sive
389 1657 532 1721 pugnam
552 1636 731 1709 rationnm;
747 1632 857 1710 finem,
878 1636 1069 1707 storacium,
1086 1634 1158 1700 sive

87 1714 361 1800 imperturbatum
383 1728 499 1783 statum
523 1717 639 1794 animi;
661 1716 816 1793 medium,
838 1736 904 1799 quo
919 1714 960 1778 ad
974 1716 1159 1780 marociam

86 1798 287 1880 pervenitur,
309 1798 450 1884 epochen,
474 1820 531 1864 seu
553 1800 766 1865 retentionem
789 1816 948 1861 assensus.
1072 1863 1075 1867 ,

128 1879 197 1945 108.
223 1880 310 1945 llaec
331 1880 436 1965 quoad
450 1882 573 1948 veteris
587 1878 788 1967 Scepticismi
803 1878 974 1964 originem.
989 1878 1084 1955 Quod
1099 1900 1160 1945 au·

86 1965 150 2022 tem
173 1960 213 2025 ad
237 1962 308 2029 eins
331 1983 538 2048 progressum
560 1963 697 2039 attinet,
719 1961 798 2026 haec
820 1959 885 2025 duo
906 1958 1060 2026 adnotare
1081 1962 1161 2027 satis

86 2050 144 2105 cst:
169 2041 202 2105 1⁰
224 2043 330 2110 Distin
358 2044 482 2109 uendus
503 2054 551 2110 est
571 2045 795 2129 scepticismus
813 2042 1029 2129 Pyrrhonicns
1052 2064 1070 2105 a
1092 2063 1161 2108 sce-

111 2121 240 2187 tioismo
261 2066 567 2202 Academicornm¹;
589 2128 738 2212 quamvis
766 2125 852 2190 enim
875 2122 1060 2189 Academici
1083 2145 1161 2189 cnm

87 2139 276 2289 byrrhoniis
297 2208 329 2271 in
352 2210 470 2291 epoche,
486 2210 553 2273 sive
567 2228 717 2273 assensus
731 2206 912 2271 retentione
926 2204 1159 2285 consentirent,

89 2295 195 2350 tamen
218 2286 259 2351 ab
283 2289 329 2352 eis
353 2290 525 2385 praecipue
549 2290 581 2353 in
603 2310 644 2353 eo
665 2287 877 2361 dissidebant,
900 2285 987 2373 qnod
1009 2286 1161 2354 admitte-

88 2364 166 2434 bant
188 2371 410 2455 cognitionum
433 2371 513 2436 alras
534 2391 603 2435 esse
634 2369 831 2454 probabiles,
854 2368 934 2433 alias
956 2389 1019 2432 non
1042 2368 1161 2452 proba-

89 2447 182 2528 biles,
205 2452 285 2535 quin
307 2454 406 2519 etiam
428 2451 648 2538 probabilium
671 2453 799 2518 diversa
842 2470 936 2514 encra
964 2449 1158 2517 statuebant.

88 2528 124 2593 2⁰
145 2532 217 2599 Non
242 2536 336 2618 pauci
359 2557 401 2601 ex
428 2536 539 2600 multis
567 2554 617 2598 see
645 2534 717 2599 ticis
737 2532 778 2597 ab
808 2470 873 2595 illis
893 2532 990 2597 sectis
1016 2531 1161 2598 llledico-

90 2633 164 2676 rum
188 2615 400 2699 prodierunt,
423 2619 480 2701 qui
504 2554 699 2692 Methodici,
722 2627 754 2681 et
776 2614 938 2697 Empirici
959 2612 1038 2677 dicti
1060 2626 1159 2693 sunt,

90 2704 239 2778 proptera
261 2698 348 2782 quod
372 2702 407 2764 in
430 2698 553 2763 morbis
573 2697 727 2763 curandis
750 2696 1027 2780 investigationem
1047 2716 1162 2761 eausa·

89 2797 164 2841 rum
188 2777 375 2845 abditarum
394 2778 616 2865 negligebant,
633 2789 730 2863 atque
751 2778 972 2843 observationi
993 2774 1161 2843 laetorum

90 2858 259 2926 dumtaxat
281 2862 447 2929 vacabant.
472 2863 560 2930 luter
580 2862 638 2927 hos
653 2862 779 2937 Sextus,
795 2859 837 2924 ob
855 2858 888 2922 id
901 2858 1090 2943 Empiricos
1104 2879 1122 2922 a

90 2939 241 3025 pellatus,
266 2964 418 3029 magnum
440 2945 503 3009 sibi
528 2965 646 3009 nomen
668 2941 881 3029 comparavit,
908 2960 970 3003 non
1013 2939 1076 3003 uod
1099 2880 1160 3005 all-

91 3023 170 3108 qnid
193 3026 267 3089 nori
292 3026 422 3104 attulit,
445 3025 500 3091 sed
522 3025 609 3171 quod
633 3023 728 3090 libris
749 3024 816 3089 suis
842 3032 973 3087 cunctas
991 2960 1161 3107 (bceptico-

92 3125 166 3170 rum
189 3105 411 3173 cavillationes
433 3128 528 3194 comp
542 3129 623 3173 exus
645 3117 703 3173 est.

129 3337 137 3371 ¹
158 3336 307 3387 Academici
325 3334 528 3400 appellabantur
546 3332 688 3396 Platonlol,
702 3335 765 3399 qnia
778 3333 853 3388 Plato
872 3334 948 3387 loitto
967 3331 1091 3387 &hetam
1111 3337 1161 3388 ha-

91 3408 148 3457 buit
168 3410 194 3458 tn
213 3408 321 3459 hortulo
341 3410 467 3472 quodam,
488 3421 569 3472 qoem
588 3408 614 3458 ln
633 3408 760 3458 suburbio
772 3404 937 3459 Athenarum
956 3407 989 3458 ab
1008 3406 1161 3460 flecadomo

91 3480 140 3529 slht
160 3482 335 3543 comparavit,
356 3488 383 3531 et
400 3481 434 3532 ad
454 3494 516 3530 suos
535 3480 662 3531 haeredes
683 3482 836 3531 transmisit.
852 3478 908 3531 lam
927 3482 1113 3543 sceptictsmos
1131 3483 1161 3533 in

91 3548 235 3601 Academia
255 3554 379 3615 apparuit
397 3552 551 3603 auctoribus
570 3546 718 3613 Arcesilae,
732 3554 777 3617 qui
797 3566 892 3613 norae,
905 3559 934 3605 et
952 3548 1099 3615 Carneade,
1114 3555 1162 3617 qui

92 3623 185 3673 tertiae
204 3618 364 3675 Academiae
384 3625 519 3676 institutor
537 3623 597 3675 soit.
