2475 3909
522 206 701 253 rnnauoana
1055 192 1115 258 ‘229

128 287 344 354 arelatensi
369 287 608 353 universalibus
630 288 897 376 conceptionibus
919 290 999 356 nihil
1018 291 1156 360 obiecti-

86 370 132 445 ri,
155 380 188 437 et
209 369 306 435 realis
327 369 546 455 responderet,
569 370 743 436 dicendum
765 381 848 437 esset
870 372 1094 458 conceptiones
1117 397 1157 440 u·

86 452 262 517 niversales
278 474 325 599 px
348 455 417 539 ipsa
439 474 549 517 rerum
576 466 690 519 natura
712 454 797 519 hand
818 454 978 541 depromi.
1004 458 1106 541 atqui
1120 456 1156 523 id

87 554 124 598 rc
149 557 170 598 u
197 545 260 598 nat.
307 557 376 599 ro.

167 556 310 681 .gll1inor
325 557 376 681 gita
399 615 648 684 demonstratur.
673 620 707 685 Si
737 619 962 704 conceptiones
990 620 1155 685 universa-

86 699 131 762 les
153 720 196 769 ex
218 699 287 783 ipsa
308 720 419 763 rerum
440 698 658 784 singularium
679 711 795 766 natura
816 699 902 765 haud
925 699 1157 787 depromeren-

87 793 153 857 tur,
175 780 376 865 impossibile
405 780 490 846 loret
511 794 640 849 cunctas
668 805 720 848 res
742 782 921 867 singulares
942 783 976 847 in
998 781 1156 869 quasdam

87 863 224 949 specics,
247 874 280 927 et
300 885 418 949 genera
440 863 607 949 digerere,
629 887 658 929 e.
684 886 739 951 g.,
763 866 926 933 Socratem
948 864 989 929 ad
1010 866 1155 953 speciem

81 945 271 1023 humanam,
295 967 358 1011 non
381 968 458 1013 vero
487 945 527 1010 ad
551 945 741 1025 belluinam,
757 957 789 1011 et
810 956 922 1012 contra
943 968 981 1011 ea
996 946 1156 1032 bucepha-

87 1027 156 1091 lum
177 1024 217 1089 ad
240 1026 432 1107 belluinam,
458 1048 521 1093 non
542 1049 619 1094 vero
642 1028 683 1093 ad
704 1029 877 1093 humanam
900 1028 1034 1106 referre,
1058 1040 1155 1115 atque

86 1120 261 1192 utrumque
296 1113 407 1195 generi
435 1112 650 1176 animantium
681 1130 857 1176 accensere.
887 1111 919 1177 Si
949 1111 1030 1177 nihil
1051 1122 1099 1178 cst
1121 1113 1155 1176 in

87 1193 230 1267 Socrate,
252 1193 337 1276 quod
361 1216 434 1258 eum
452 1214 469 1256 a
485 1192 664 1280 bucephalo
686 1193 878 1279 distinguat,
901 1214 997 1258 eccur
1018 1194 1068 1258 vel
1083 1194 1156 1279 qui-

87 1272 166 1339 libet
187 1294 204 1336 e
228 1274 321 1359 plebe
343 1279 376 1339 in
399 1278 560 1343 Socratem
590 1274 735 1341 incidens
762 1297 837 1340 eum
866 1291 926 1360 pro
950 1276 1102 1352 bomine,
1124 1286 1156 1340 ct

85 1377 151 1420 nun
175 1376 234 1440 pro
261 1354 366 1423 bellua
391 1358 515 1424 habet?
540 1359 613 1424 Non
646 1368 732 1423 certe
759 1378 800 1422 ex
827 1358 1061 1433 conventione,
1086 1370 1155 1422 tum

85 1437 174 1524 quod
197 1441 388 1525 experimur
409 1442 442 1504 in
464 1462 503 1505 eo
524 1441 622 1505 etiam
652 1439 724 1506 illos
746 1438 942 1515 consentire,
968 1440 1053 1503 inter
1073 1456 1155 1525 quos

85 1521 176 1585 nulla
192 1524 364 1588 conventio
386 1522 469 1587 lacta
492 1533 552 1598 est,
569 1530 638 1587 tum
659 1520 745 1608 quod
769 1523 941 1587 conventio
958 1522 1043 1585 circa
1058 1542 1156 1605 quae-

86 1602 162 1668 dam
185 1602 354 1672 dumtaxat
376 1604 561 1681 individua,
584 1624 650 1670 non
674 1625 750 1669 vcro
771 1605 858 1668 circa
881 1604 990 1667 omnia
1012 1604 1159 1669 existere-

85 1697 207 1771 posset.
231 1686 368 1751 Necesse
396 1689 499 1772 igitur
526 1699 574 1752 est
594 1686 719 1771 aliquid
748 1707 815 1750 esse
840 1688 873 1749 in
894 1682 992 1749 rebus
1014 1685 1155 1769 siugula-

86 1767 194 1844 ribus,
216 1770 310 1833 cuius
332 1771 435 1855 gratia
457 1769 602 1834 homines
624 1770 693 1833 sine
715 1768 781 1833 ulla
804 1770 1017 1834 conventione
1040 1787 1091 1831 res
1113 1768 1155 1832 ad

84 1849 220 1914 casdem
242 1853 379 1936 species,
401 1848 579 1936 eademque
602 1872 719 1936 genera
742 1848 911 1916 reducunt.

126 1932 177 1998 96.
201 1930 420 1998 confirmatur
443 1933 620 2032 propositio
642 1954 680 1997 ox
703 1952 759 2011 eo,
782 1929 888 2017 quod,
912 1932 1016 2016 posita
1038 1929 1155 1996 borum

82 2014 355 2100 Conceptualium
377 2024 548 2092 sententia,
564 2015 652 2081 nulla
674 2014 806 2079 scientia
829 2012 991 2080 obiectiva
1013 2014 1153 2079 existere

84 2108 201 2182 potest.
218 2098 360 2173 Etenim,
376 2118 450 2162 cum
466 2099 621 2163 scientiae
636 2097 702 2161 sine
719 2094 957 2161 universalibus
972 2097 1155 2181 conceptio-

85 2178 185 2243 nibus
207 2181 349 2245 existere
371 2189 553 2265 nequeant,
580 2181 626 2243 vis
649 2177 823 2243 cuiuslibet
845 2178 1001 2243 scientiae
1025 2178 1059 2243 vi
1079 2199 1155 2243 eon-

83 2262 274 2347 ceptionum
296 2260 532 2326 universalium
555 2282 604 2325 res
629 2260 749 2325 ondere
772 2258 877 2325 debet.
902 2261 1008 2345 Ergo,
1032 2261 1060 2324 si
1083 2263 1155 2327 uuir

83 2341 267 2407 versalibns
288 2343 554 2429 conceptionibus
575 2283 654 2409 nibil
678 2342 791 2420 realis,
807 2352 839 2407 et
853 2341 1008 2409 obiectivi
1024 2364 1156 2429 respon—

83 2425 152 2496 det,
176 2427 329 2491 scientiae
350 2446 480 2511 quoque
502 2425 581 2490 nihil
604 2424 757 2491 exhibere
773 2434 917 2512 possunt,
940 2423 1026 2572 tppod
1049 2427 1081 2490 in
1105 2448 1155 2490 rc-

83 2528 160 2571 rum
184 2519 297 2572 natura
318 2510 377 2585 sit,
401 2529 437 2571 ac
460 2508 594 2573 uroinde
618 2510 702 2574 intra
725 2507 874 2573 idearum
895 2528 947 2571 am
974 2508 1055 2572 itum
1077 2529 1154 2573 eon-

83 2587 264 2654 cludantur
284 2611 413 2655 neccsse
436 2611 452 2652 c

124 2673 178 2737 97.
195 2670 291 2755 Prop.
307 2672 355 2737 2⁸.
373 2672 575 2739 Unicrsalio
595 2684 667 2737 actu
688 2681 759 2737 aunt
781 2670 815 2735 in
834 2669 1002 2749 intellectu,
1019 2670 1071 2735 sed
1083 2672 1153 2753 sura-

82 2755 302 2818 rlamentulc'ter
323 2756 357 2817 ln
379 2754 479 2820 rebus.

126 2836 285 2901 Probatur
306 2835 340 2902 1⁸
362 2859 446 2924 pars.
470 2836 595 2902 Natura
621 2858 752 2913 rerum,
780 2844 815 2900 ut
842 2854 867 2897 s.
892 2832 1030 2898 Thomas
1053 2854 1150 2919 argu·
1218 2856 1219 2863 ¹

82 2930 250 2984 mentatur
264 2920 288 2994 ¹,
312 2920 361 2983 vel
383 2919 506 2984 dicitur
527 2918 645 2983 habere
668 2916 829 2981 rationem
850 2914 1106 2982 universalitatis
1120 2918 1155 2982 in

81 3020 144 3077 se,
165 3022 283 3087 nempe
311 3000 457 3068 absolute
484 3008 650 3097 spectata,
675 2998 721 3063 vel
745 2999 778 3063 in
800 2997 898 3063 rebus
920 2996 1152 3084 singularibus,

81 3082 138 3147 vel
161 3085 195 3147 in
218 3082 391 3150 intellectu.
409 3087 508 3168 Atqui
530 3103 595 3146 non
617 3081 773 3167 primum,
798 3101 872 3144 nam
893 3079 1055 3166 quidquid
1078 3100 1154 3145 con-

84 3166 176 3231 venit
208 3178 341 3231 naturae
374 3186 480 3231 rerum
507 3163 653 3229 absolute
680 3170 867 3247 spectatae,
890 3182 917 3226 e.
941 3184 990 3248 g.,
1014 3163 1153 3241 bomini,

81 3258 186 3332 prout
206 3246 303 3313 homo
329 3259 399 3326 est,
421 3247 572 3313 consenit
597 3243 747 3311 omnibus
775 3242 955 3309 individuis
983 3243 1039 3323 illa
1067 3264 1153 3310 com-

80 3330 271 3476 prehensim
293 3332 446 3415 quocirca
473 3330 501 3395 si
522 3339 640 3396 natura
666 3327 826 3422 humana,
850 3336 948 3423 prout
969 3336 1017 3391 est
1038 3337 1154 3393 natura

103 3435 249 3489 amana,
276 3412 408 3479 haberet
439 3412 596 3478 rationem
624 3407 898 3488 universalitatis,
923 3409 1151 3477 universalitas

470 3564 800 3584 ,ιιι-*-

120 3682 129 3719 ¹
150 3682 192 3735 De
211 3679 274 3729 Bate
291 3684 315 3729 ct
332 3678 452 3747 cospetto,
473 3689 498 3725 o.
519 3674 546 3724 4.
