2475 3909
469 201 552 252 raas
572 201 693 250 araris
1040 189 1080 253 79
1111 203 1116 212 ·

103 281 148 350 ld.
170 283 266 372 Prop.
289 281 337 350 2².
359 285 524 352 Methodas
546 287 715 353 ideaiistica
737 287 940 370 capnitioaeas
963 289 1121 356 realitatis

69 389 177 446 renem,
198 371 262 434 siae
283 370 442 436 scientiam
465 369 648 438 adiectiaam
667 390 773 434 reram
794 370 881 434 achis
898 369 1119 454 praehereaoa

66 463 266 598 deodatm.
290 534 507 600 Psonuaciata
530 535 665 599 rationis
687 553 776 599 mere
798 531 957 599 abstracta
973 555 1033 609 nec
1045 535 1121 599 snb-

68 613 180 680 iectum
202 636 237 680 re
260 619 329 704 ipsa
349 617 508 694 existere,
531 637 589 681 nec
611 617 669 682 itti-
683 617 898 693 allectionem,
921 637 1005 702 quaa
1027 637 1122 703 prae-

68 694 168 761 dicato
190 701 392 776 continetur,
415 700 542 784 reipsa
565 700 671 766 inesse
696 696 924 776 manifestant,
953 698 1007 763 sed
1037 697 1120 764 illud

66 776 225 844 dumtaxat
245 783 405 859 innuunt,
432 783 459 846 si
487 780 668 846 subiectum
695 780 829 859 existit,
857 778 906 846 illi
932 783 1120 866 qualitatem

65 859 240 945 praedicato
272 862 482 964 significatam
505 866 634 940 inesse,
654 862 741 929 unde
764 862 874 947 ipsae,
896 863 922 927 si
951 864 1051 929 relate
1078 859 1119 926 ad

65 953 206 1008 naturam
227 946 483 1021 considerentur,
507 945 713 1041 hypotheticae
734 945 896 1010 dicuntur.
912 946 951 1010 Ε.
969 967 1018 1032 g„
1042 946 1120 1010 haec

64 1027 254 1104 enunciatio,
270 1029 381 1094 Omaes
402 1027 487 1093 radii
508 1029 624 1092 carcals'
643 1038 715 1092 suat
737 1027 888 1113 aequales,
911 1028 1045 1093 minime
1066 1027 1121 1093 de·

64 1119 146 1176 notat
167 1108 311 1193 aliquem
332 1111 490 1176 circulum
512 1112 663 1186 existere,
686 1111 780 1175 caius
801 1108 887 1174 radii
909 1120 983 1176 suat
1003 1131 1022 1175 a
1065 1129 1121 1173 aa·
1193 1182 1196 1189 ¹

64 1187 114 1268 las,
136 1189 194 1255 sed
217 1192 251 1256 id
275 1203 409 1271 tantum,
432 1194 458 1257 si
482 1193 625 1258 circulos
638 1214 714 1257 sero
728 1203 788 1268 est,
802 1211 912 1256 omnes
926 1194 997 1257 eius
1011 1213 1047 1257 ra
1072 1192 1120 1256 ios

63 1292 124 1336 esse
145 1273 307 1359 aequales.
320 1276 431 1353 item,
455 1273 548 1340 ideae
570 1276 696 1340 animae
720 1276 870 1351 innatae,
897 1293 972 1338 cum
993 1295 1056 1340 noa
1077 1273 1120 1338 ah

64 1354 204 1439 ipsarum
225 1377 335 1422 rerum
358 1361 481 1423 actione
504 1359 537 1421 in
559 1357 666 1421 anima
688 1355 917 1443 producantur,
937 1355 1064 1441 aliquid
1085 1356 1120 1419 in

62 1438 163 1501 anima
187 1441 339 1524 positum,
362 1460 425 1504 non
447 1460 522 1505 vero
544 1441 586 1505 ali
612 1439 682 1517 uid,
705 1438 792 1524 quod
813 1449 905 1504 extra
925 1439 1065 1502 animam
1086 1459 1120 1502 e·

61 1520 158 1596 sistit,
183 1521 387 1587 manifestare
410 1533 552 1608 possunt.
607 1542 646 1585 oc
690 1522 865 1597 raemisso,
887 1542 928 1586 en
949 1541 986 1584 ar
1031 1539 1120 1584 men·

63 1609 135 1665 tum:
159 1601 339 1690 Principia,
361 1627 403 1669 ex
444 1603 540 1670 uibus
561 1544 737 1669 secundum
758 1602 944 1668 methodum
964 1604 976 1667 i
1000 1601 1122 1667 calisti·

61 1701 125 1746 cam
146 1685 291 1770 cognitio
313 1625 487 1753 soientidca
509 1687 680 1765 educitur,
702 1705 818 1769 nempe
840 1687 1049 1771 pronuntiata
1070 1705 1121 1749 ra·

62 1763 151 1832 honis
175 1787 264 1832 mere
285 1767 457 1845 abstracta,
479 1770 531 1834 vol
553 1769 646 1836 ideae
668 1772 813 1845 innatae,
835 1767 1031 1832 obiectivam
1053 1769 1121 1832 exi·

61 1852 208 1915 stantiam
229 1870 337 1915 rerum
353 1851 558 1917 manifestare
574 1872 637 1917 non
656 1859 801 1938 possunt.
822 1851 920 1934 Atqui
942 1849 1120 1914 conclusio-

62 1949 112 1994 nes
126 1931 299 2011 maiorem,
313 1955 411 2019 quam
427 1936 601 2019 principia,
617 1934 682 1999 vim
702 1932 820 1997 hahere
839 1942 1015 2016 nequeunt.
1031 1931 1119 2016 Ergo

62 2031 115 2095 per
134 2014 371 2096 conclusiones,
386 2037 468 2101 qnae
491 2029 563 2082 sunt
583 2016 782 2101 cognitiones
802 2012 1010 2091 scientificae,
1029 2012 1121 2078 ahie-
1142 2029 1149 2044 ·

61 2097 176 2161 clivam
197 2098 377 2195 realitatem
397 2119 529 2176 rerum,
557 2097 734 2164 secundum
758 2095 943 2162 methodum
968 2094 1120 2184 ideaiisti-

62 2196 138 2257 cam,
162 2200 292 2265 assequi
315 2202 377 2246 non
399 2201 578 2267 possamus.

143 2311 213 2364 Aur.
227 2309 458 2377 dih-Quaenam
478 2315 511 2362 eit
531 2311 671 2362 methodus
691 2279 1025 2376 psychalogtaoraooaatie

520 2386 661 2449 exponitur

96 2494 146 2561 15.
162 2492 336 2559 Mothodus
346 2492 738 2578 psychaloqico-ratioaalis
753 2491 897 2557 medinm
912 2491 1019 2556 locam
1034 2501 1120 2558 tenet

62 2576 143 2642 inter
164 2575 351 2642 methodum
373 2577 568 2674 empiricam,
584 2586 617 2641 et
631 2573 816 2639 methodum
837 2573 1056 2650 ideaiistioam;
1072 2583 1120 2642 est

60 2661 144 2724 enim
167 2679 223 2735 ca,
245 2659 278 2722 in
299 2679 364 2744 qua
385 2660 521 2724 scientia
543 2667 611 2723 tum
634 2677 676 2721 ex
697 2656 857 2722 factorum
878 2655 1117 2734 observatione,

60 2750 126 2806 tum
153 2763 195 2806 ex
245 2740 438 2806 renuntiatis
466 2738 676 2806 rationalibus
707 2737 888 2804 coniicitur.
918 2737 1047 2805 Scilicet
1073 2761 1120 2805 se·

60 2825 200 2888 cundum
221 2761 302 2888 dano
324 2820 509 2889 methodum
533 2842 624 2886 mens
644 2830 754 2886 nostra
774 2841 812 2884 co
859 2819 990 2886 itionem
1017 2821 1120 2888 scien-

60 2903 179 2971 tificam
195 2903 335 2970 alicuius
349 2905 398 2970 rei
412 2903 603 2989 adipiscitur
616 2903 678 2968 hoc
692 2901 798 2967 modo:
814 2839 924 2966 diimo
938 2904 988 2968 sin
1035 2905 1119 2970 laria

59 2987 148 3054 illius
172 3009 187 3053 s
229 2989 306 3065 cisi,
329 2986 487 3072 adquam
502 3007 553 3050 res
566 2986 714 3081 quaesita
736 2985 889 3069 pertinet,
904 2985 985 3048 sensi
1012 3007 1049 3051 us
1063 3007 1119 3072 ap-

61 3071 180 3152 prehen
202 3071 249 3147 it,
274 3092 311 3136 ac
338 3070 496 3135 memoria
524 3077 662 3144 retraet3
688 3077 784 3151 atqae
806 3068 851 3131 ita
872 3065 933 3130 sihi
955 3081 1120 3151 comparat

59 3154 277 3240 cognitionem
308 3153 509 3228 sensitivam,
542 3171 626 3236 quae
658 3151 881 3233 experientiam
914 3150 1116 3215 constituit¹.

92 3330 103 3368 ¹
123 3325 293 3393 Experieatia
313 3331 384 3382 circa
403 3330 475 3382 lacta
488 3333 591 3381 interna
609 3329 640 3380 llt
658 3343 704 3393 per
722 3329 776 3380 vim
794 3330 943 3396 reflatoam
956 3329 1116 3394 intellectus.
1215 3354 1216 3377 ;

60 3403 97 3452 hd
118 3404 299 3466 perspicienda
317 3411 407 3457 antem
425 3403 496 3454 facta
519 3407 627 3453 esterna
645 3416 712 3465 opas
730 3406 771 3452 est
794 3402 985 3460 observatione,
1004 3419 1073 3468 quae
1092 3407 1119 3455 tn

60 3474 139 3526 tactis
157 3477 326 3540 colligendis,
345 3477 576 3540 examinandisqae
595 3476 732 3534 consistit,
758 3479 838 3537 atque
863 3478 1118 3538 experimentats'oae,

59 3561 127 3612 qaae
148 3561 198 3598 noa
217 3549 244 3599 la
263 3563 295 3599 eo
314 3563 341 3600 se
360 3552 494 3608 continet,
515 3553 543 3598 nt
562 3561 620 3606 res,
642 3553 720 3610 prout
738 3546 787 3596 sihi
805 3550 1117 3606 occurrant,e1amiaet.

61 3622 105 3670 sed
124 3621 283 3673 snbstantias
300 3621 452 3673 substantiis
471 3621 568 3678 subdit,
589 3633 688 3684 easque
706 3620 775 3670 inter
793 3633 850 3669 sese
870 3621 974 3678 miscet,
988 3626 1069 3684 atque
1081 3624 1119 3669 lta

61 3707 154 3755 nosos,
172 3700 199 3746 et
218 3695 347 3747 interdum
366 3697 485 3748 lasalltos
497 3694 616 3753 allectas,
637 3695 691 3745 sisa
710 3692 893 3756 phaenomena
906 3697 963 3744 arte
977 3693 1117 3758 psogtqait.
1211 3694 1212 3717 ¹

1136 3838 1211 3884 A
