2475 3909
472 187 724 235 enrrsnroeoorn
1029 165 1090 230 277

64 273 218 340 materiae
242 272 274 337 in
297 271 426 336 illarum
448 272 563 337 seriem
591 271 736 357 obrepat.
761 269 856 346 Hine,
883 277 1054 355 postquam
1076 290 1131 333 no-

64 355 171 420 rimus
186 354 266 440 quid
281 356 368 421 vires
383 351 542 419 humanae
565 354 682 418 mentis
696 352 832 417 obsolute
846 361 969 416 sumtae
989 351 1128 428 valeant,

62 458 146 520 opus
168 436 262 501 nobis
291 448 340 502 est
362 434 551 520 inquirere,
573 456 733 519 quaenam
760 433 934 499 adrerum
958 453 1130 517 assequen-

61 517 141 583 dum
165 521 214 583 vis
236 520 313 586 insit
334 517 413 603 ipsis
434 519 594 583 moraliter
627 516 763 594 sumtis,
791 514 860 581 sive
887 536 952 579 una
978 536 1054 579 eum
1075 517 1129 591 iis,

61 622 147 685 quae
171 600 299 665 illarum
321 621 417 667 usum
438 599 631 685 perturbare
653 597 765 665 solent.

102 683 173 750 123.
197 682 247 747 Ad
268 684 350 749 hane
371 685 592 766 quaestionem
613 678 799 749 solvendam
819 686 987 764 sequentes
1013 698 1130 763 propo-

60 764 196 829 sitiones
218 763 487 831 demonstramus:

102 846 201 933 Prop.
226 846 271 912 1⁸.
298 848 432 911 Animus
454 860 556 911 noster
569 867 663 931 neque
678 847 713 908 in
725 866 787 909 usu
798 863 940 908 sensuam
962 845 1048 907 circo
1063 863 1130 907 sers-

60 927 137 992 silio
155 930 291 1013 proprie
316 930 459 1013 fallitur,
482 952 518 995 m
538 950 575 991 ue
601 934 637 996 in
662 928 800 1011 simplici
828 924 1066 1011 apprehensione
1085 946 1130 988 er-

57 1010 314 1085 enumerarem,
337 1032 412 1097 quoe
433 1024 475 1076 est
496 950 648 1077 obertum
665 1010 833 1094 proprium
855 1006 1025 1072 intellectus
1049 1008 1072 1071 ¹.

100 1090 269 1157 Probatur.
294 1092 500 1170 Facultates,
526 1114 608 1178 quae
636 1095 724 1157 eirea
751 1091 879 1159 obieeta
905 1088 967 1153 sibi
1018 1088 1129 1175 ropria

57 1172 281 1259 decipiuntur,
304 1173 463 1241 absurdae
484 1186 569 1243 sunt.
592 1176 682 1260 Ergo
704 1196 808 1261 neque
834 1192 946 1238 sensus
967 1111 1036 1236 sahi
1059 1185 1129 1258 pot·

55 1266 107 1321 est
129 1258 215 1322 eirea
236 1256 367 1322 sensilia
389 1257 452 1323 sihi
475 1279 535 1343 pro
560 1258 622 1333 ria,
644 1279 674 1322 e.
699 1279 743 1343 g„
765 1259 855 1324 risus
880 1254 969 1319 eirea
990 1254 1127 1328 colorem

58 1358 168 1421 neque
191 1338 375 1405 intellectus
396 1340 430 1405 in
452 1278 593 1426 simphei
620 1339 876 1425 apprehensione
897 1338 1054 1403 essentiae
1077 1356 1128 1401 re·

57 1441 147 1497 rum,
171 1441 255 1505 quae
276 1431 326 1486 est
346 1422 516 1508 proprium
537 1424 610 1488 eins
632 1420 817 1497 obiectum,
840 1439 942 1504 aeque
966 1441 1003 1484 ae
1022 1429 1129 1484 exter-

57 1523 98 1567 na
123 1522 236 1567 rerum
259 1501 362 1569 lacies
383 1514 432 1570 est
453 1502 617 1571 obiectum
645 1504 815 1590 proprium
840 1522 1006 1568 sensnum.
1033 1502 1128 1564 Arete-

54 1585 165 1649 eedens
189 1585 233 1649 ita
255 1582 514 1653 demonstratur:
538 1587 660 1654 Omnes
680 1586 842 1671 potentiae
862 1598 1012 1652 naturam
1034 1604 1129 1647 snam

54 1675 190 1733 sumunt
212 1665 252 1731 ab
274 1664 413 1745 obiecto,
436 1669 476 1734 ad
497 1668 584 1755 quod
605 1667 797 1733 referuntur
814 1670 839 1744 ¹,
856 1687 893 1731 ac
915 1665 1051 1753 proinde
1073 1684 1128 1729 na-

55 1748 198 1815 turalem
220 1746 370 1815 ordinem
392 1748 433 1815 ad
455 1773 514 1837 pro
539 1752 626 1816 rium
647 1748 811 1816 obiectum
832 1747 961 1827 habent,
981 1759 1013 1815 et
1033 1758 1126 1813 natu·

53 1831 171 1899 raliter
190 1830 230 1895 ad
252 1830 333 1896 illud
356 1771 594 1917 assequendum.
617 1844 797 1917 operantur
812 1832 835 1895 ⁸.
865 1832 952 1915 Ergo
978 1832 1005 1895 si
1026 1849 1127 1915 quae-

54 1913 130 1978 dam
152 1910 288 1979 facultas
310 1916 474 1999 cognitrix
496 1917 582 1981 eirea
604 1912 766 1980 obiectum
788 1912 851 1977 sibi
878 1915 1049 1999 proprium
1070 1909 1125 1977 de·

54 1996 233 2082 eriperetur,
255 2016 371 2081 nempe
393 1994 558 2063 obiectum
580 2018 676 2061 suum
703 2016 767 2061 non
788 2006 1025 2079 assequeretur,
1053 1994 1127 2078 ipsa

54 2088 207 2144 naturam
239 2098 332 2142 snam
365 2080 552 2157 amitteret,
576 2075 610 2142 id
636 2078 724 2163 quod
750 2076 843 2143 valde
865 2076 1041 2143 absurdum
1063 2086 1123 2140 est.

54 2159 142 2224 Hine
163 2178 188 2223 s.
212 2158 349 2224 Thomas
367 2160 493 2246 inquit:
517 2160 647 2225 «Nulla
663 2162 805 2247 potentia
829 2160 1048 2245 cognoscitiva
1069 2154 1125 2223 de·

52 2240 123 2306 deit
143 2260 163 2304 a
184 2240 368 2325 cognitione
390 2244 441 2308 soi
463 2242 599 2319 obiecti,
622 2244 684 2307 nisi
712 2254 847 2329 propter
872 2241 1013 2328 aliquem
1035 2237 1126 2306 dele-

53 2334 156 2399 ctum,
180 2334 237 2387 aut
256 2326 499 2410 corruptionem
521 2346 612 2391 suam
627 2327 641 2362 ⁸
656 2349 688 2389 s.

92 2406 165 2471 sal.
189 2406 285 2491 Prop.
308 2404 355 2470 2¹.
372 2406 549 2473 lmettecrm
568 2428 630 2471 aon
649 2418 733 2473 erret
752 2408 838 2472 eirea
856 2408 967 2492 prime
983 2424 1125 2489 pronun·

54 2488 137 2551 tiata
153 2505 211 2571 per
224 2500 349 2583 semoto,
371 2490 436 2553 sive
456 2491 543 2555 eirea
552 2490 717 2585 principie
730 2492 755 2567 ⁸,
770 2511 807 2553 oe
827 2511 864 2553 ue
878 2491 965 2554 eirea
984 2509 1030 2566 ee,
1046 2506 1123 2572 quoe

52 2589 90 2631 ee
153 2578 327 2635 enuntiatis
343 2590 401 2653 per
421 2594 452 2637 se
473 2576 730 2656 molismum,
750 2587 778 2635 et
798 2510 893 2653 focile
914 2572 1119 2635 deducemur.

123 2649 251 2717 robatur
272 2650 305 2717 1·
328 2673 414 2737 pars.
434 2655 652 2727 Pronuntiata
669 2675 729 2741 per
748 2676 782 2720 se
804 2664 879 2720 nota
900 2675 942 2719 ex
969 2652 1037 2717 sola
1058 2662 1123 2717 ter·

85 2923 93 2958 ¹
118 2939 131 2966 ι
156 2916 308 2969 intellectus
328 2928 381 2966 non
399 2915 532 2979 decipitur
550 2918 576 2967 la
596 2918 780 2981 cognoscendo
798 2919 868 2982 quod
887 2920 951 2982 quid
971 2926 1031 2980 est,
1051 2922 1123 2973 sieut

51 3007 99 3045 nee
120 3004 214 3043 sensns
232 2992 260 3039 ln
280 2990 388 3053 proprio
407 2988 523 3039 sensibili
537 3008 562 3048 ις
577 2991 627 3055 op.
640 2995 684 3040 eit.
704 2990 780 3050 thid..
801 3006 827 3041 e.
842 2990 887 3041 61.
909 2988 943 3043 Et
962 2992 1036 3043 alibi:
1053 3014 1064 3039 ι
1079 2993 1121 3047 ln·

50 3067 177 3117 telleetus
196 3062 275 3113 habet
294 3074 387 3114 rernm
407 3062 535 3113 ludielnm
554 3062 586 3115 de
607 3062 714 3125 proprio
732 3063 857 3123 obtecto,
878 3065 904 3114 tn
924 3067 993 3130 qnod
1012 3071 1122 3119 natura·

48 3140 108 3191 liter
135 3134 238 3195 tendit,
265 3134 335 3199 quod
359 3139 400 3185 est
425 3134 557 3199 quiddltar
576 3136 634 3193 rei,
653 3136 724 3187 sieut
742 3141 770 3186 et
789 3137 861 3187 risus
880 3136 912 3187 de
932 3139 1021 3188 colore
1043 3156 1068 3198 η
1088 3142 1121 3191 ln

48 3212 91 3263 to.
112 3212 130 3263 1
146 3210 230 3268 seat..
251 3204 315 3259 illst.
330 3202 403 3266 ΙΙΙΙΙ,
423 3222 451 3272 q.
467 3204 501 3267 V,
521 3221 547 3258 ι.
566 3206 577 3257 Ι
600 3207 634 3260 ad
654 3208 681 3258 7.
701 3205 764 3261 Vid.
783 3210 866 3259 etiam
887 3224 914 3273 p.
929 3208 994 3269 264,
1014 3216 1070 3261 not.
1091 3212 1119 3263 3.

81 3278 502 3347 ²crnmemrt.‚e.1,a.o,
524 3294 551 3343 p.
574 3278 636 3331 tos.

82 3350 152 3480 ’xCl
168 3348 320 3475 milhem..
339 3348 351 3403 Ι
363 3387 371 3411 ,
391 3367 419 3417 q.
439 3348 580 3420 lxxxv,
599 3366 627 3404 a.
647 3352 664 3404 6
683 3366 722 3415 ο.,
741 3357 770 3404 et
788 3356 836 3419 Qq.
857 3355 955 3419 dtrpp„
980 3354 1020 3404 lle
1044 3356 1117 3415 Poe,

68 3466 74 3479 .
124 3440 181 3486 ,ι,
237 3424 271 3475 ad
290 3424 319 3475 l.

47 3442 92 3536 14
113 3501 205 3553 Ceno.
226 3498 313 3555 Gent„
333 3496 381 3546 lib.
404 3493 451 3555 ΙΙΙ,
471 3510 498 3548 e.
519 3496 583 3555 107,
603 3512 632 3547 n.
651 3499 680 3548 8.
701 3490 736 3547 Cl
751 3513 780 3562 p.
800 3496 854 3548 2⁴7
873 3512 914 3563 sq.

79 3573 92 3609 ὅ
113 3590 126 3617 ι
148 3566 206 3621 Non
226 3568 356 3633 contingit
379 3568 547 3619 intellectum
566 3583 657 3620 errare
675 3571 747 3619 eirea
767 3570 895 3633 principia
921 3570 1069 3622 meandum
1090 3586 1119 3625 te

46 3644 215 3701 eonrtderata
238 3658 264 3702 η
285 3641 317 3695 ln
336 3640 381 3693 ltb.
401 3643 431 3692 11
447 3642 532 3702 Sene,
552 3637 622 3693 hist.
641 3637 763 3705 xxxix,
784 3656 811 3709 q.
831 3639 879 3707 ΙΙΙ,
899 3656 926 3697 a.
949 3643 960 3692 t
983 3643 1016 3693 nd
1038 3644 1063 3696 l.
