2475 3909
148 175 208 242 lt8
535 190 766 240 ornaurnocra

106 298 174 342 sant
200 300 258 364 per
281 279 422 364 speciem
437 276 689 361 intelligibilem,
704 279 788 343 sicut
801 286 833 342 et
846 278 910 343 alia
935 302 964 356 u,
987 289 1083 365 atque
1098 279 1179 346 banc

107 360 249 444 speciem
273 380 336 423 non
359 379 428 424 esse
450 359 592 443 aliquam
620 360 760 444 speeiem
788 357 982 425 abstractam
1004 381 1022 424 a
1043 383 1101 440 se,
1125 364 1179 427 scd

107 462 176 505 csse
210 439 356 505 eamdem
389 441 531 526 speciem
563 439 712 518 obiecti,
735 442 822 525 qnod
851 440 1105 528 apprehendit&
1132 445 1180 509 Re

107 542 184 586 uera
208 545 225 582 u
249 523 454 606 cognoscitur
487 523 595 586 anima
621 542 681 608 per
707 523 849 608 speciem
871 544 889 586 a
910 521 1084 588 sensilibus
1110 524 1182 590 abs-

108 613 268 678 tractam,
292 624 356 668 non
399 604 470 669 uasi
497 603 700 688 intelligatur
725 604 849 690 species
875 603 931 668 illa
957 623 1027 668 esse
1053 607 1181 672 animae

107 685 314 762 similitudo,
337 623 397 749 sel
438 685 492 748 uia
513 694 662 750 naturam
684 686 803 769 speciei
825 684 1074 763 considerando,
1095 709 1180 774 quae

109 789 128 830 a
150 766 296 831 sensibus
317 706 537 843 abstrabitur,
559 765 725 831 invenitur
746 778 863 832 natura
884 767 1035 846 animae,
1062 769 1095 834 in
1116 790 1183 855 qua

108 847 296 913 huiusmodi
318 849 444 934 species
465 848 655 933 reperitur²
673 870 701 910 a.
1016 873 1021 880 a

152 930 221 994 ll2.
246 930 343 1016 Prop.
366 929 413 994 2⁸.
437 930 614 996 Intellectus
636 930 776 992 carnium
799 950 929 994 auarum
947 933 1182 1017 perceptionum

113 1010 301 1074 habitualem
322 1013 587 1097 appereeptionem
604 1011 781 1095 perenuiter
795 1010 895 1090 babet,
910 1033 971 1076 aaa
985 1032 1056 1076 aera
1069 1033 1185 1098 apper-

114 1095 280 1176 eeptionem
303 1094 455 1158 actualem
472 1094 494 1156 ⁸.

154 1173 309 1238 Probatur
332 1173 366 1239 1·
389 1196 474 1261 pars.
498 1173 653 1258 Cognitio
675 1169 852 1238 habitualis
871 1195 914 1236 ex
933 1195 972 1240 eo
988 1184 1114 1240 tantum
1134 1178 1188 1242 el-

110 1255 237 1332 licitur,
260 1255 347 1342 quod
371 1257 478 1322 anima
500 1267 548 1321 est
569 1253 631 1319 sibi
656 1273 829 1338 praesens,
851 1264 885 1320 et
904 1258 1030 1344 species
1052 1279 1185 1336 rerum,

112 1358 193 1422 quas
217 1338 379 1423 percipit,
403 1340 437 1404 in
460 1359 494 1402 se
516 1339 647 1403 retinet.
672 1338 773 1420 Atqui
799 1337 905 1402 anima
931 1340 1115 1423 perenniter
1135 1354 1187 1410 est

117 1420 178 1483 sibi
205 1440 366 1504 praescus,
390 1430 423 1487 et
444 1422 569 1505 species
590 1439 715 1493 rerum,
738 1439 819 1502 quas
841 1422 1002 1505 percipit,
1026 1421 1057 1485 in
1079 1442 1113 1485 se
1133 1445 1188 1488 rc-

114 1502 206 1566 tinet.
231 1505 318 1587 Ergo
340 1503 447 1566 anima
470 1503 618 1568 amnium
637 1503 882 1584 perceptionum
898 1505 1188 1589 appereeptionem

112 1582 312 1648 habitualem
336 1584 522 1669 perenniter
544 1581 651 1648 babet.

157 1664 227 1730 tta.
252 1665 409 1730 Probatur
429 1662 466 1727 2⁸
490 1685 575 1750 pars.
599 1662 806 1729 Conscientia
828 1662 962 1729 actualis
982 1674 1114 1730 actuum
1136 1669 1188 1732 in-

113 1744 352 1812 tellectirorum
373 1749 408 1812 in
430 1747 538 1810 anima
560 1765 603 1810 ex
616 1765 657 1809 eo
670 1744 821 1820 efficitur,
842 1744 929 1829 quod
949 1745 1097 1811 voluntas
1117 1770 1189 1814 mo-

114 1839 169 1894 vet
191 1829 391 1895 intellectum
420 1827 459 1892 ad
489 1827 711 1892 rellexionem.
746 1826 846 1910 Atqui
873 1827 1020 1892 uoluntas
1046 1849 1110 1894 non
1133 1853 1190 1897 ne-

116 1913 281 1991 cessario,
312 1910 367 1976 setl
395 1908 499 1975 libere
527 1916 636 1974 moret
668 1906 868 1973 intellectum
895 1907 935 1972 ad
961 1907 1187 1979 reflexionem.

116 1996 205 2079 Ergo
225 1994 421 2060 conscientia
436 1989 582 2068 actualis,
595 1991 665 2055 sive
680 1990 816 2054 actualis
830 1993 1040 2085 appereeptia
1054 2004 1190 2062 actuum

116 2074 322 2162 intelligendi
346 2071 530 2139 necessario
552 2094 614 2138 non
637 2071 788 2137 convenit
806 2091 947 2136 ammae.
971 2078 1072 2158 Atqui
1092 2076 1190 2156 illud,

117 2155 205 2240 quod
229 2156 411 2222 necessario
439 2176 504 2219 non
531 2155 683 2219 convenit
704 2153 800 2217 alicui
823 2154 895 2230 rei,
913 2175 971 2240 per
992 2158 1132 2224 accidere
1155 2163 1189 2227 ei

117 2240 279 2318 convenit,
302 2249 335 2304 ot
354 2235 442 2323 quod
463 2246 513 2302 est
535 2254 594 2320 per
616 2231 775 2312 accidens,
798 2236 905 2301 aiente
926 2256 952 2301 s.
968 2237 1100 2319 Thoma,
1123 2264 1191 2307 non

117 2332 223 2406 potest
243 2341 312 2386 esse
334 2339 475 2405 semper,
496 2328 529 2384 et
549 2319 581 2381 in
596 2315 748 2381 omnibus
761 2319 786 2379 ⁴.
810 2319 898 2402 Ergo
917 2318 1101 2386 intellectus
1122 2345 1190 2388 non

118 2424 258 2490 semper,
280 2423 340 2468 nec
361 2401 505 2465 omniurn
534 2408 666 2465 actuum
692 2419 825 2463 suorum
847 2401 1045 2468 conscientia
1066 2407 1191 2472 actuali

142 2486 230 2551 ollet.

116 2508 231 2634 pill.
255 2565 351 2644 Quod
376 2565 402 2630 si
425 2563 573 2649 quaestio
607 2569 751 2627 versetur
783 2563 870 2626 circa
903 2569 1191 2652 appereeptionem

119 2651 366 2736 perceptionum
389 2645 631 2722 sensitirarum,
645 2644 716 2728 ipsa
731 2642 915 2708 dirimenda
936 2657 986 2712 est
1003 2647 1064 2712 boa
1078 2649 1190 2716 modo:

119 2731 339 2818 Apperceptia
353 2726 527 2795 habitualis
540 2726 657 2790 barum
671 2727 820 2789 omniurn
835 2730 1083 2824 perceptionum
1105 2753 1195 2798 sem-

119 2835 179 2898 per
200 2813 240 2878 ab
263 2812 371 2877 anima
393 2810 542 2885 babetur,
566 2805 607 2871 ob
630 2805 793 2882 eamdem,
812 2827 911 2890 quam
929 2831 962 2874 rn
978 2811 1082 2894 prima
1097 2825 1193 2897 parte

120 2894 352 2982 propositionis
375 2891 558 2966 attulimus,
580 2889 751 2954 rationem.
781 2891 999 2975 Apperceptio
1029 2904 1138 2960 autem
1159 2918 1195 2961 a·

120 2979 236 3043 ctualis
256 2995 370 3040 earum
391 2973 538 3040 omnium
558 2969 698 3038 babetur
712 2967 826 3036 eodem
840 2975 999 3058 temporis
1013 2987 1192 3057 momento,

120 3081 186 3146 quo
202 3081 253 3125 res
267 3079 285 3121 a
300 3054 394 3121 nobis
409 3053 652 3142 percipiuntur,
663 3054 741 3136 quia
755 3071 819 3147 nos·
827 3057 1052 3140 perceptiones
1065 3060 1197 3127 sensiti-

120 3163 177 3207 vas
192 3139 437 3229 appereipimus
450 3158 511 3223 ape
527 3155 640 3201 sensus
655 3154 850 3210 commuuts;
865 3137 955 3220 atqui
976 3158 1089 3202 sensus
1102 3160 1195 3206 com-

121 3226 230 3289 munis
250 3245 314 3288 una
336 3242 411 3285 curn
434 3219 581 3285 sensibus
602 3217 744 3312 externis
759 3226 926 3301 operatur,
942 3219 1020 3302 quia
1039 3232 1088 3287 cst
1101 3222 1197 3307 prin-

122 3302 258 3392 cipium,
281 3314 312 3371 et
332 3304 490 3370 terminus
511 3301 659 3366 omnium
682 3305 847 3362 actionum
866 3319 980 3364 eornm
996 3303 1020 3379 ⁵3
1036 3322 1115 3389 ergo
1130 3325 1193 3371 nos

159 3503 169 3540 Ι
190 3501 210 3558 l.
231 3517 259 3566 q.
279 3496 436 3559 bfflllll,
455 3513 482 3548 a.
505 3498 515 3548 l
538 3496 571 3548 etl
593 3496 621 3547 3.
637 3495 696 3533 —2
716 3497 767 3562 Oc.
786 3497 884 3560 dtrpp..
905 3495 970 3545 ibid.
991 3495 1024 3546 etl
1044 3497 1072 3550 9.

157 3571 225 3626 ³tlt
239 3588 263 3624 e.
284 3573 383 3625 Bonae.
407 3575 436 3622 tn
456 3569 502 3622 tu.
522 3569 564 3620 ttr
580 3570 665 3628 Sena,
685 3566 755 3620 unt.
773 3564 897 3626 ttttttttt.
917 3567 981 3618 tlub.
1001 3567 1030 3618 Ξ.

157 3647 169 3683 ⁴
190 3649 278 3699 Gener.
300 3647 386 3707 (ient,
407 3644 453 3694 lib.
477 3640 509 3703 ll,
530 3655 556 3692 o.
579 3641 624 3690 st.
640 3641 699 3678 -5
718 3635 754 3691 Gi
771 3655 799 3704 p.
822 3637 950 3691 lli-¹23.
