2475 3909
137 147 198 211 ale
551 160 733 215 muscum

98 252 220 334 species
241 254 350 313 rerum
378 245 533 324 haberet,
561 259 733 334 antequam
759 247 846 332 ipsas
872 246 1165 327 efformare13nec

97 330 287 409 secundum,
309 331 388 417 quia
409 328 591 398 intellectus
609 330 723 415 nequit
745 330 777 394 in
798 330 905 427 seipso
926 331 1076 428 effingere
1091 354 1168 419 spe-

96 413 164 478 cies
187 412 319 479 illarum
340 422 468 489 rerum,
490 431 571 497 quas
595 433 661 478 non
683 423 857 497 cognoscat.
881 415 968 499 Ergo
990 434 1083 500 origo
1108 436 1166 479 no-

96 508 181 591 strae
203 496 398 617 cognitionis
414 493 595 561 secuudum
615 503 753 582 systema
776 494 1042 562 Scholasticorum
1058 497 1164 583 expli-

96 600 163 643 cari
185 600 224 643 ne
249 581 300 644 uit
326 626 334 641 .

135 660 185 725 66.
210 599 321 747 illesp,
338 660 419 727 Dist.
442 657 616 729 secundam
642 669 767 743 partem
789 658 930 734 maioris,
954 667 1010 723 aut
1030 679 1092 723 non
1113 682 1165 725 eo-

95 743 238 824 qnoseit,
264 744 308 809 ita
335 754 465 820 tamen,
488 752 525 807 ut
547 740 711 807 obiectum
735 741 872 837 potentio
897 740 1092 889 intellipibile
1118 744 1164 811 sit

97 826 160 909 ipsi
184 846 348 909 praesens,
371 844 469 906 conc,
492 844 597 904 secus,
611 843 683 907 nep.
700 824 782 889 Drst.
801 822 880 887 item
894 843 990 888 secun
1014 846 1065 888 am
1090 846 1164 912 par-

97 916 163 972 tem
185 906 330 987 minoris,
352 907 458 992 nequit
478 906 615 992 effinpere
638 915 714 983 etc,
737 905 764 969 si
787 902 951 969 obiectum
961 906 1165 989 potentioin-

96 988 253 1069 tellipibile
268 1009 332 1053 non
346 990 390 1054 sit
402 990 465 1086 ipsi
485 1009 650 1135 praesens,
666 1009 765 1063 conc„
781 1006 884 1064 secus,
899 1008 965 1071 nep.
982 991 1060 1073 Nep.
1077 1010 1161 1055 cons.

96 1069 144 1134 Re
166 1071 301 1155 quidem
322 1092 398 1138 vera
420 1080 485 1136 rute
501 1072 603 1137 lectus
625 1091 723 1155 agens
744 1069 892 1134 eliormat
912 1073 1054 1156 speciem
1069 1073 1166 1136 intel-

98 1150 256 1237 ligibilem
277 1174 337 1239 per
360 1152 623 1233 abstractionem,
638 1174 735 1237 quam
758 1150 949 1217 naturaliter
962 1164 1088 1220 exercet
1109 1175 1163 1219 su-

96 1254 155 1318 per
177 1234 378 1320 phantasma,
399 1245 433 1301 et
457 1235 535 1301 haec
557 1236 732 1303 abstractio
754 1242 886 1297 nonest
907 1255 957 1311 ea,
980 1258 1062 1323 quae
1083 1234 1164 1301 (lici-

96 1329 151 1382 tur
167 1336 226 1400 per
246 1319 372 1383 modum
393 1319 645 1402 compositionis,
667 1326 695 1381 et
716 1316 900 1393 divisionis,
923 1317 977 1382 sed
999 1340 1055 1396 ea,
1077 1338 1162 1401 qnae

96 1398 220 1465 dicitur
240 1419 301 1496 per
325 1401 452 1465 nimum
480 1400 733 1484 simplicitatis²;
757 1408 979 1483 quapropter,
1006 1402 1053 1466 uti
1080 1401 1160 1467 alibi

96 1481 323 1548 adnotavimus
335 1484 358 1561 ⁸,
383 1481 564 1548 intellectus
586 1502 683 1567 agens
706 1478 746 1544 ad
766 1480 995 1547 efformandam
1018 1483 1162 1580 speciem

97 1563 342 1649 intelligibilem
357 1566 553 1647 expostulat,
568 1578 605 1634 ut
618 1564 818 1650 phantasma,
833 1560 919 1645 quod
935 1576 982 1631 est
996 1565 1162 1629 obiectum

91 1650 228 1731 potentio
249 1644 472 1733 intelligibile,
497 1667 648 1734 praesens
668 1646 730 1731 ipsi
753 1644 813 1721 sit,
836 1644 889 1710 sed
913 1668 976 1711 non
997 1658 1033 1713 ut
1055 1645 1162 1711 ideam

96 1730 167 1797 eius
189 1727 365 1793 inminse
387 1727 512 1795 babeat.
535 1728 667 1795 Nemini
688 1737 796 1791 autem
818 1730 984 1811 negotium
1010 1728 1161 1803 lacessat,

96 1811 303 1897 phantasma,
323 1809 412 1958 pund
434 1810 475 1877 atl
496 1810 686 1879 facultatem
706 1809 891 1875 sensitivam
915 1812 1068 1895 pertinet,
1091 1833 1162 1877 esse

95 1912 248 1980 praesens
269 1892 335 1959 inte
350 1892 460 1959 lectui.
484 1894 579 1973 Nam,
602 1892 752 1980 quamvis
774 1893 899 1959 animae
923 1890 1091 1961 facultates
1113 1895 1162 1958 in-

96 1989 148 2042 ter
168 1996 237 2041 sese
259 1973 512 2061 distinguantur3
531 1987 639 2043 tamen
654 1996 718 2041 una
733 1982 780 2038 est
793 1994 906 2038 earum
921 1975 1028 2051 radix,
1044 1997 1162 2041 unum·

95 2079 159 2143 que
181 2080 234 2137 eo,
256 2078 321 2141 qno
341 2058 589 2145 explicavimus,
604 2056 712 2135 modo,
736 2066 784 2121 est
806 2055 951 2140 ipsarum
965 2057 1159 2132 subiectum,

95 2160 210 2226 nempe
233 2142 372 2205 essentia
394 2142 521 2205 animae
534 2143 559 2217 ⁸3
583 2142 628 2209 ita
651 2148 773 2205 utnon
795 2136 954 2215 lacultas,
976 2140 1030 2206 sed
1053 2142 1162 2205 anima

96 2243 155 2307 per
177 2220 363 2287 facultatem
390 2222 514 2307 aliquid
536 2244 632 2307 agere
655 2223 788 2309 proprie
815 2220 978 2287 dicaturl.
1003 2225 1088 2288 llinc
1110 2221 1159 2308 lit,

96 2316 132 2371 ut
153 2306 274 2382 anima,
295 2324 371 2370 cum
393 2325 451 2389 per
472 2306 661 2371 facultatem
676 2305 862 2370 sensitivam
885 2306 1073 2390 phantasma
1088 2326 1162 2392 per-

94 2390 193 2473 cipit,
217 2407 275 2472 per
296 2383 494 2452 intellectum
515 2397 664 2473 agentem
685 2388 791 2452 exerit
810 2387 971 2453 actionem
992 2388 1162 2456 abstracti·

97 2492 170 2534 vam
192 2471 225 2533 in
248 2468 447 2556 phantasma.

135 2554 186 2618 67.
208 2552 317 2621 Obiic.
338 2547 373 2613 2⁰
393 2549 577 2617 Intellectus
597 2551 770 2617 essentiam
786 2570 990 2617 communem
1011 2553 1052 2618 ab
1075 2552 1163 2621 indi-

96 2633 204 2700 viduis
227 2633 412 2702 abstrahere
434 2654 497 2698 non
520 2645 647 2718 potest,
677 2634 740 2702 nisi
770 2634 861 2718 prius
887 2643 960 2700 noto
987 2640 1159 2710 communi,

26 2770 30 2779 .
95 2717 163 2781 sive
186 2716 259 2782 idea
281 2716 424 2803 generali
447 2717 601 2803 potiatur.
617 2718 705 2801 Ergo
724 2725 850 2781 tantum
871 2715 972 2795 abest,
987 2730 1024 2783 ut
1038 2718 1162 2786 abstra-

95 2800 160 2945 ctip
180 2800 330 2920 eliormet
355 2798 464 2867 ideam
484 2797 724 2875 universalem,
745 2808 782 2863 ut
804 2800 913 2884 potius
935 2800 1040 2887 ipsam
1062 2822 1162 2888 expo-

95 2892 145 2948 sm
159 2892 192 2947 ct
217 2929 224 2944 .

133 2964 185 3031 68.
209 2964 321 3047 Resp,
336 2963 415 3045 Nep.
438 2974 502 3027 ont.
526 2961 654 3031 Etenim
679 2958 853 3031 abstractio
875 2984 940 3031 nou
961 2964 1159 3053 expostulat,

132 3204 140 3240 ¹
161 3197 197 3253 61
211 3199 356 3252 Auctorem
383 3204 466 3254 instit.
485 3203 549 3267 phil.
569 3204 604 3254 od
622 3216 697 3253 mum
722 3206 820 3255 semin.
840 3205 934 3268 laod..
961 3205 1022 3255 Met.
1042 3205 1161 3265 special„

95 3274 158 3327 Pars
172 3272 206 3334 ll,
226 3276 289 3325 diss.
303 3270 339 3335 ll,
359 3287 386 3325 a.
401 3273 429 3326 3.
449 3272 516 3326 Fere
534 3275 628 3327 codem
646 3282 805 3339 argumento
824 3290 887 3326 usus
906 3280 946 3327 est
964 3278 1045 3326 etiam
1058 3272 1164 3328 llosmi-

95 3351 166 3404 aias,
187 3348 219 3397 Ν.
240 3348 281 3409 S..
301 3360 357 3397 sex.
378 3344 424 3405 lv,
443 3361 470 3397 c.
491 3346 513 3408 l,
533 3362 559 3398 a.
583 3348 627 3407 16,
647 3353 674 3397 et
694 3350 738 3397 17.

129 3419 142 3456 ²
161 3414 197 3470 61
212 3416 342 3483 Duorum„
362 3419 437 3476 thid..
458 3434 486 3482 p.
509 3420 632 3471 isa-³
653 3422 729 3480 totu,
750 3435 776 3483 p.
800 3421 861 3471 139.

131 3489 142 3528 ⁶
162 3487 197 3544 61
213 3492 341 3555 Donum„
359 3506 385 3543 a.
407 3490 429 3551 l,
449 3506 475 3542 a.
494 3494 522 3552 4,
542 3507 570 3555 p.
592 3492 655 3543 106.

132 3564 143 3598 ⁵
162 3558 198 3613 61
213 3576 236 3612 s.
258 3557 365 3625 Thoan,
386 3566 435 3629 Ως.
455 3566 554 3629 dispo,
575 3568 614 3617 De
638 3568 709 3625 Ver..
730 3580 757 3631 q.
778 3562 813 3626 x,
833 3578 859 3616 a.
880 3565 896 3617 ll
915 3578 941 3617 c.

130 3636 142 3674 ⁶
161 3628 197 3687 61
211 3630 341 3699 loomim,
362 3638 415 3689 lac.
436 3638 484 3687 eit.

7 3836 127 3875 A—
