2475 3909
484 200 757 248 asairnoroaooas
1042 181 1103 246 ‘205

74 306 179 370 neque
203 287 345 349 actiones
367 284 540 348 interiores
567 287 682 362 animi,
707 306 810 368 neque
832 282 1009 348 exteriores
1031 301 1146 428 corpo-

74 370 119 430 ris
143 368 296 450 imputari
327 376 460 451 queunt.
491 368 587 450 Atqui
612 368 672 431 hoc
695 365 839 431 infinitae
868 364 1056 449 perfectioni
1111 365 1141 428 ei

74 449 214 513 maxime
246 447 415 531 indignum
438 457 507 522 est,
532 460 628 533 atque
654 468 781 511 omnem
806 446 1020 510 moralitatem
1043 449 1145 513 actio-

73 551 149 593 num
173 529 384 596 humanarum
411 527 561 594 destruit.
594 532 681 614 Ergo
704 540 843 614 systema
870 550 1038 592 causarum
1060 551 1145 592 occu-

73 610 240 674 sionuliam
266 612 382 694 impias
403 613 627 675 conclusiones
654 613 748 695 parit.

112 692 163 756 54.
181 692 289 758 Obiie.
315 691 347 758 1⁰
363 694 478 754 Anima
502 693 615 764 noscit,
639 693 719 777 quid
742 694 798 766 sit,
814 711 879 775 quo
902 690 1046 755 membra
1070 712 1142 755 cor-

72 774 162 857 poris
177 785 357 840 moventur.
377 775 464 857 Ergo
479 772 547 857 ipsa
563 795 627 838 uon
648 788 695 839 cst
710 794 805 837 causa
822 781 968 836 motuum
984 773 1142 856 corporis,

112 855 163 918 55.
189 856 284 942 Besp.
309 857 387 937 Nep.
417 875 497 918 coos.
523 855 652 918 Etenim
681 857 789 918 anima
818 865 965 918 motuum
992 855 1143 940 corporis

71 955 169 998 causa
191 948 264 1014 est,
289 950 448 1020 quatenus
470 957 525 1000 eos
547 936 762 1019 praescribit,
790 956 907 1019 eosque
938 956 996 1019 per
1022 957 1144 1021 organa

72 1019 219 1103 corporis
240 1032 374 1084 exercet
390 1019 411 1080 ¹.
435 1017 597 1093 Quocirca
621 1019 630 1081 i
655 1039 690 1082 sa
711 1038 907 1102 cognoscere
930 1017 1063 1100 quidem
1090 1017 1145 1081 de·

72 1099 128 1166 bet
149 1112 267 1176 motus,
290 1121 372 1185 quos
394 1097 573 1246 producere
595 1037 688 1178 vuit,
710 1121 773 1166 uon
796 1120 873 1164 vero
895 1097 1028 1164 modum
1047 1147 1056 1176 ,
1078 1119 1143 1185 quo

71 1199 194 1264 organa
218 1185 363 1265 corporis
384 1181 456 1246 iios
478 1192 698 1266 exequuntur.

113 1264 165 1329 56.
188 1264 296 1330 Obiic.
320 1261 354 1326 2⁰
378 1263 475 1329 Nulla
496 1271 545 1328 est
572 1263 733 1328 connexio
765 1263 851 1327 inter
873 1262 1047 1328 volitiones
1075 1262 1143 1327 ani-

71 1365 159 1421 mae,
182 1355 214 1411 et
236 1355 341 1411 motus
363 1348 522 1430 corporis.
545 1346 645 1429 Ergo.

112 1427 164 1491 57.
190 1428 287 1512 Resp.
304 1427 383 1508 Nep.
407 1437 470 1489 ont.
492 1426 576 1492 Nam
598 1427 627 1490 si
650 1424 835 1500 animanti
859 1423 1073 1501 ostendimus,
1096 1434 1143 1488 est

70 1507 172 1571 simui
188 1530 262 1574 cum
276 1529 411 1593 corpore
427 1507 627 1593 principium
642 1508 790 1571 omnium
805 1507 1046 1590 operationum,
1061 1526 1144 1589 quas

69 1591 105 1652 in
128 1609 264 1676 corpore
286 1591 532 1671 conspicimus,
557 1589 701 1653 maxima
722 1588 881 1653 connexio
905 1591 992 1652 inter
1016 1589 1143 1653 volitio÷

70 1692 143 1748 nes,
159 1672 303 1757 aliasque
326 1672 531 1758 operationes
555 1690 613 1755 pro
640 1670 706 1734 rias
727 1671 868 1747 animae,
885 1682 981 1753 atque
1004 1668 1090 1735 inter
1109 1690 1145 1733 o-

71 1757 259 1836 perationes
281 1754 427 1840 corporis
450 1755 590 1818 existere
613 1690 750 1816 iicenda
772 1753 854 1816 cst².

166 1889 234 1940 Aur.
256 1888 302 1939 ΙΙΙ.
314 1886 484 1938 —Doetrina
506 1886 661 1935 harmoniae
680 1883 877 1947 praestabilitate
897 1879 1054 1931 contutatur

113 2001 166 2067 58.
189 1999 382 2076 Leibnitius‚
407 2019 503 2074 cum,
526 2005 563 2059 ut
585 1993 666 2058 alibi
688 1991 832 2058 diximus
845 1993 869 2070 ³,
892 1990 1142 2079 possibilitatem

69 2083 209 2150 actionis
232 2081 439 2156 transeuntis,
453 2099 489 2142 ac
506 2074 642 2163 proinde
659 2077 873 2161 actionis,qua
889 2075 1012 2149 anima,
1029 2084 1059 2138 et
1075 2091 1145 2135 cor-

70 2156 137 2253 pus
160 2165 193 2229 iu
216 2185 284 2229 sese
307 2163 447 2227 invicem
467 2169 578 2245 agunt‚
591 2156 755 2222 inficiatus
776 2161 830 2233 sit,
843 2176 1035 2221 consensum
1059 2155 1143 2218 inter

70 2249 279 2333 operationes
293 2245 434 2318 animae,
450 2251 482 2308 et
495 2240 643 2327 corporis
658 2259 753 2302 exeo
769 2238 981 2336 repetendum
994 2257 1063 2301 esse
1085 2234 1142 2299 do·

69 2330 155 2404 cuit,
169 2329 256 2413 quod
278 2328 365 2392 Deus
389 2325 543 2399 animam,
556 2332 586 2388 et
602 2341 721 2405 corpus
741 2322 775 2384 in
796 2321 933 2406 singuiis
954 2315 1146 2384 hominibus

69 2412 119 2476 ita
142 2411 319 2482 constituit,
335 2417 384 2484 ut,
407 2407 483 2470 dum
507 2407 627 2481 anima,
644 2417 676 2467 et
690 2423 808 2487 corpus
830 2401 911 2468 nihii
934 2401 967 2464 in
982 2421 1051 2465 sese
1075 2419 1146 2462 mu-

69 2502 133 2558 tuo
147 2503 258 2577 agunt,
275 2493 444 2573 utriusque
466 2488 673 2572 operationes
696 2483 833 2550 mirifice
853 2483 916 2551 sibi
932 2481 1142 2546 consentiant.

71 2574 168 2638 Hanc
190 2575 346 2640 theoriam
378 2579 515 2657 systema
538 2567 716 2632 hermoniae
741 2564 970 2650 praestabilium
1003 2561 1143 2637 vocavit,

68 2655 154 2739 quia
184 2659 253 2754 ipsa
276 2655 475 2718 harmoniam
491 2651 576 2712 inter
590 2649 796 2733 operationes
816 2650 957 2722 animae,
975 2655 1144 2727 motusque

68 2758 256 2822 corporrsa
278 2737 347 2798 Deo
385 2729 613 2796 raostabilitam
637 2730 803 2812 cognoscit
817 2733 842 2792 ⁴.
865 2727 1001 2794 Modum
1023 2734 1144 2799 autem,

67 2839 140 2918 quo
164 2821 196 2882 in
217 2755 554 2903 singuiisiiominibus
570 2811 649 2874 haec
664 2811 829 2874 harmonia
845 2834 863 2876 a
881 2810 949 2874 Deo
965 2806 1145 2895 praestabi-

68 2903 187 2976 lratur‚
211 2902 255 2967 ita
270 2896 458 2983 explicavit:
482 2892 718 2977 Unaquaetibet
739 2896 860 2968 anima,
885 2905 982 2978 prout
1003 2892 1143 2959 schema,

69 3004 134 3048 seu
158 2994 252 3069 typus
275 2982 372 3047 totius
393 2977 538 3041 universi
559 2975 724 3041 evolvitur
738 2977 763 3048 ⁵,
779 2976 1000 3042 continuatam
1023 2972 1144 3037 seriem

440 3127 767 3143 -ι--ι-ιι-

114 3230 125 3272 ¹
146 3227 181 3283 Ci
196 3234 323 3296 Dynnm„
343 3243 370 3280 e.
390 3226 436 3286 Vi,
457 3242 484 3278 a.
505 3229 532 3285 3,
553 3240 580 3290 p.
602 3226 653 3276 189
672 3226 726 3275 vot.
748 3220 769 3274 Ι.

111 3306 124 3342 '³
143 3301 178 3358 Cf
198 3319 222 3353 s.
241 3299 349 3359 Tuom..
365 3304 521 3366 Qq.dr'rpp.‚
536 3314 564 3363 q.
580 3313 627 3347 un.
647 3302 684 3347 De
703 3300 769 3361 spir.
790 3294 950 3353 creat.,a.3
969 3292 1003 3342 aci
1022 3293 1050 3342 4.
1070 3292 1145 3344 Alias

69 3378 251 3436 abiectiones,
270 3389 303 3425 ex
322 3375 418 3439 quibus
437 3370 651 3423 Matabranohius
663 3367 749 3419 Deum
768 3382 819 3418 non
839 3381 915 3431 posse
933 3367 986 3415 rim
1007 3370 1146 3416 actuosam

69 3465 140 3505 eum
160 3451 237 3500 rebus
251 3449 349 3498 ornatis
361 3445 560 3495 communicare
574 3443 670 3506 arguit.
685 3441 860 3493 refutavimus
873 3441 899 3491 in
913 3438 1013 3499 θηται,
1027 3437 1082 3489 loe.
1096 3441 1144 3489 ait.

111 3522 244 3579 ³Ontot.,
264 3535 290 3570 c.
313 3515 358 3577 tx,
379 3531 405 3568 a.
425 3517 453 3576 2,
474 3531 501 3580 p.
522 3515 567 3566 63.

113 3591 126 3632 ⁴
145 3591 257 3658 Spnime
275 3605 392 3642 aenaeae
410 3591 441 3640 da
459 3591 486 3640 te
504 3595 573 3646 not„
593 3591 659 3644 eto„
680 3591 695 3646 s
717 3587 760 3638 tt.

113 3661 183 3719 ³Ci
200 3667 292 3734 idaei..
314 3679 339 3714 c.
362 3659 385 3724 i,
403 3675 430 3711 a.
451 3662 478 3722 3,
500 3676 526 3725 p.
551 3659 599 3712 rua
620 3658 673 3709 rol.
693 3657 716 3710 i.
