2475 3909
511 225 690 276 racemum
1046 206 1104 273 133

77 312 204 381 cilicem
231 318 356 399 potest,
379 319 417 375 ut
437 332 527 376 meus
551 312 592 376 ad
618 310 860 398 intelligibilia,
887 329 972 395 quae
999 307 1040 373 ab
1062 310 1143 394 ipsis

78 394 314 462 sensationibus
335 392 442 478 specie
463 393 630 471 differunt,
653 396 828 478 adsurgere
850 393 963 477 possit.

115 482 147 543 7.
171 477 279 544 Obiic.
309 474 487 621 vulgatum
516 486 565 542 est
590 476 671 542 illud
698 477 830 543 clintum
859 472 1140 541 scholasticorum:

77 560 172 625 Nihil
192 571 236 623 est
253 560 287 622 in
300 558 375 623 intel
390 568 471 633 ectu,
493 559 573 644 quod
589 560 685 643 prius
705 578 767 624 non
786 557 883 641 [uerit
905 558 940 622 in
960 575 1060 618 senen.
1083 556 1143 620 Er-

75 662 120 727 go
141 643 283 789 colgnitio
308 650 415 734 nostra
437 642 583 707 nonnisi
605 663 623 707 a
646 636 794 708 sensibus
815 637 990 722 repetenda
1011 648 1069 704 est.

116 726 147 791 8.
202 744 285 809 esp,
302 722 384 786 Dent.
399 734 477 799 ont,
489 733 649 807 quatenus
668 724 811 811 cognitio
827 720 1021 787 intellectiva
1035 719 1142 785 evolvi

76 827 140 871 non
162 815 269 891 potest
294 804 364 869 sine
393 803 647 890 phantasmatis,
670 828 753 893 quae
776 823 967 891 persensus
989 802 1143 877 hauriun-

75 898 141 964 tur,
166 908 248 952 conc.
271 896 357 960 ont,
379 897 536 971 quatenus
557 886 737 956 intellectus
759 908 800 973 ap
825 887 972 952 rehendit
992 883 1071 949 illud
1094 885 1143 969 ip-

75 990 161 1045 sum,
176 968 264 1056 quod
280 989 297 1032 a
312 990 407 1034 sensu
429 971 518 1055 perci
545 971 622 1048 itur,
636 992 673 1035 ne
696 1022 703 1036 .
720 978 785 1037 ont.
837 988 882 1052 eg.
898 990 980 1034 cons.
996 966 1141 1039 Et'sane,

74 1073 118 1115 cs
137 1053 195 1117 illo
209 1051 479 1123 scholasticorum
499 988 596 1117 citato
618 992 728 1139 colligi
752 1050 885 1137 quidem
908 1059 1010 1139 potest
1031 1049 1143 1133 cogni·

74 1135 197 1198 tionem
212 1132 442 1198 intellectivam
463 1134 574 1219 aliquo
596 1137 692 1201 modo
715 1157 734 1200 a
752 1133 899 1199 sensibus
920 1133 1015 1208 oriri,
1053 1140 1143 1197 nate·

75 1236 136 1279 nus
157 1218 191 1283 hi
213 1216 368 1301 praebent
392 1216 565 1280 intellectui
590 1218 788 1301 phantasma,
803 1214 936 1301 inquod
960 1153 1142 1279 inteiiectus

74 1301 233 1363 actionem
248 1319 338 1362 suam
353 1310 483 1364 exercet
497 1298 522 1374 ¹3
538 1320 715 1385 numquam
736 1320 813 1364 vero
836 1299 1016 1369 sensitivam
1037 1296 1141 1381 cogni·

73 1383 188 1445 tionem
204 1400 261 1444 esse
275 1391 371 1445 totnrn
391 1400 518 1445 cousnrn
541 1382 726 1465 cognitionis
747 1380 948 1447 intellectione
961 1382 987 1455 ²3
1001 1381 1079 1465 qnia
1094 1378 1141 1442 in-

73 1464 222 1529 tellectus
243 1484 283 1525 cx
307 1465 339 1527 ri
362 1483 421 1526 sua
441 1465 512 1527 sine
534 1484 596 1548 ope
618 1486 770 1530 sensuum
789 1486 830 1529 ex
845 1463 1064 1548 phantasmate
1085 1458 1142 1525 ob-

75 1547 197 1611 iectum
219 1544 282 1609 sibi
306 1547 487 1630 proprium,
511 1566 627 1631 nempe
651 1545 867 1632 intelligibile,
889 1544 1020 1611 omnino
1034 1542 1141 1607 diver-

72 1648 147 1693 sum
170 1626 211 1691 ab
235 1624 362 1692 obiecto
389 1649 544 1692 sensuum
571 1630 690 1707 efficit,
715 1629 860 1713 illudque
887 1624 1100 1713 apprehendit
1114 1626 1138 1697 ³;

73 1711 177 1773 immo
199 1710 297 1827 npultn
318 1712 483 1793 cognoscit,
498 1732 574 1799 pune
591 1733 766 1798 persensus
787 1712 872 1775 nullo
892 1708 979 1773 medo
999 1708 1141 1791 cognosci

68 1805 200 1875 possiunt
234 1844 240 1854 .

172 1930 238 1982 Aac.
250 1929 281 1981 ll.
295 1960 328 1967 -
342 1928 378 1981 De
389 1936 532 1996 systemate
547 1934 665 1983 idearum
680 1933 829 1982 iunctarum
850 1931 876 1979 ln
889 1930 1042 1980 uteirersnm

111 2038 144 2101 9.
172 2036 314 2123 Systcma
337 2036 476 2099 inicorum
503 2037 684 2101 innatorum
712 2035 842 2101 illorum
868 2033 998 2121 Philoso
1022 2034 1139 2099 borum

68 2130 130 2189 cst,
154 2120 210 2201 qui
232 2118 391 2201 originem
414 2120 561 2184 idearum
588 2142 630 2184 ex
652 2138 690 2183 eo
712 2118 897 2203 explicant,
921 2137 986 2202 quo
1031 2118 1139 2180 anima

69 2201 290 2266 cornitionem
314 2222 423 2264 rerum
445 2202 557 2267 saltem
587 2201 745 2267 initialem
768 2221 826 2286 per
848 2199 937 2264 ideas
959 2198 1022 2265 sibi
1046 2208 1139 2263 natu-

68 2234 186 2348 raiiter
209 2283 320 2348 insitas
341 2282 467 2348 habeat.

113 2365 163 2431 10.
187 2366 284 2451 Prop.
307 2366 448 2479 Spsternn
474 2366 614 2430 idearum
641 2366 821 2429 innotarum
848 2373 891 2427 est
918 2363 1135 2429 reiiciendum.

112 2446 282 2511 Probatur.
307 2449 324 2511 t
361 2450 395 2514 Si
419 2448 565 2512 idearum
579 2449 764 2514 innatorum
778 2446 963 2534 hypothesis
987 2445 1138 2511 admitta-

67 2543 138 2606 tur,
159 2530 369 2615 consequitur
389 2532 530 2594 animam
554 2529 735 2617 intelligere
756 2550 808 2596 res
830 2548 888 2676 pler
915 2528 1061 2593 medium
1082 2527 1139 2591 ab·

67 2612 175 2678 solute
197 2611 426 2686 immateriale,
450 2615 496 2678 ita
518 2633 649 2698 nempe,
672 2622 708 2678 ut
728 2633 789 2698 ope
815 2632 835 2696 p
859 2612 1045 2691 antasmatis
1073 2630 1137 2673 non

67 2693 225 2780 indigeat.
249 2696 346 2779 Atqui
369 2693 427 2769 id,
455 2705 492 2760 ut
518 2696 583 2758 iam
609 2692 860 2759 demonstratum
881 2701 930 2758 est
944 2694 978 2769 ⁵,
1001 2702 1137 2757 naturae

67 2777 199 2841 animae
225 2776 382 2841 humanae
410 2788 592 2862 repugnat,
621 2787 655 2841 et
679 2776 901 2862 experientiae
929 2773 1135 2841 contradicit.

67 2860 157 2941 Ergo
179 2858 360 2944 hypothesis
384 2858 532 2925 idearum
557 2860 740 2926 innotarum
767 2856 945 2923 reiicienda
976 2868 1035 2923 est.
1066 2858 1138 2922 Hoc

66 2952 299 3025 argumentum
320 2962 361 3005 ex
381 2962 421 3007 eo
442 2942 546 3027 magis
577 2940 810 3017 confirmatur,
837 2936 925 3023 quod
951 2939 1137 3025 intelligere

66 3042 121 3087 res
138 3041 320 3107 percorum
340 3029 452 3110 species
471 3038 610 3109 acceptos
624 3046 643 3088 o
657 3024 719 3087 Deo
732 3023 826 3090 simul
847 3042 918 3087 curn
939 3023 1137 3087 intellectuali

65 3116 185 3169 unturn
203 3117 253 3172 cst
274 3108 445 3192 proprium
465 3105 717 3173 substantiarum
741 3102 1031 3182 intellectualium,
1052 3123 1137 3199 quae

66 3197 143 3254 sunt
155 3209 177 3251 n
190 3188 371 3273 corporibus
392 3189 526 3254 totaliter
545 3188 697 3254 absolutor
711 3194 736 3265 ⁶,
752 3210 789 3253 ac
804 3184 941 3274 proinde
963 3206 1136 3274 proprium

102 3412 112 3445 ¹
135 3405 172 3461 (il
188 3423 215 3472 p.
239 3408 368 3459 tet-tta.
384 3438 418 3446 -
437 3410 450 3447 ²
467 3408 493 3467 l,
513 3425 540 3474 q.
561 3405 705 3469 thlllV,
726 3424 751 3459 a.
774 3409 790 3459 o
810 3424 835 3460 c.

101 3482 114 3518 ³
134 3478 170 3533 ct
186 3497 213 3544 p.
238 3481 288 3531 134
307 3494 366 3546 sqq.

100 3562 114 3590 ³
137 3554 203 3605 tuto.
222 3555 255 3603 ad
276 3554 304 3617 3,
322 3560 351 3604 ot
368 3568 395 3617 q.
417 3550 571 3615 hffllll,
592 3570 618 3605 a.
641 3556 657 3605 ·l
676 3556 708 3605 ad
728 3555 755 3605 4.
776 3550 810 3607 ct
826 3570 854 3619 p.
877 3554 939 3606 135.
961 3552 1022 3607 vn.
1043 3569 1066 3606 s.
1088 3551 1136 3605 bo·

62 3642 147 3683 nav..
169 3630 202 3678 tn
219 3628 265 3679 tte.
288 3628 314 3676 tt
336 3630 424 3684 sent..
444 3625 509 3677 bin.
530 3624 628 3685 llle,
650 3644 675 3691 o.
697 3628 725 3685 i,
746 3642 773 3679 a.
795 3631 838 3692 ll,
858 3644 886 3693 q.
910 3629 920 3679 1
943 3630 978 3678 nd
1002 3642 1063 3693 nrp.

100 3696 172 3752 ‘Gt
185 3714 214 3763 p.
237 3700 414 3751 131433.-
434 3700 446 3735 ⁶
466 3702 484 3757 l.
505 3717 532 3766 n.
555 3697 609 3762 ΙΝ,
630 3716 656 3751 a.
677 3702 692 3751 i
713 3716 737 3753 c.

143 3788 523 3859 Pmcoe.Cnsnr.comprno.
540 3794 560 3846 t.
976 3791 1028 3851 13ε
