2475 3909
148 176 211 245 208
547 190 724 240 rnaanoera

108 256 330 371 principium,
352 300 395 343 ex
416 297 482 363 quo
503 275 691 343 immediata
721 298 759 343 co
807 278 866 351 itio
885 276 1067 356 obtinetur,
1090 281 1187 347 dice-

108 376 164 430 tur
183 358 359 427 sectandum
380 360 557 443 Ontologos
572 379 636 422 non
656 359 721 423 iam
772 361 889 426 ssentia
912 360 985 437 Dei,
1002 362 1058 429 sed
1079 365 1185 440 Esse,

108 444 163 509 vel
183 440 348 509 attributa
369 443 472 518 Eius;
495 462 568 505 nam
591 442 686 514 Esse,
708 442 757 507 vel
781 443 946 509 attributa
968 444 1046 523 oei,
1070 467 1183 531 acque

112 547 150 591 ao
172 527 252 591 Eius
274 525 433 602 Essentia,
456 523 583 588 inlinita
605 534 690 589 sunt.

151 608 202 673 ta.
227 608 413 683 Praeterea,
437 607 485 671 uti
509 604 589 669 alibi
610 604 919 684 demonstravimus,
942 606 1108 675 obiectum
1134 630 1182 674 ex

107 712 148 754 eo
169 700 219 755 est
241 687 460 774 intelligibile,
505 687 570 753 uod
593 698 642 753 est
661 688 883 754 immateriale.
897 691 965 755 lloc
982 692 1180 778 praemisso,

108 773 153 837 ita
176 780 462 856 argumentamur:
517 770 641 856 ognitio
669 772 825 835 naturalis
851 771 991 838 alicuius
1018 776 1066 840 rei
1096 795 1179 837 non-

106 854 172 918 nisi
194 852 370 917 secundum
398 849 530 918 modum
560 862 694 917 naturae
716 854 937 950 cognoscentis
958 853 1029 920 lieri
1053 866 1177 941 potest;

108 956 145 999 ac
168 934 302 1021 proinde
324 935 350 999 si
373 934 628 1000 immaterialitas
655 934 774 1000 obiecti
798 934 931 1001 excedat
952 938 1180 1003 immateriali-

108 1026 205 1083 tatem
228 1016 424 1083 substantiae
448 1014 673 1101 intelligentis,
705 1016 782 1081 haee
805 1038 867 1080 non
890 1030 993 1103 potest
1015 1018 1096 1084 illud
1118 1042 1176 1083 na-

107 1100 257 1165 turaliter
277 1119 480 1185 cognoscere,
503 1099 550 1163 uti
573 1108 621 1165 est
644 1100 676 1163 in
698 1099 819 1183 seipso,
843 1119 900 1163 seu
923 1102 1044 1167 videre.
1068 1105 1176 1185 Atqui

107 1182 365 1247 immaterialitas
378 1181 435 1245 Dei
449 1179 575 1245 excedit
587 1181 893 1247 immaterialitatem
908 1182 1082 1249 cuiuslibet
1096 1184 1176 1247 sub·

107 1264 242 1330 stantiae
264 1262 484 1346 intelligentis,
508 1284 582 1327 nam
604 1262 720 1339 alien,
734 1264 827 1328 cuius
850 1266 1018 1349 proprium
1039 1274 1175 1332 estesse

106 1366 201 1409 suum
224 1367 284 1411 esse
307 1346 481 1423 subsistens,
498 1364 720 1430 quaecumque
741 1346 943 1431 compositio,
965 1360 998 1413 et
1014 1349 1175 1431 potentin-

106 1428 180 1491 liter
201 1426 394 1493 removenda
416 1437 485 1502 est;
509 1438 674 1492 creaturae
697 1439 805 1495 autem
827 1427 1063 1514 intelligentes,
1088 1439 1175 1495 tam-

105 1512 166 1576 etsi
189 1510 254 1576 sint
273 1509 514 1585 immateriales,
539 1520 646 1573 tamen
663 1508 931 1593 potentialitntem,
947 1523 979 1577 et
994 1510 1174 1596 quamdam

106 1592 373 1680 compositionem
397 1590 428 1654 in
452 1612 484 1656 se
507 1589 778 1676 complectuntur,
801 1594 879 1675 quia
900 1613 962 1655 non
982 1604 1054 1655 sunt
1075 1614 1172 1655 saum

104 1696 176 1749 esse,
198 1673 253 1739 sed
274 1672 379 1737 babent
401 1694 464 1737 esse
480 1673 720 1757 participatum.
744 1676 831 1821 Ergo
853 1674 1051 1739 substantiae
1074 1674 1172 1740 intel-

105 1755 242 1843 ligentes
267 1764 393 1819 creatae
421 1753 525 1821 Deum
548 1755 580 1817 in
603 1757 711 1839 seipso
733 1755 797 1822 inte
812 1756 935 1842 ligere,
963 1756 1030 1820 sive
1057 1755 1170 1821 videre

105 1839 300 1904 naturaliter
320 1857 384 1901 non
407 1848 541 1922 possunt
555 1838 577 1899 ¹.

144 1922 197 1986 tt.
216 1918 372 1984 Probatur
394 1918 531 1984 secunda
554 1940 640 2005 pars:
663 1939 779 2004 nempe
801 1920 967 2005 speciatim
994 1916 1100 2004 quoad
1118 1920 1169 1982 iu-

104 2001 269 2069 tellectum
291 2001 479 2065 humanum.
502 2001 571 2065 lam
593 2024 609 2067 a
633 2000 728 2065 nobis
754 2013 917 2067 ostensum
939 2012 987 2065 est
1008 2000 1167 2086 cognitio-

104 2106 178 2149 nem
203 2082 431 2147 intellectivam
454 2084 486 2146 in
508 2084 637 2148 homine
658 2083 740 2148 effici
764 2105 827 2147 non
849 2104 957 2170 posse,
981 2084 1043 2147 nisi
1068 2085 1169 2146 sensi-

103 2168 167 2232 tiva
190 2164 254 2249 ipsi
277 2163 470 2247 praecedat,
492 2176 586 2250 atque
615 2164 740 2250 aliquid
762 2166 907 2230 conferat
928 2163 967 2228 ad
991 2164 1079 2228 illam
1103 2165 1168 2228 effi-

103 2245 274 2320 ciendam,
297 2243 497 2332 proindeque
524 2246 689 2311 obiectum
716 2248 886 2333 proprium
909 2246 1087 2311 intellectui
1110 2246 1167 2309 hu-

103 2350 198 2395 mano
219 2346 287 2391 esse
310 2348 372 2392 non
395 2347 487 2414 posse
510 2328 702 2409 intelligibile
746 2349 855 2407 urum,
879 2329 936 2393 sed
958 2327 1165 2411 intelligibile

103 2412 298 2478 abstractum
320 2430 339 2473 a
360 2409 634 2493 phantasmatibus
648 2411 674 2473 ¹.
731 2412 798 2487 inc,
821 2434 839 2471 a
862 2431 936 2475 cum
958 2407 997 2476 de
1020 2409 1165 2475 substan-

102 2496 159 2560 tiis
187 2490 408 2579 spiritualibus
434 2491 556 2577 aliquid
584 2492 819 2578 intelligimus,
845 2513 974 2558 necesse
1005 2492 1163 2558 habemus

102 2576 247 2644 converti
264 2572 303 2638 ad
321 2574 538 2659 phantasmata
559 2594 746 2660 corporum,
761 2574 837 2639 licet
859 2577 1004 2661 ipsarum
1019 2596 1082 2640 non
1098 2574 1162 2640 sint

126 2658 322 2723 hantasmata
339 2657 350 2697 ³
367 2679 394 2719 a.
420 2656 489 2719 lioc
518 2658 715 2741 praemisso,
739 2676 779 2722 eu
801 2669 1046 2741 argumentum:
1071 2656 1164 2720 lntel-

101 2679 202 2805 lictus
221 2741 380 2805 humanus
402 2738 434 2801 in
457 2737 517 2802 Dei
539 2738 757 2823 cognitionem
780 2758 945 2823 assurgere
969 2760 1031 2803 non
1046 2748 1160 2825 potest,

102 2822 167 2887 nisi
188 2844 248 2907 per
270 2819 394 2903 aliquas
416 2821 560 2915 species,
583 2819 649 2884 sive
677 2818 930 2898 similitudines,
952 2841 1032 2907 quas
1052 2842 1093 2884 ex
1114 2840 1163 2883 re·

102 2904 163 2969 bus
178 2900 350 2968 sensilibus
372 2902 524 2987 arripuit.
541 2903 639 2988 Atqui
654 2922 843 2986 cognoscere
862 2900 968 2967 Deum
983 2923 1043 2989 per
1053 2900 1162 2968 huius·

102 2985 190 3051 modi
213 2983 337 3069 species
359 3003 490 3067 prorsas
515 2981 682 3049 diversum
709 2991 779 3060 est,
803 3004 840 3048 ac
862 2983 958 3049 lllum
980 3003 1091 3069 perse
1114 2984 1161 3067 ip-

103 3090 186 3145 sum,
209 3069 257 3135 uti
281 3065 383 3131 estin
405 3086 450 3142 se,
474 3084 678 3149 cognoscere
703 3085 777 3130 nam
801 3064 890 3130 nulla
912 3067 1035 3151 species
1056 3075 1161 3130 creata

102 3174 136 3218 re
162 3158 344 3215 raesentare
367 3158 471 3232 potest
493 3146 618 3225 Deum,
643 3145 690 3211 nti
712 3149 815 3212 estin
837 3168 882 3213 se.
905 3150 994 3233 Ergo
1015 3148 1162 3233 impossi-

101 3172 167 3297 bile
189 3244 237 3298 est
252 3229 447 3298 intellectum
469 3228 646 3294 humanum
667 3228 860 3295 naturaliter
881 3230 987 3297 Deum
1008 3228 1119 3297 videre
1134 3231 1159 3294 ⁴.

142 3315 192 3389 t5.
217 3316 398 3390 Praeterea,
421 3313 530 3378 anima
552 3309 691 3376 humana
714 3308 754 3373 ad
775 3308 927 3378 Divinam
950 3312 1110 3378 visionem
1130 3334 1161 3376 e·

474 3438 784 3461 Ἤ

137 3522 146 3557 ¹
168 3516 203 3571 Gt
219 3534 241 3571 a.
261 3518 368 3582 lirum,
390 3519 409 3582 l,
429 3536 456 3585 q.
479 3516 539 3580 llll,
560 3534 585 3571 a.
606 3520 667 3570 tc.

136 3592 148 3629 ²
170 3588 205 3643 Cl
220 3594 343 3659 lignem..
364 3608 390 3643 o.
412 3591 458 3654 tv,
477 3608 504 3643 a.
524 3594 552 3652 2,
574 3609 600 3656 p.
624 3592 753 3643 tat-tat.

136 3666 148 3700 ³
170 3664 188 3724 l,
208 3680 235 3729 q.
258 3661 398 3726 lxxiiii,
419 3682 443 3717 a.
468 3666 532 3715 iad
552 3664 629 3715 3.-'¹
651 3663 670 3726 l,
690 3680 718 3728 q.
740 3662 797 3728 llll,
818 3680 843 3717 a.
867 3668 896 3717 ll
918 3680 944 3717 e.
