2475 3909
30 175 35 180 “
143 163 202 231 1811
507 175 779 223 snrunoronoots

101 267 249 332 seiuncta
269 274 339 340 est,
361 256 442 324 nihii
465 260 586 324 sentire
607 260 810 344 experimur.
833 260 947 345 Neque
969 269 1043 328 sunt
1065 261 1167 328 solius

101 349 247 422 animae,
269 344 349 431 quip
413 340 524 426 quod,
548 361 623 406 eum
646 341 755 406 anima
776 343 819 408 sit
840 343 1090 422 immaterialis,
1112 367 1167 412 res

103 428 287 548 materiaips
319 429 352 493 ni
376 421 398 489 ii
431 424 464 489 iu
488 427 591 508 ipsam
615 442 674 507 per
694 445 723 486 se
741 423 839 502 ,sive
863 426 1037 492 immediate
1068 449 1168 515 agere

125 522 238 577 essunt
265 561 271 574 .

103 531 174 662 PB.
197 595 309 678 itaque
331 599 518 655 «neutrum
541 590 645 673 (neque
666 607 795 670 eorpus,
817 608 910 674 neque
931 594 1046 676 anima)
1068 591 1169 660 habet

108 678 248 765 speeiem
270 673 488 758 completam,
512 667 567 734 sed
589 683 764 755 utrumque
785 681 833 735 est
856 693 928 756 pars
956 675 1051 738 unius
1074 686 1170 741 natu-

109 762 188 824 rae¹
203 781 231 821 n.
246 757 453 842 Quapropter
473 753 569 818 homo
591 772 651 817 nee
673 772 803 837 corpus,
827 773 885 818 nee
906 755 1012 819 anima
1033 769 1094 833 est,
1109 757 1170 822 sed

103 840 227 940 aliquid
250 841 394 913 tertium,
410 833 496 922 quod
513 855 555 897 ex
569 844 707 920 utroque
729 837 933 932 componitur
944 837 965 898 ⁸.
983 835 1017 902 ld
1038 861 1079 905 ex
1093 840 1170 924 ipsa

103 938 232 991 notione
252 921 392 1007 eorporis
413 919 546 982 animati
566 915 652 982 ciere
676 917 885 1001 inteiiigrtur3
908 918 1066 1004 siquidem
1095 941 1171 987 eor-

103 1027 163 1092 pus
184 1007 362 1071 animatum
384 1023 447 1067 non
469 1008 517 1065 est
537 997 641 1064 soium
664 1019 792 1084 eorpus,
808 1001 886 1085 quia
908 1020 1026 1087 eorpus
1050 1023 1109 1089 per
1132 1025 1169 1070 se

101 1099 151 1156 est
171 1108 287 1172 expers
308 1085 447 1162 animae,
463 1103 520 1148 seu
535 1083 631 1158 vitae,
648 1103 704 1146 nee
726 1081 794 1145 sota
815 1083 935 1161 anima,
958 1087 1036 1170 quia
1056 1085 1170 1151 anima

102 1183 151 1238 est
166 1168 354 1236 naturaiiter
375 1168 576 1249 incorporea,
591 1162 646 1228 sed
663 1161 785 1248 aliquid
808 1165 941 1231 tertium
959 1187 1000 1231 ex
1014 1188 1053 1232 eo
1066 1189 1168 1232 exur-

104 1275 193 1340 gens,
217 1271 331 1335 nempe
352 1269 482 1335 eorpus,
504 1245 590 1332 quod
613 1247 720 1310 anima
741 1244 906 1312 informat.

140 1339 172 1404 6.
197 1337 295 1419 Prnp.
310 1332 358 1398 2¹.
374 1331 430 1395 Ee
450 1331 573 1404 anime,
595 1340 622 1393 et
642 1347 769 1412 corpore
788 1330 882 1394 unico
898 1348 1032 1414 persone
1054 1333 1088 1395 in
1109 1329 1168 1394 Ιιο-

101 1423 217 1486 mt'nee
251 1419 347 1484 citur.

143 1419 311 1570 Proddtur.
325 1496 539 1582 Operationes
555 1493 589 1556 in
603 1488 750 1577 quaiibet
764 1491 1070 1562 naturatribuuntur
1082 1515 1164 1580 sup-

97 1588 213 1673 posito,
228 1606 285 1650 seu
303 1601 461 1668 personae,
476 1574 654 1642 secundum
679 1572 758 1638 iiiud
780 1574 925 1652 Schoiae,
941 1575 1026 1659 quod
1049 1577 1171 1642 111οπ-

103 1670 215 1752 toioqe'o
235 1668 429 1739 statuimus,
453 1659 594 1725 Actiones
617 1665 689 1720 sunt
710 1657 977 1742 suppositorum&
1001 1659 1097 1744 Atqui
1133 1660 1170 1724 in

101 1769 297 1836 unoquoque
318 1757 462 1811 nostrum
484 1760 597 1813 unum,
623 1737 773 1824 idemque
794 1747 841 1803 est
865 1737 958 1816 iilud,
974 1743 1026 1806 eui
1048 1761 1172 1827 opera-

103 1835 207 1900 tiones
228 1832 367 1903 unimae,
383 1837 416 1891 et
436 1822 582 1911 corporis
605 1819 803 1886 tribuuntur.
821 1821 908 1905 Ergo
929 1843 971 1886 ex
994 1825 1116 1900 anima,
1135 1835 1173 1890 et

103 1935 239 2013 corpore
261 1932 325 1976 uua
346 1929 482 1996 persona
504 1910 538 1972 in
560 1903 691 1969 homine
713 1903 931 1969 constituitur.
956 1903 1082 1970 Veritas
1105 1907 1172 1970 mi-

101 2019 189 2062 norm
211 2019 252 2062 ex
275 1996 399 2058 interna
421 1984 619 2076 experientia
648 1995 779 2050 constat.
805 1987 846 2050 Et
865 2004 942 2050 sane
967 2008 1026 2052 nos
1055 1988 1086 2052 in
1110 2009 1174 2052 no-

102 2079 153 2146 bis
174 2079 253 2166 ipsis
274 2075 488 2222 experimur,
512 2067 619 2144 iiiud,
642 2067 729 2150 quod
757 2068 789 2164 ip
813 2064 906 2130 nobis
929 2068 1109 2154 intelligit,
1138 2083 1173 2137 et

104 2161 184 2239 mit,
206 2180 275 2226 esse
297 2157 307 2222 i
331 2178 382 2221 em
406 2175 443 2220 ae
464 2152 567 2228 iilud,
591 2145 677 2236 quod
700 2159 811 2224 sentit,
834 2149 988 2226 nutritur,
1011 2151 1172 2218 deambu-

103 2244 166 2310 lat:
188 2241 271 2307 unde
292 2237 515 2323 unusquisque
536 2244 683 2299 nostrum
712 2230 795 2294 sicut
816 2228 923 2308 dieit,
946 2251 999 2314 eqo
1021 2233 1115 2308 vnio,
1141 2249 1174 2302 et

104 2346 156 2410 eqo
177 2323 338 2406 imeiiiqo,
360 2323 406 2386 ita
429 2318 511 2384 dicit
530 2333 678 2412 quoque,
700 2332 751 2396 eqo
769 2313 900 2396 patior,
922 2333 975 2396 eqo
994 2315 1171 2394 deambulo,

105 2417 163 2473 aut
182 2404 271 2471 aiiud
294 2399 492 2468 huiusmodi.
514 2402 615 2482 Atqui
644 2396 715 2460 ittae
741 2397 946 2478 operationes
971 2410 1046 2464 sunt
1065 2397 1174 2464 soiius

105 2490 249 2564 animae;
271 2486 329 2550 hae
351 2495 459 2550 eutem
482 2481 621 2554 animae,
643 2492 676 2546 et
696 2477 857 2560 corporis,
880 2477 965 2563 quod
988 2481 1094 2544 anima
1120 2481 1172 2544 in·

105 2569 235 2635 format.
260 2570 348 2652 Ergo
368 2583 489 2639 uuum,
514 2560 665 2647 idemque
688 2580 756 2624 esse
779 2558 810 2622 in
833 2557 963 2625 homine
985 2561 1087 2639 iliud,
1111 2565 1174 2629 eui

106 2653 312 2737 operationes
332 2648 482 2721 animae,
505 2652 538 2708 et
558 2645 707 2730 eorporis
734 2639 945 2718 tribuuntur,
967 2645 1174 2730 experientia

107 2735 232 2798 interna
253 2739 385 2797 constat.

145 2816 178 2880 7.
199 2815 381 2887 Praeterea,
404 2808 483 2873 haec
505 2826 661 2904 personne
683 2807 802 2877 unitas,
824 2824 908 2889 quae
930 2827 972 2870 ex
994 2805 1116 2882 anima,
1132 2823 1169 2876 et

106 2915 241 2983 corpore
263 2894 413 2968 efficitur,
427 2911 470 2954 ex
491 2891 545 2965 irs,
559 2910 643 2973 quae
667 2889 700 2953 in
722 2885 924 2975 praecedenti
947 2889 1173 2974 propositione

107 2980 293 3054 statuimus,
310 2974 402 3042 raide
423 2970 643 3038 confirmatur.
667 2971 715 3035 Re
736 2966 867 3055 quidem
890 2989 979 3048 vera,
1000 2972 1120 3050 anima,
1138 2986 1173 3040 et

106 3081 224 3150 corpus
239 3070 313 3126 sunt
326 3055 523 3136 substantiae
538 3053 762 3140 incompletae,
775 3072 858 3137 quae
873 3050 1003 3117 unicum
1022 3051 1173 3120 substan·

147 3298 155 3334 t
179 3314 190 3342 ι
212 3291 285 3346 Nihil
309 3306 467 3357 eorporeum
487 3296 573 3356 potest
591 3291 745 3353 imprimere
770 3289 797 3339 iu
822 3301 878 3339 rem
897 3289 1080 3352 iueorporerm
1102 3305 1129 3348 ι,
1150 3288 1174 3349 Ι,

107 3363 287 3432 qtffliv,
299 3367 352 3417 uti
365 3382 390 3417 e.
403 3360 573 3429 Cibpnom„
587 3377 613 3414 o.
623 3360 670 3424 iii,
680 3361 743 3421 nt.
756 3375 783 3425 p.
795 3361 853 3422 116,
869 3367 896 3411 et
907 3375 934 3412 a.
944 3360 971 3420 o,
983 3375 1010 3424 p.
1020 3359 1069 3410 ¹22
1084 3362 1139 3412 mi.
1149 3359 1172 3413 Ι.

148 3438 160 3474 ²
178 3442 266 3489 contr.
287 3440 373 3498 coen,
393 3436 438 3487 tto.
460 3435 506 3493 IV,
526 3449 552 3486 c.
572 3434 617 3486 35.

96 3531 100 3538 ’
145 3509 157 3545 ³
181 3527 192 3552 ι
214 3505 254 3557 Ex
272 3510 342 3567 irae,
363 3511 447 3574 inquit
465 3505 662 3565 Tertullianus,
689 3506 803 3568 duplicis
828 3505 989 3556 substantiae
1013 3499 1130 3574 (animae
1148 3515 1174 3558 et

111 3573 241 3721 codpdrdp)
259 3583 460 3704 pflqregrtstone
478 3580 616 3709 eppieetns
635 3584 675 3629 est
694 3579 774 3634 homo
796 3597 820 3639 η
842 3579 1005 3645 Deposuit..
1026 3589 1051 3627 e.
1072 3571 1118 3630 ΙΙΙ.

236 3684 243 3699 .
315 3666 369 3714 ,1.
410 3667 466 3718 ,p.
524 3689 531 3705 .
