2475 3909
138 186 176 250 10
536 210 720 257 anicianis

158 328 226 382 stur.
240 328 569 397 iV.-Principium‚qu0d
584 350 616 385 ex
631 338 734 385 notione
749 336 816 383 cutis
832 334 1106 395 atmsnitsrpcnttm

137 442 188 509 23.
214 440 306 505 Mens
328 441 484 517 humana,
509 455 678 543 postquam
700 454 846 509 assecuta
867 453 916 510 est
941 447 1089 511 notiones
1112 466 1168 508 en-

97 527 151 599 tis,
174 534 207 589 et
228 544 292 587 nou
313 524 408 599 entis,
431 524 511 589 iliud
532 525 694 591 iudicium
709 526 848 591 coniicit:
866 527 940 591 Non
958 536 1003 591 est
1019 526 1168 610 possibile

97 628 151 673 eas
174 626 234 669 csse
255 606 360 682 simol,
376 618 403 669 st
417 628 480 671 non
501 629 573 684 esse,
597 610 679 673 sive:
699 609 774 674 Non
792 621 837 672 cst
852 609 1001 692 possibile
1021 609 1103 674 ideas
1124 610 1168 671 si-

98 688 166 753 mul
186 708 268 766 esse,
291 699 318 750 et
343 709 404 751 non
427 711 498 753 esse.
523 691 594 755 Hoc
624 688 784 755 iudicium
811 702 945 756 vocatur
967 691 1168 777 principiam

99 770 370 847 contradictionis,
393 774 470 855 quia
491 794 565 847 essa,
586 784 621 838 et
640 795 702 836 non
722 794 798 848 esse,
820 794 904 857 quae
923 785 998 840 sunt
1012 775 1083 837 eius
1106 781 1170 837 ter-

100 854 193 927 mini,
217 852 468 918 contradictoria
489 868 563 921 sunt
577 856 600 919 ¹.
626 855 692 919 iam
708 856 794 918 circa
809 856 870 919 hoc
885 856 1084 940 principium
1103 851 1169 917 duo

100 933 361 1017 investigandae
385 935 476 1001 nobis
498 950 593 1004 suut:
618 936 651 1001 1⁰
673 948 783 1002 utrum
812 938 854 1000 sit
879 937 1022 1021 primum
1049 936 1171 1019 princi-

102 1018 204 1101 pium;
226 1014 261 1077 ‘2⁰
281 1026 403 1093 utrum,
422 1030 549 1103 practer
562 1022 682 1103 ipsum,
698 1016 789 1082 aliud
804 1020 948 1103 primum
969 1017 1169 1103 principium

101 1097 338 1164 admittendum
362 1100 414 1163 sit.

141 1180 192 1243 id.
207 1179 350 1244 Primam
362 1184 585 1264 quaestionem
598 1180 754 1245 solvimus
770 1184 918 1266 sequenti
930 1181 1168 1264 Propositioue:

143 1262 348 1344 Principiam
372 1264 626 1330 contradictionis
648 1272 690 1326 est
711 1265 849 1327 maiam
867 1264 1021 1347 primam.

144 1344 313 1408 Probatur.
335 1347 421 1421 Quin
444 1349 504 1412 hoc
528 1346 699 1423 indicium,
721 1345 801 1409 idcrn
824 1366 886 1408 non
899 1356 996 1431 potest
1015 1342 1113 1406 simui
1128 1362 1172 1403 es—

103 1448 158 1501 se,
182 1438 208 1490 ct
230 1446 289 1490 non
310 1450 396 1504 csse,
422 1430 505 1495 inter
525 1428 711 1513 principia,
740 1447 798 1491 seu
821 1428 905 1493 inter
927 1424 1050 1492 iudicia
1073 1446 1115 1487 ex
1137 1444 1172 1487 se

104 1510 273 1593 perspicua
289 1509 520 1576 recensendum
536 1512 590 1585 sit,
605 1510 686 1573 nulii
703 1509 841 1572 dubium
857 1531 926 1574 esse
949 1518 1064 1593 potest.
1088 1505 1173 1569 Nam

102 1611 163 1654 non
184 1610 234 1653 ens
257 1590 340 1657 toiiit
361 1612 428 1669 ens,
451 1614 487 1655 ac
532 1590 645 1655 roinde
669 1590 756 1654 nuiio
779 1589 887 1655 medio
908 1610 991 1677 opus
1010 1599 1058 1653 est
1081 1586 1176 1650 inici·

104 1670 227 1748 iectui,
250 1684 287 1737 ut
308 1673 466 1759 inteiligat
488 1612 532 1748 id,
556 1671 641 1757 quod
664 1683 713 1736 est
733 1693 806 1746 ens,
830 1694 893 1736 non
916 1692 1009 1758 passe
1035 1690 1106 1734 esse
1127 1666 1174 1742 id,

104 1752 189 1839 quod
213 1764 260 1819 est
280 1775 341 1817 non
363 1776 423 1829 cns,
446 1754 500 1821 sed
524 1757 584 1821 hoc
601 1754 785 1819 immediate
805 1756 958 1839 inteliigit
978 1774 1020 1817 ex
1044 1768 1176 1844 compa-

105 1838 229 1901 ratione
259 1838 427 1903 notionum
459 1840 535 1901 ontis
555 1885 563 1911 ‚
586 1847 619 1901 et
644 1838 804 1900 nonsatis
826 1838 850 1897 ².
874 1835 968 1913 Quod
995 1844 1103 1898 autem
1132 1841 1177 1894 sit

106 1918 302 2003 principium
319 1920 466 1983 omnium
481 1920 638 2016 primum,
656 1920 699 1983 ita
714 1915 962 1983 demonstratur:
980 1917 1023 1982 Ut
1041 1911 1175 1998 aliquod

106 2001 306 2085 principium
330 2001 372 2064 sit
402 2021 548 2064 omnium
583 2002 744 2083 primum,
769 1997 848 2064 iilud
871 2000 1045 2085 praecipue
1077 2016 1179 2079 expo-

106 2083 260 2156 stulatur,
283 2080 368 2165 quod
393 2080 431 2144 ad
457 2083 563 2165 ipsum
584 2091 691 2146 cetera
713 2082 822 2144 omnia
843 2082 1052 2146 reducantur.
1075 2079 1178 2161 Atqui

106 2162 292 2228 huiusmodi
316 2172 363 2227 est
373 2164 570 2247 principiam
593 2163 857 2227 contradictionis.
874 2165 961 2247 Ergo
975 2161 1180 2246 principium

106 2244 372 2309 contradictionis
392 2256 441 2309 est
461 2248 607 2307 omnium
631 2245 773 2327 primum
789 2246 811 2308 ⁸.

109 2440 171 2503 quia
191 2438 336 2497 conceptas
357 2431 429 2481 nihili
450 2429 563 2477 absoluti
577 2431 648 2475 esset
666 2432 811 2488 conceptus
829 2429 886 2479 sine
905 2431 961 2479 uilo
979 2432 1094 2490 obiecto,
1109 2433 1182 2496 qnod

109 2511 269 2571 concipimu,
291 2518 386 2566 nempe
405 2504 460 2550 sine
480 2500 534 2549 uiio
554 2500 685 2555 termino,
705 2500 738 2547 sd
763 2512 843 2561 quem
863 2502 989 2552 retertur.
1011 2502 1066 2553 ism
1086 2504 1113 2553 isi
1133 2519 1184 2567 ορ.

109 2583 170 2645 pido
189 2580 328 2629 satiantur.
348 2573 415 2625 Nem
435 2574 605 2627 inteiIectus,
626 2571 665 2619 uti
684 2576 820 2619 ostensum
845 2579 902 2630 est,
924 2575 1045 2638 inteiligit
1065 2577 1182 2627 nihilum

110 2656 164 2704 sire
183 2666 236 2701 non
255 2666 311 2707 sas,
332 2662 384 2698 nou
404 2659 450 2710 par
470 2646 598 2706 seipsum,
619 2643 664 2691 sed
684 2656 731 2703 per
748 2656 806 2698 eus.
826 2646 869 2693 cui
889 2648 1049 2708 opponitur,
1069 2663 1102 2697 η
1123 2662 1184 2712 μω.

110 2728 171 2776 inde
190 2725 329 2779 teriuinus,
350 2721 382 2769 ad
401 2731 481 2781 qiiem
502 2720 647 2777 conceptus
666 2715 743 2763 uitiis·
760 2714 891 2773 retertur,
913 2724 1023 2767 nonest
1042 2722 1129 2781 ipsum
1143 2726 1186 2771 ni·

111 2799 200 2854 titum,
222 2796 266 2845 sed
286 2807 340 2850 ens,
362 2792 431 2854 qisod
451 2804 465 2837 a
487 2788 569 2837 nihiio
590 2792 710 2848 tingetur.
732 2781 832 2835 Eodem
853 2788 932 2837 modo
951 2803 978 2839 se
993 2805 1034 2841 res
1054 2792 1134 2843 hebet
1157 2796 1184 2841 iu

112 2870 142 2919 iis
155 2866 338 2928 conceptibus,
353 2864 378 2911 iu
393 2862 487 2927 quibus
502 2860 652 2908 inteiieetus
665 2859 833 2920 negationem
847 2862 961 2911 alicuius
975 2864 1045 2911 modi
1058 2867 1125 2913 eatis
1138 2878 1187 2914 co-

111 2943 186 3005 gitet.
209 2934 240 2988 Ε.
261 2952 299 3001 g..
321 2948 382 2985 cum
403 2934 553 2984 intuitectus
573 2932 691 2993 piantem
704 2942 756 2977 aaa
776 2933 923 2981 sentientem
942 2936 1068 2996 concipit.
1090 2939 1185 2985 termi—

112 3027 162 3063 nus
181 3011 260 3060 huius
279 3015 423 3069 conceptus
437 3017 489 3055 nou
502 3007 608 3052 estnon
629 3003 748 3058 scansus,
763 3002 808 3050 sed
821 3006 941 3062 remmus,
960 3006 1031 3068 quoa
1051 3010 1188 3068 parsioni,

112 3099 210 3149 negans
228 3097 281 3132 aon
300 3082 380 3129 toiiit.

151 3161 158 3194 ¹
180 3153 374 3207 advertendum
394 3154 434 3199 est
452 3148 485 3197 sd
504 3145 742 3195 contradictionem
761 3146 811 3195 tria
832 3148 942 3209 requiri:
965 3148 994 3198 1⁰
1013 3153 1043 3199 at
1062 3150 1133 3200 idem
1147 3154 1191 3203 in.

112 3243 181 3287 esse,
201 3234 229 3279 st
249 3241 299 3277 non
320 3226 404 3274 inesse
424 3222 537 3275 dicatum
553 3218 583 3265 2⁰
597 3222 626 3265 ut
645 3217 680 3264 sit
697 3214 768 3265 idem
787 3218 947 3277 subiectum,
961 3220 994 3269 de
1012 3235 1066 3284 quo
1085 3224 1190 3285 inesse,

113 3308 141 3352 et
159 3316 211 3351 non
229 3301 315 3349 inesse
333 3294 502 3350 renunciatum
528 3287 558 3338 3ο
577 3294 607 3336 ut
625 3286 719 3337 eadem
738 3290 772 3339 sit
790 3292 874 3350 retia,
895 3293 1042 3342 secuudum
1060 3308 1145 3357 quem
1167 3298 1192 3346 i.

114 3376 175 3425 dem
196 3375 290 3428 inesse,
311 3375 338 3420 et
357 3380 409 3417 uon
428 3368 513 3415 inesse
532 3360 641 3410 dicitur.

152 3439 216 3494 2(Ξῖ
234 3442 372 3498 Critertot„
392 3452 418 3488 c.
441 3434 486 3493 iv,
507 3447 533 3483 e.
556 3433 582 3489 t,
603 3445 631 3493 p.
650 3428 715 3486 sta,
736 3432 789 3481 vol.
810 3429 834 3481 1.

151 3514 163 3551 ⁸
181 3512 318 3565 aaronita
340 3511 498 3575 principium
522 3504 734 3555 contradictionis
759 3516 811 3552 uon
830 3518 889 3554 esse
907 3505 1078 3567 huiusmodi,
1104 3514 1137 3558 ut
1155 3524 1192 3561 ex

116 3590 173 3652 tpso
192 3590 247 3635 sine
267 3584 402 3650 principiis
431 3578 544 3643 propriis
567 3573 677 3625 realiter
695 3588 786 3625 seruus
804 3577 866 3626 eiici
884 3579 976 3639 possit.
997 3576 1064 3630 Hinc
1088 3584 1194 3633 amitt

117 3659 232 3717 Woitius
251 3657 363 3730 (Onici,
384 3667 441 3719 par.
457 3648 477 3711 t,
491 3653 557 3701 sect.
572 3645 595 3707 i,
609 3660 635 3697 c.
653 3641 691 3718 ¹).
707 3648 778 3716 quad
796 3648 830 3700 sb
844 3650 922 3703 unica
936 3653 1066 3717 prtsctpte
1084 3662 1196 3707 sonim.
