2475 3909
542 176 718 225 rosaceum

499 298 678 365 capvt
713 298 769 365 lll.

235 424 279 490 lle
299 430 345 507 ri,
368 434 405 494 et
425 436 592 511 potestate
614 434 787 501 notionum
807 434 1041 503 universalium

307 558 373 611 har.
382 555 403 608 Ι.
417 586 451 595 -
463 554 587 609 Diversae
602 558 822 625 Philosophorum
837 562 976 625 opinionon

547 639 719 684 recensentur

144 757 196 823 8l.
220 756 299 820 Tres
327 761 402 819 sunt
428 753 515 817 circa
543 754 610 817 vim
640 754 870 820 universalium
898 755 1169 843 Philosophorum

101 838 297 921 opiniones,
319 857 401 921 quae
424 837 531 900 vocari
555 837 657 903 solent
679 837 954 915 Nominulr'smus,
980 838 1168 926 Conceptus·

101 920 227 996 lismua,
253 930 285 985 et
302 919 488 984 Reulismus.
507 917 765 987 Nominalismus
789 920 821 982 in
844 941 883 985 eo
902 921 1059 999 consistit,
1079 926 1167 1009 quod

101 998 238 1086 denegat
252 1004 350 1067 menti
365 1001 524 1066 humanae
545 1003 771 1087 conceptiones
785 1002 995 1078 universales,
1010 1016 1043 1071 et
1057 1009 1168 1075 statuit

101 1083 298 1148 universalia
318 1084 369 1149 vel
390 1104 459 1148 esse
482 1103 563 1168 pura
584 1086 728 1160 numina,
743 1104 801 1148 seu
815 1083 908 1168 lidius
922 1086 1015 1163 cocis,
1032 1088 1082 1153 vel
1096 1110 1167 1156 esse

101 1184 216 1242 voces,
238 1178 295 1231 aut
314 1168 557 1250 conceptiones,
579 1186 680 1249 quae,
704 1168 730 1231 si
754 1176 937 1252 spectentur
959 1169 992 1231 in
1015 1190 1066 1247 se,
1090 1184 1168 1239 sunl

99 1246 290 1332 singulares,
314 1248 368 1312 sed
390 1248 588 1311 universales
608 1246 674 1311 dici
700 1259 832 1332 possunt
845 1270 887 1313 ex
901 1268 940 1313 eo
953 1248 1039 1334 quod
1056 1251 1166 1337 piures

98 1349 150 1393 res
171 1329 352 1427 singulares
373 1328 554 1415 designant.
572 1330 660 1394 Haec
683 1332 840 1395 sententia
859 1331 960 1416 priori
983 1332 1079 1398 mode
1100 1344 1167 1401 tra-

98 1410 167 1477 dita
194 1410 257 1477 furt
282 1411 322 1476 ab
350 1414 377 1477 li
402 1412 544 1487 icureis3
570 1413 740 1498 posteriori
765 1411 861 1477 modo
884 1434 901 1476 a
923 1412 1099 1481 Guilielmo
1120 1419 1165 1485 O·

98 1494 213 1559 clramo
228 1515 312 1560 saec.
324 1432 413 1571 xli,
428 1502 472 1571 el,
488 1492 664 1559 secundum
682 1493 944 1559 verisimiliorem
958 1499 1162 1579 sententiam,

98 1578 196 1641 eliam
218 1597 235 1641 a
258 1576 455 1653 Rosceliino,
478 1576 614 1661 aliisque
636 1574 862 1641 Nominalibus
884 1596 968 1641 saec.
992 1579 1039 1645 xl
1053 1579 1074 1641 ¹.

137 1656 188 1725 85.
213 1659 396 1725 Realismus
423 1668 471 1723 est
491 1670 628 1745 systema
651 1677 779 1735 eorum,
793 1659 849 1743 qui
870 1658 1072 1727 arbitrantur
1092 1666 1165 1729 uni-

98 1742 257 1822 versalia,
283 1751 379 1840 prout
401 1740 595 1806 universalia
623 1749 718 1817 sunt,
741 1750 833 1806 extra
854 1750 994 1805 mentem
1022 1754 1164 1811 nostram

95 1836 167 1889 ectu
190 1825 342 1890 inveniri.
370 1822 435 1909 lpsi
456 1821 536 1886 hanc
562 1824 754 1889 sententiam
775 1822 912 1887 diversis
933 1823 1038 1889 modis
1058 1827 1165 1911 expli·

96 1919 180 1973 cant.
204 1904 421 1982 Universalia,
444 1904 624 1970 secundum
646 1905 827 1982 Platonem,
850 1914 925 1969 sunt
947 1903 1057 1985 ideae,
1079 1930 1163 1994 quae

96 2010 160 2054 non
181 1989 285 2054 solum
307 2010 326 2052 a
349 1998 455 2052 mente
479 1997 601 2064 nostra,
617 1986 672 2052 sed
688 1986 785 2049 etiam
804 2006 822 2049 a
842 1984 940 2051 rebus
961 1991 1092 2055 omnino
1112 2012 1164 2057 se-

96 2080 225 2158 paratae
254 2072 367 2137 suut¹.
398 2068 514 2133 Reales
541 2078 650 2134 autem
679 2067 805 2133 mediae
836 2070 951 2134 aetatis
982 2070 1164 2141 docueruut

96 2153 306 2228 universalia,
322 2172 352 2216 e.
370 2173 415 2237 g.,
430 2151 664 2217 humanitatem
685 2152 902 2217 communiter
923 2165 1075 2231 sumtum,
1098 2176 1162 2221 nou

93 2234 228 2320 qrridem
251 2237 284 2301 in
305 2254 338 2298 se
361 2234 458 2318 ipsis,
473 2231 530 2296 sed
545 2235 579 2297 in
594 2232 693 2298 rebus
714 2232 762 2295 siu
810 2231 934 2297 laribus
949 2235 993 2300 ita
1007 2237 1161 2316 existere,

94 2327 130 2383 ut
153 2339 211 2403 pro
234 2320 284 2381 ria
305 2316 477 2381 existentia
499 2315 674 2411 gaudeant,
698 2334 716 2376 a
738 2334 773 2378 re
799 2334 900 2401 usque
923 2316 1160 2403 singularibus,

93 2402 127 2464 in
172 2339 268 2466 nidus
289 2401 415 2473 insunt,
438 2397 570 2463 realiter
591 2396 843 2481 distinguantur.

133 2420 184 2549 δί.
210 2482 347 2548 Demum
373 2478 675 2564 Conceptualismus
704 2482 804 2544 sancit
830 2479 1028 2545 universalia
1054 2503 1161 2568 neque

92 2563 173 2629 reali
195 2564 367 2648 existentia
389 2561 543 2659 gaudere,
564 2581 667 2646 neque
689 2580 759 2625 esse
778 2581 884 2637 voces,
902 2560 951 2626 vel
971 2576 1159 2650 conceptus,

91 2647 149 2731 qui
173 2648 282 2730 plures
302 2666 354 2711 res
372 2642 554 2729 srugulares
575 2653 839 2730 repraesentant,
862 2642 915 2707 sed
938 2664 1008 2709 esse
1030 2658 1159 2714 nostrae

92 2730 207 2793 mentis
221 2736 405 2874 conceXtus,
419 2724 539 2823 quibus
553 2726 678 2823 aliquid
692 2724 885 2802 universale,
902 2745 1018 2811 nempe
1034 2726 1161 2814 aliquid

90 2829 261 2875 commune
280 2811 313 2875 in
336 2808 456 2874 efinitrs
474 2807 572 2873 rebus
585 2805 806 2893 singularibus
826 2806 1008 2893 respondet.
1025 2813 1067 2876 ht
1082 2832 1160 2879 veru

90 2890 320 2975 Conceptuales
345 2913 410 2955 non
430 2889 545 2955 eadem
570 2892 694 2956 ratione
721 2910 813 2955 suam
837 2891 1028 2956 sententiam
1055 2896 1160 2980 expli-

89 2976 229 3039 cant.hli
252 2975 289 3038 ui
323 2974 431 3047 enim,
450 2982 527 3057 puta
547 2971 761 3048 Abaelardus,
784 2974 1007 3058 conceptiones
1028 2977 1161 3043 univer-

90 3056 173 3122 sales
192 2996 281 3121 uddlo
302 3053 397 3119 modo
420 3054 597 3120 obiectivas
623 3075 692 3120 esse
713 3053 958 3121 contenderunt.
975 3056 1052 3133 Alii,
1072 3057 1164 3126 inter-

88 3160 171 3226 quos
192 3136 393 3214 Aristoteles,
410 3150 443 3203 et
465 3146 536 3221 post
556 3158 630 3202 eum
653 3136 824 3222 praecipui
844 3136 975 3205 Scholae
989 3139 1157 3221 Doctores,

123 3356 134 3391 ¹
154 3351 291 3413 llixlmus,
315 3354 453 3405 renaudum
476 3352 682 3403 murmurarem
707 3355 877 3408 tentandum.
901 3354 963 3417 qula
989 3366 1042 3403 non
1060 3353 1159 3408 desunt

87 3426 207 3483 nonnulli
226 3426 355 3485 historici,
374 3426 419 3491 qui
438 3424 602 3475 contendunt
621 3418 800 3475 hoscelllnum
824 3426 849 3475 in
869 3437 899 3474 ea
919 3425 1042 3489 opinione
1063 3426 1158 3488 luisse,

88 3503 118 3549 ut
136 3502 243 3561 putaret
260 3508 339 3548 voces
359 3497 519 3549 universales
537 3497 610 3547 omni
629 3497 819 3560 significatione
839 3511 943 3549 vacare.

124 3571 136 3605 ²
157 3568 247 3621 Utrum
268 3569 340 3620 Plato
359 3571 470 3620 senserit
490 3572 537 3620 has
557 3569 628 3619 ideas
647 3570 759 3621 existere
779 3576 852 3621 extra
872 3569 968 3629 Deum,
989 3584 1022 3620 an
1042 3570 1069 3620 iu
1087 3568 1160 3633 Deo,

88 3644 119 3696 lis
132 3644 201 3694 luter
219 3643 335 3694 eruditos
355 3644 427 3694 nullo
447 3656 499 3695 non
519 3649 639 3707 tempore
659 3640 718 3705 luit,
734 3656 819 3709 eaque
838 3644 925 3696 adhuc
943 3643 991 3695 suh
1005 3644 1091 3697 iudice
1103 3649 1156 3697 est.
