2475 3909
435 184 517 291 mans
538 213 670 268 aeruna
1016 201 1069 267 65.

49 302 123 367 reris
144 297 306 366 bominem
333 319 401 363 osse
430 318 582 385 capacem
609 300 764 365 scientiae
786 322 825 365 ex
846 322 908 378 eo,
934 301 1022 386 qnod
1050 311 1098 368 est

48 384 224 459 rationalis,
248 402 379 446 cansam
408 379 577 447 formalem
605 402 666 467 pro
693 393 883 466 argumento
905 405 1023 449 sumes.
1046 386 1099 449 Ex

48 488 134 531 causa
162 464 317 530 elliciente
348 464 380 527 in
409 464 530 528 mundo
562 484 632 529 esse
664 463 813 530 ordinem
844 464 1095 543 demonstratur,

46 550 115 693 qnia
137 547 248 621 Deus,
269 548 324 631 qui
350 546 505 612 mundam
528 543 691 623 condidit,
715 568 778 611 non
801 549 923 633 potuit,
945 548 1025 643 quin
1046 568 1098 613 or·

67 633 146 695 inem
173 631 257 693 inter
283 649 395 693 omnes
427 629 497 694 cius
530 640 637 715 partes
668 627 847 694 adhiberet.
883 628 1030 715 Demque
1056 649 1100 694 ex

46 732 133 777 cansa
160 710 249 775 finali
278 711 467 776 Aristoteles
500 711 731 779 demonstravit
758 722 830 798 post
855 732 990 777 coenam
1018 711 1098 776 utile

46 814 107 859 esse
129 792 309 867 ambulare,
325 794 403 878 quia
422 792 654 869 deambulatio,
668 814 744 859 cam
757 793 904 859 ciborum
921 791 1098 879 digestioni

47 876 206 949 inserviat,
228 872 405 940 valetudini
431 874 555 961 prodet.
616 874 625 899 ’

79 958 129 1023 52.
153 956 227 1021 Duo
242 969 350 1021 autem
365 956 404 1021 de
420 957 478 1022 hac
494 979 529 1023 re
544 978 675 1022 monere
690 976 748 1041 par
762 967 821 1023 est:
833 954 863 1021 1⁰
878 955 994 1035 Causa,
1015 975 1099 1053 quae

45 1052 202 1124 tamquam
226 1038 369 1103 medinm
386 1039 558 1106 adhibetur
579 1040 613 1104 in
634 1038 819 1127 syllogismo
833 1036 1100 1115 demonstratum,

44 1122 133 1187 debet
154 1142 224 1185 esse
249 1118 281 1184 1⁰
298 1140 356 1205 per
378 1142 430 1197 sc,
453 1135 480 1187 et
500 1122 687 1200 accessoria,
708 1119 743 1188 2⁰
760 1121 911 1206 propria,
933 1142 998 1186 non
1020 1141 1099 1187 vero

44 1204 235 1279 communis,
257 1202 293 1269 3⁰
311 1206 460 1286 proxim
483 1206 551 1270 sive
573 1204 761 1269 immediato.
785 1203 960 1269 Enimvero
982 1204 1016 1268 in
1037 1202 1102 1289 syl·

44 1286 176 1372 logismo
197 1282 451 1351 demonstrativo
480 1286 644 1352 conclusio
671 1285 890 1371 cognitionem
918 1286 950 1369 gi
977 1285 1023 1349 nit
1046 1306 1102 1349 ne-

42 1368 235 1441 eessariam,
258 1369 302 1432 ita
324 1379 400 1434 nto
425 1369 567 1455 positum
588 1368 659 1432 eius
681 1367 766 1433 baud
793 1368 837 1432 sit
864 1306 1040 1452 possibilffi
1067 1388 1104 1431 o·

44 1452 151 1515 mnino
174 1462 305 1517 certam.
329 1459 360 1513 et
382 1390 607 1535 adaequatam,
623 1470 738 1536 nempe
760 1448 933 1526 eiusmodi,
956 1449 1102 1515 utnulla

1 1588 2 1591 ,
42 1533 104 1596 alia
122 1532 249 1597 ratione
270 1529 310 1595 ad
332 1532 420 1598 illam
441 1530 696 1630 cognoscendam
724 1552 807 1618 opus
834 1532 888 1596 sit.
917 1532 1047 1599 Etenim
1073 1532 1101 1595 si

1 1614 2 1699 J
41 1612 117 1700 quid
138 1614 254 1679 horum
279 1612 423 1691 deesset,
446 1614 614 1680 scientiam
641 1614 689 1678 rei
721 1636 778 1701 per
804 1613 1028 1702 syllogismum
1049 1611 1106 1678 de·

1 1702 2 1759 3
41 1697 289 1762 monstrativum
312 1716 376 1761 non
398 1716 656 1781 assequeremur⁴
684 1696 752 1761 lam
779 1696 807 1761 si
834 1696 1000 1761 conclusio
1029 1716 1106 1781 pro·

1 1820 2 1855 ,
41 1778 135 1845 batur
158 1798 218 1863 per
240 1796 381 1857 causam,
405 1800 423 1843 a
444 1800 509 1863 qua
532 1778 672 1851 illanon
689 1796 747 1861 per
768 1800 810 1855 ac,
825 1778 894 1845 sive
909 1778 1105 1855 necessario,

1 1862 2 1927 l
41 1862 89 1927 iel
112 1861 315 1934 naturaliter,
339 1861 394 1927 sed
413 1880 470 1945 per
492 1860 631 1926 occidens
648 1870 827 1945 promanat,
843 1860 914 1956 ipsa
935 1881 999 1926 non
1020 1872 1106 1926 esset

40 1944 244 2019 necessaria,
273 1942 349 2027 quia
378 1944 433 2021 id,
462 1942 548 2028 quod
573 1962 631 2025 per
657 1942 795 2007 accidens
823 1954 930 2009 oritur
953 1964 973 2006 a
994 1961 1103 2019 causa,

40 2045 103 2091 non
130 2046 260 2090 semer
288 2024 393 2090 oritur
421 2024 461 2089 ab
490 2046 551 2101 ea,
580 2044 615 2087 ac
646 2022 781 2169 proinde
809 2024 993 2110 oppositum
1021 2022 1105 2103 eius,

41 2106 126 2191 qnod
149 2044 318 2193 prolator,
342 2130 404 2171 non
427 2108 491 2171 erit
514 2106 645 2192 impossi
673 2106 725 2171 ile.
750 2107 788 2171 Ε.
806 2128 851 2191 g.,
873 2106 1015 2191 aliquem
1032 2126 1106 2189 pro-

42 2187 117 2253 bum
140 2210 212 2254 esse
234 2210 275 2253 ex
296 2210 359 2265 eo,
382 2189 468 2273 (qnod
497 2210 571 2253 oum
602 2186 711 2273 probis
740 2187 999 2273 lrequentissime
1024 2188 1106 2273 agit,

41 2270 123 2337 baud
151 2273 333 2336 necessario
361 2269 608 2335 demonstratur.
638 2270 774 2357 lnsuper
800 2290 895 2335 cansa
925 2271 1107 2334 communis

40 2374 103 2419 non
125 2354 235 2419 solum
257 2351 296 2417 ad
320 2375 411 2426 rem,
434 2354 526 2422 cuius
551 2354 685 2418 scientia
712 2354 905 2437 quaeritur,
928 2351 1105 2423 sedetiam

38 2436 76 2499 ad
99 2438 186 2501 alias
208 2446 351 2520 spectat;
375 2456 411 2499 ac
433 2434 566 2521 proinde
588 2438 614 2499 si
636 2437 800 2501 conclusio
828 2435 1019 2521 probaretur
1042 2453 1105 2497 non

37 2538 96 2602 per
118 2538 253 2585 causam
278 2517 455 2603 propriam,
476 2538 560 2602 quae
581 2539 652 2581 rem
672 2518 851 2594 constituit,
874 2516 929 2584 sed
954 2537 1010 2601 per
1031 2536 1107 2579 cau-

36 2622 106 2667 sam
127 2620 350 2675 commnnem,
371 2600 443 2685 ipsa
464 2598 654 2686 probabilis,
678 2623 743 2667 non
765 2622 841 2665 vero
863 2600 995 2665 omnino
1020 2610 1107 2662 certa

35 2696 132 2751 esset.
158 2681 246 2748 llinc
269 2682 472 2745 eruditionem
494 2681 619 2767 aliquid
642 2681 763 2748 bonum
784 2703 852 2748 esse
873 2704 916 2746 ex
936 2704 998 2756 eo,
1021 2680 1107 2765 (quod

34 2764 195 2851 optabilis
216 2774 285 2841 est,
310 2762 485 2849 apodictico
513 2785 576 2829 non
604 2762 852 2831 demonstratur.
883 2764 1029 2848 Denique
1057 2784 1108 2826 co-

34 2852 143 2927 enisio
175 2844 352 2930 adaequata
379 2848 425 2911 rei
455 2868 517 2910 non
551 2843 773 2923 obtineretur,
803 2850 830 2911 si
856 2848 926 2914 eius
956 2844 1106 2931 probatio

35 2930 128 2998 beret
153 2951 216 3017 per
237 2949 368 2992 cansam
391 2936 568 3003 remotam,
592 2950 657 2992 non
680 2931 882 3015 proximam
915 2949 990 2992 nam
1012 2948 1108 2993 cansa

35 3024 164 3078 remota
189 3010 401 3095 adaequatam
428 3012 587 3077 rationem
615 3012 664 3075 rei
691 3008 775 3076 baud
803 3012 969 3097 exprimit.
999 3012 1036 3075 E.
1063 3033 1107 3094 g.‚

37 3096 196 3160 laminam
218 3094 373 3177 respirare
395 3091 572 3177 adaequate
595 3114 658 3157 non
679 3095 899 3179 cognoscitur,
913 3093 939 3156 si
956 3113 997 3157 ex
1012 3113 1109 3155 causa

38 3189 181 3253 remota,
202 3195 317 3260 nempe
339 3194 382 3238 cn
402 3196 452 3253 co,
476 3174 563 3260 qnod
577 3176 770 3251 ostentmst,
787 3197 850 3241 non
864 3196 941 3241 vero
955 3195 997 3238 ex
1011 3181 1110 3239 canslt

40 3264 208 3340 proxima,
234 3277 346 3343 nempe
368 3278 409 3322 ex
430 3278 482 3335 eo,
503 3258 592 3343 quod
613 3257 710 3325 babet
730 3258 911 3345 pulmones,
932 3254 1109 3376 colligitnr3

40 3354 111 3410 sunt
132 3344 227 3409 enim
248 3338 416 3416 animalia,
438 3358 513 3426 quoe
532 3360 594 3403 aon
612 3342 783 3426 respirent,
799 3341 882 3411 sicut
903 3340 1005 3423 pisces
1035 3386 1042 3401 .
1060 3339 1112 3403 Ex

40 3424 85 3490 lis
107 3423 270 3493 omnibus
291 3420 497 3507 perspicitur,
519 3444 617 3509 qnam
639 3433 726 3488 recte
752 3422 958 3511 syllogismus
978 3418 1113 3484 demon-

39 3512 198 3576 strativus
221 3504 276 3572 ille
297 3502 442 3583 dicatur,
464 3506 559 3571 cuins
580 3506 778 3592 praemissae
800 3513 876 3571 sunt
897 3504 1110 3575 necessariae,
1179 3566 1183 3572 ,

382 3626 717 3645 m

72 3686 81 3721 ⁸
104 3688 137 3736 ln
159 3686 206 3735 lib.
229 3685 243 3735 1
262 3684 374 3741 Pastor„
396 3674 458 3732 lec'l.
480 3678 577 3736 XXIV.

112 3774 226 3827 Pmnos.
239 3768 346 3825 Currsr.
358 3774 495 3837 compend.
511 3771 530 3823 l.
970 3761 1009 3837 ³l
