<?xml version="1.0" encoding="UTF-8"?>
<!DOCTYPE html PUBLIC "-//W3C//DTD XHTML 1.0 Transitional//EN"
    "http://www.w3.org/TR/xhtml1/DTD/xhtml1-transitional.dtd">
<html xmlns="http://www.w3.org/1999/xhtml" xml:lang="en" lang="en">
 <head>
  <title>
</title>
<meta http-equiv="Content-Type" content="text/html;charset=utf-8" />
  <meta name='ocr-system' content='tesseract 3.04.00' />
  <meta name='ocr-capabilities' content='ocr_page ocr_carea ocr_par ocr_line ocrx_word'/>
</head>
<body>
  <div class='ocr_page' id='page_1' title='image "./philosophiachri00sansgoog_0109.png"; bbox 0 0 2475 3909; ppageno 0'>
   <div class='ocr_carea' id='block_1_1' title="bbox 346 181 1072 250">
    <p class='ocr_par' dir='ltr' id='par_1_1' title="bbox 346 181 1072 250">
     <span class='ocr_line' id='line_1_1' title="bbox 346 181 1072 250; baseline 0.003 -3"><span class='ocrx_word' id='word_1_1' title='bbox 346 189 350 196; x_wconf 81' lang='grc'><em>“</em></span> <span class='ocrx_word' id='word_1_2' title='bbox 465 199 546 248; x_wconf 79' lang='lat' dir='ltr'>rsus</span> <span class='ocrx_word' id='word_1_3' title='bbox 568 201 688 250; x_wconf 78' lang='lat' dir='ltr'>usaria</span> <span class='ocrx_word' id='word_1_4' title='bbox 1031 181 1072 249; x_wconf 71' lang='lat' dir='ltr'>fib</span> 
     </span>
    </p>
   </div>
   <div class='ocr_carea' id='block_1_2' title="bbox 45 279 1118 2174">
    <p class='ocr_par' dir='ltr' id='par_1_2' title="bbox 45 279 1116 613">
     <span class='ocr_line' id='line_1_2' title="bbox 82 279 1113 359; baseline 0.002 -12"><span class='ocrx_word' id='word_1_5' title='bbox 82 279 238 359; x_wconf 81' lang='lat' dir='ltr'>Criticoe,</span> <span class='ocrx_word' id='word_1_6' title='bbox 262 304 335 349; x_wconf 89' lang='lat' dir='ltr'>nem</span> <span class='ocrx_word' id='word_1_7' title='bbox 360 306 378 350; x_wconf 93' lang='lat' dir='ltr'>e</span> <span class='ocrx_word' id='word_1_8' title='bbox 402 283 607 353; x_wconf 89' lang='lat' dir='ltr'>iudicatricis</span> <span class='ocrx_word' id='word_1_9' title='bbox 628 306 746 352; x_wconf 90' lang='lat' dir='ltr'>nomeu</span> <span class='ocrx_word' id='word_1_10' title='bbox 766 283 882 350; x_wconf 90' lang='lat' dir='ltr'>habuit</span> <span class='ocrx_word' id='word_1_11' title='bbox 903 305 956 350; x_wconf 82' lang='lat' dir='ltr'>ors</span> <span class='ocrx_word' id='word_1_12' title='bbox 977 286 1013 348; x_wconf 84' lang='lat' dir='ltr'>de</span> <span class='ocrx_word' id='word_1_13' title='bbox 1034 284 1113 349; x_wconf 84' lang='lat' dir='ltr'>alio-</span> 
     </span>
     <span class='ocr_line' id='line_1_3' title="bbox 45 303 1113 454; baseline 0.007 -30"><span class='ocrx_word' id='word_1_14' title='bbox 45 384 113 428; x_wconf 76' lang='lat' dir='ltr'>rum</span> <span class='ocrx_word' id='word_1_15' title='bbox 136 367 269 450; x_wconf 79' lang='lat' dir='ltr'>seriptis</span> <span class='ocrx_word' id='word_1_16' title='bbox 291 303 467 445; x_wconf 64' lang='lat' dir='ltr'>iudicandi,</span> <span class='ocrx_word' id='word_1_17' title='bbox 489 371 626 454; x_wconf 87' lang='lat' dir='ltr'>eiusque</span> <span class='ocrx_word' id='word_1_18' title='bbox 648 388 735 452; x_wconf 88' lang='lat' dir='ltr'>pars,</span> <span class='ocrx_word' id='word_1_19' title='bbox 757 387 841 452; x_wconf 89' lang='lat' dir='ltr'>quae</span> <span class='ocrx_word' id='word_1_20' title='bbox 856 365 897 430; x_wconf 93' lang='lat' dir='ltr'>de</span> <span class='ocrx_word' id='word_1_21' title='bbox 920 367 1113 451; x_wconf 84' lang='lat' dir='ltr'>interpreta-</span> 
     </span>
     <span class='ocr_line' id='line_1_4' title="bbox 46 444 1116 535; baseline -0.001 -25"><span class='ocrx_word' id='word_1_22' title='bbox 46 448 132 510; x_wconf 90' lang='lat' dir='ltr'>tione</span> <span class='ocrx_word' id='word_1_23' title='bbox 147 444 312 512; x_wconf 90' lang='lat' dir='ltr'>librorum</span> <span class='ocrx_word' id='word_1_24' title='bbox 327 447 456 532; x_wconf 78' lang='lat' dir='ltr'>regulas</span> <span class='ocrx_word' id='word_1_25' title='bbox 477 449 588 525; x_wconf 79' lang='lat' dir='ltr'>tradit,</span> <span class='ocrx_word' id='word_1_26' title='bbox 604 449 768 535; x_wconf 78' lang='lat' dir='ltr'><strong>peculiare</strong></span> <span class='ocrx_word' id='word_1_27' title='bbox 792 467 910 513; x_wconf 89' lang='lat' dir='ltr'>nomeu</span> <span class='ocrx_word' id='word_1_28' title='bbox 924 447 1116 510; x_wconf 81' lang='lat' dir='ltr'>Hermenea·</span> 
     </span>
     <span class='ocr_line' id='line_1_5' title="bbox 48 528 892 613; baseline 0.008 -21"><span class='ocrx_word' id='word_1_29' title='bbox 48 529 132 604; x_wconf 70' lang='lat' dir='ltr'>aare,</span> <span class='ocrx_word' id='word_1_30' title='bbox 156 529 228 593; x_wconf 85' lang='lat' dir='ltr'>sire</span> <span class='ocrx_word' id='word_1_31' title='bbox 248 529 513 613; x_wconf 87' lang='lat' dir='ltr'>Interpretativae</span> <span class='ocrx_word' id='word_1_32' title='bbox 535 528 642 597; x_wconf 83' lang='lat' dir='ltr'>habet·</span> <span class='ocrx_word' id='word_1_33' title='bbox 888 531 892 538; x_wconf 73' lang='grc'><strong>’</strong></span> 
     </span>
    </p>

    <p class='ocr_par' dir='ltr' id='par_1_3' title="bbox 47 608 1116 1194">
     <span class='ocr_line' id='line_1_6' title="bbox 80 608 1114 692; baseline -0.001 -20"><span class='ocrx_word' id='word_1_34' title='bbox 80 609 132 672; x_wconf 84' lang='grc'>50.</span> <span class='ocrx_word' id='word_1_35' title='bbox 159 611 282 692; x_wconf 82' lang='lat' dir='ltr'>Atque,</span> <span class='ocrx_word' id='word_1_36' title='bbox 297 619 335 674; x_wconf 92' lang='lat' dir='ltr'>ut</span> <span class='ocrx_word' id='word_1_37' title='bbox 357 630 376 672; x_wconf 92' lang='lat' dir='ltr'>a</span> <span class='ocrx_word' id='word_1_38' title='bbox 397 608 645 676; x_wconf 86' lang='lat' dir='ltr'>delinitionibus</span> <span class='ocrx_word' id='word_1_39' title='bbox 665 609 842 674; x_wconf 83' lang='lat' dir='ltr'>verborum</span> <span class='ocrx_word' id='word_1_40' title='bbox 863 608 1044 683; x_wconf 79' lang='lat' dir='ltr'>ordiamur,</span> <span class='ocrx_word' id='word_1_41' title='bbox 1065 627 1114 690; x_wconf 75' lang='lat' dir='ltr'>pe·</span> 
     </span>
     <span class='ocr_line' id='line_1_7' title="bbox 47 689 1113 785; baseline 0.003 -36"><span class='ocrx_word' id='word_1_42' title='bbox 47 690 158 752; x_wconf 74' lang='lat' dir='ltr'>animas</span> <span class='ocrx_word' id='word_1_43' title='bbox 178 700 228 756; x_wconf 88' lang='lat' dir='ltr'>est</span> <span class='ocrx_word' id='word_1_44' title='bbox 248 689 345 766; x_wconf 90' lang='lat' dir='ltr'>liber,</span> <span class='ocrx_word' id='word_1_45' title='bbox 368 692 427 785; x_wconf 80' lang='lat' dir='ltr'>qui</span> <span class='ocrx_word' id='word_1_46' title='bbox 447 711 521 756; x_wconf 91' lang='lat' dir='ltr'>eum</span> <span class='ocrx_word' id='word_1_47' title='bbox 544 691 645 758; x_wconf 92' lang='lat' dir='ltr'>habet</span> <span class='ocrx_word' id='word_1_48' title='bbox 664 702 856 765; x_wconf 76' lang='lat' dir='ltr'>auctorem,</span> <span class='ocrx_word' id='word_1_49' title='bbox 878 691 974 754; x_wconf 90' lang='lat' dir='ltr'>cuius</span> <span class='ocrx_word' id='word_1_50' title='bbox 995 709 1113 754; x_wconf 90' lang='lat' dir='ltr'>nomen</span> 
     </span>
     <span class='ocr_line' id='line_1_8' title="bbox 49 769 1114 867; baseline 0.001 -35"><span class='ocrx_word' id='word_1_51' title='bbox 49 769 237 852; x_wconf 73' lang='lat' dir='ltr'>praesefert,</span> <span class='ocrx_word' id='word_1_52' title='bbox 258 780 436 855; x_wconf 79' lang='lat' dir='ltr'>suppositus</span> <span class='ocrx_word' id='word_1_53' title='bbox 462 793 553 849; x_wconf 90' lang='lat' dir='ltr'>vero,</span> <span class='ocrx_word' id='word_1_54' title='bbox 576 774 644 838; x_wconf 87' lang='lat' dir='ltr'>sive</span> <span class='ocrx_word' id='word_1_55' title='bbox 665 773 804 857; x_wconf 68' lang='lat' dir='ltr'>moriar,</span> <span class='ocrx_word' id='word_1_56' title='bbox 827 771 856 834; x_wconf 89' lang='lat' dir='ltr'>si</span> <span class='ocrx_word' id='word_1_57' title='bbox 878 770 992 846; x_wconf 89' lang='lat' dir='ltr'>alium,</span> <span class='ocrx_word' id='word_1_58' title='bbox 1015 789 1114 867; x_wconf 87' lang='lat' dir='ltr'>quam</span> 
     </span>
     <span class='ocr_line' id='line_1_9' title="bbox 49 850 1111 935; baseline -0.001 -22"><span class='ocrx_word' id='word_1_59' title='bbox 49 851 96 914; x_wconf 83' lang='lat' dir='ltr'>cui</span> <span class='ocrx_word' id='word_1_60' title='bbox 119 851 293 929; x_wconf 83' lang='lat' dir='ltr'>tribuitur,</span> <span class='ocrx_word' id='word_1_61' title='bbox 313 865 479 918; x_wconf 81' lang='lat' dir='ltr'>auctorem</span> <span class='ocrx_word' id='word_1_62' title='bbox 500 855 607 920; x_wconf 90' lang='lat' dir='ltr'>habet.</span> <span class='ocrx_word' id='word_1_63' title='bbox 636 853 738 917; x_wconf 87' lang='lat' dir='ltr'>Porro</span> <span class='ocrx_word' id='word_1_64' title='bbox 759 853 877 935; x_wconf 74' lang='lat' dir='ltr'>intepcr</span> <span class='ocrx_word' id='word_1_65' title='bbox 899 852 993 917; x_wconf 91' lang='lat' dir='ltr'>audit</span> <span class='ocrx_word' id='word_1_66' title='bbox 1013 850 1111 927; x_wconf 80' lang='lat' dir='ltr'>liber,</span> 
     </span>
     <span class='ocr_line' id='line_1_10' title="bbox 49 930 1116 1021; baseline 0.003 -27"><span class='ocrx_word' id='word_1_67' title='bbox 49 933 99 1016; x_wconf 89' lang='lat' dir='ltr'>qui</span> <span class='ocrx_word' id='word_1_68' title='bbox 114 955 178 998; x_wconf 89' lang='lat' dir='ltr'>non</span> <span class='ocrx_word' id='word_1_69' title='bbox 192 933 283 998; x_wconf 89' lang='lat' dir='ltr'>aliud</span> <span class='ocrx_word' id='word_1_70' title='bbox 297 935 453 1011; x_wconf 89' lang='lat' dir='ltr'>continet,</span> <span class='ocrx_word' id='word_1_71' title='bbox 490 959 566 1001; x_wconf 92' lang='lat' dir='ltr'>uann</span> <span class='ocrx_word' id='word_1_72' title='bbox 580 932 666 1021; x_wconf 89' lang='lat' dir='ltr'>quod</span> <span class='ocrx_word' id='word_1_73' title='bbox 683 944 797 1001; x_wconf 89' lang='lat' dir='ltr'>auctor</span> <span class='ocrx_word' id='word_1_74' title='bbox 818 934 961 1018; x_wconf 87' lang='lat' dir='ltr'>scripsit;</span> <span class='ocrx_word' id='word_1_75' title='bbox 976 933 1003 996; x_wconf 92' lang='lat' dir='ltr'>si</span> <span class='ocrx_word' id='word_1_76' title='bbox 1019 930 1116 1018; x_wconf 83' lang='lat' dir='ltr'>quid-</span> 
     </span>
     <span class='ocr_line' id='line_1_11' title="bbox 49 956 1113 1162; baseline 0 -86"><span class='ocrx_word' id='word_1_77' title='bbox 49 1033 141 1108; x_wconf 81' lang='lat' dir='ltr'>quam</span> <span class='ocrx_word' id='word_1_78' title='bbox 157 1015 209 1080; x_wconf 91' lang='lat' dir='ltr'>illi</span> <span class='ocrx_word' id='word_1_79' title='bbox 224 1013 388 1093; x_wconf 90' lang='lat' dir='ltr'>additum,</span> <span class='ocrx_word' id='word_1_80' title='bbox 402 956 616 1083; x_wconf 67' lang='lat' dir='ltr'>suthamtum</span> <span class='ocrx_word' id='word_1_81' title='bbox 632 1019 686 1090; x_wconf 92' lang='lat' dir='ltr'>sit,</span> <span class='ocrx_word' id='word_1_82' title='bbox 701 1026 881 1162; x_wconf 60' lang='lat' dir='ltr'>corruptae,</span> <span class='ocrx_word' id='word_1_83' title='bbox 897 1025 929 1080; x_wconf 88' lang='lat' dir='ltr'>et</span> <span class='ocrx_word' id='word_1_84' title='bbox 943 1015 1113 1100; x_wconf 80' lang='lat' dir='ltr'>speciatim</span> 
     </span>
     <span class='ocr_line' id='line_1_12' title="bbox 49 1095 1080 1194; baseline 0.001 -36"><span class='ocrx_word' id='word_1_85' title='bbox 49 1096 262 1178; x_wconf 71' lang='lat' dir='ltr'>interpolatos,</span> <span class='ocrx_word' id='word_1_86' title='bbox 283 1099 310 1161; x_wconf 88' lang='lat' dir='ltr'>si</span> <span class='ocrx_word' id='word_1_87' title='bbox 333 1098 512 1194; x_wconf 83' lang='lat' dir='ltr'>quidquam</span> <span class='ocrx_word' id='word_1_88' title='bbox 528 1097 689 1174; x_wconf 87' lang='lat' dir='ltr'>additum,</span> <span class='ocrx_word' id='word_1_89' title='bbox 712 1107 858 1174; x_wconf 74' lang='lat' dir='ltr'>mutius,</span> <span class='ocrx_word' id='word_1_90' title='bbox 879 1098 907 1161; x_wconf 90' lang='lat' dir='ltr'>si</span> <span class='ocrx_word' id='word_1_91' title='bbox 922 1095 1080 1161; x_wconf 90' lang='lat' dir='ltr'>demtum.</span> 
     </span>
    </p>

    <p class='ocr_par' dir='ltr' id='par_1_4' title="bbox 50 1177 1118 2174">
     <span class='ocr_line' id='line_1_13' title="bbox 82 1177 1116 1265; baseline -0.001 -23"><span class='ocrx_word' id='word_1_92' title='bbox 82 1177 132 1242; x_wconf 85' lang='lat'>51.</span> <span class='ocrx_word' id='word_1_93' title='bbox 157 1177 200 1242; x_wconf 88' lang='lat' dir='ltr'>Ut</span> <span class='ocrx_word' id='word_1_94' title='bbox 222 1179 354 1262; x_wconf 78' lang='lat' dir='ltr'>genuini</span> <span class='ocrx_word' id='word_1_95' title='bbox 376 1201 395 1243; x_wconf 93' lang='lat' dir='ltr'>a</span> <span class='ocrx_word' id='word_1_96' title='bbox 417 1180 561 1264; x_wconf 90' lang='lat' dir='ltr'>spuriis,</span> <span class='ocrx_word' id='word_1_97' title='bbox 585 1190 681 1265; x_wconf 85' lang='lat' dir='ltr'>atque</span> <span class='ocrx_word' id='word_1_98' title='bbox 703 1179 819 1265; x_wconf 77' lang='lat' dir='ltr'>integri</span> <span class='ocrx_word' id='word_1_99' title='bbox 843 1198 862 1242; x_wconf 93' lang='lat' dir='ltr'>a</span> <span class='ocrx_word' id='word_1_100' title='bbox 890 1177 1054 1263; x_wconf 85' lang='lat' dir='ltr'>corruptis</span> <span class='ocrx_word' id='word_1_101' title='bbox 1076 1177 1116 1241; x_wconf 92' lang='lat' dir='ltr'>li-</span> 
     </span>
     <span class='ocr_line' id='line_1_14' title="bbox 50 1256 1114 1348; baseline 0.003 -28"><span class='ocrx_word' id='word_1_102' title='bbox 50 1256 112 1324; x_wconf 89' lang='lat' dir='ltr'>bris</span> <span class='ocrx_word' id='word_1_103' title='bbox 138 1270 370 1335; x_wconf 89' lang='lat' dir='ltr'>secernantur,</span> <span class='ocrx_word' id='word_1_104' title='bbox 392 1263 455 1327; x_wconf 87' lang='lat' dir='ltr'>tria</span> <span class='ocrx_word' id='word_1_105' title='bbox 477 1281 556 1348; x_wconf 89' lang='lat' dir='ltr'>prae</span> <span class='ocrx_word' id='word_1_106' title='bbox 578 1261 681 1326; x_wconf 88' lang='lat' dir='ltr'>oculis</span> <span class='ocrx_word' id='word_1_107' title='bbox 707 1259 855 1325; x_wconf 89' lang='lat' dir='ltr'>habenda</span> <span class='ocrx_word' id='word_1_108' title='bbox 876 1271 977 1337; x_wconf 88' lang='lat' dir='ltr'>sunt,</span> <span class='ocrx_word' id='word_1_109' title='bbox 999 1278 1114 1343; x_wconf 91' lang='lat' dir='ltr'>nempe</span> 
     </span>
     <span class='ocr_line' id='line_1_15' title="bbox 51 1336 1115 1439; baseline 0.004 -37"><span class='ocrx_word' id='word_1_110' title='bbox 51 1336 79 1402; x_wconf 83' lang='lat'>1⁰</span> <span class='ocrx_word' id='word_1_111' title='bbox 99 1341 213 1426; x_wconf 78' lang='lat' dir='ltr'>stylus,</span> <span class='ocrx_word' id='word_1_112' title='bbox 237 1361 311 1404; x_wconf 89' lang='lat' dir='ltr'>narn</span> <span class='ocrx_word' id='word_1_113' title='bbox 333 1352 418 1406; x_wconf 89' lang='lat' dir='ltr'>certe</span> <span class='ocrx_word' id='word_1_114' title='bbox 439 1343 569 1439; x_wconf 89' lang='lat' dir='ltr'>spurius</span> <span class='ocrx_word' id='word_1_115' title='bbox 591 1352 639 1407; x_wconf 89' lang='lat' dir='ltr'>est</span> <span class='ocrx_word' id='word_1_116' title='bbox 659 1341 768 1419; x_wconf 92' lang='lat' dir='ltr'>liber,</span> <span class='ocrx_word' id='word_1_117' title='bbox 790 1342 818 1406; x_wconf 91' lang='lat' dir='ltr'>si</span> <span class='ocrx_word' id='word_1_118' title='bbox 841 1341 941 1424; x_wconf 78' lang='lat' dir='ltr'>stylus</span> <span class='ocrx_word' id='word_1_119' title='bbox 963 1339 1115 1408; x_wconf 84' lang='lat' dir='ltr'>diversus</span> 
     </span>
     <span class='ocr_line' id='line_1_16' title="bbox 51 1421 1116 1522; baseline 0.004 -40"><span class='ocrx_word' id='word_1_120' title='bbox 51 1421 87 1486; x_wconf 90' lang='lat' dir='ltr'>sit</span> <span class='ocrx_word' id='word_1_121' title='bbox 106 1442 123 1485; x_wconf 92' lang='lat' dir='ltr'>a</span> <span class='ocrx_word' id='word_1_122' title='bbox 138 1421 222 1508; x_wconf 73' lang='lat' dir='ltr'>stylo</span> <span class='ocrx_word' id='word_1_123' title='bbox 236 1423 389 1501; x_wconf 88' lang='lat' dir='ltr'>auctoris,</span> <span class='ocrx_word' id='word_1_124' title='bbox 405 1444 500 1488; x_wconf 85' lang='lat' dir='ltr'>cuius</span> <span class='ocrx_word' id='word_1_125' title='bbox 515 1444 633 1489; x_wconf 90' lang='lat' dir='ltr'>nomen</span> <span class='ocrx_word' id='word_1_126' title='bbox 647 1423 840 1522; x_wconf 82' lang='lat' dir='ltr'>praesefert3</span> <span class='ocrx_word' id='word_1_127' title='bbox 854 1422 890 1487; x_wconf 77' lang='lat'>2⁰</span> <span class='ocrx_word' id='word_1_128' title='bbox 904 1423 1027 1505; x_wconf 66' lang='lat' dir='ltr'>doymo,</span> <span class='ocrx_word' id='word_1_129' title='bbox 1044 1444 1116 1509; x_wconf 89' lang='lat' dir='ltr'>per-</span> 
     </span>
     <span class='ocr_line' id='line_1_17' title="bbox 52 1502 1115 1591; baseline 0.002 -26"><span class='ocrx_word' id='word_1_130' title='bbox 52 1505 193 1586; x_wconf 88' lang='lat' dir='ltr'>spicuum</span> <span class='ocrx_word' id='word_1_131' title='bbox 215 1503 303 1568; x_wconf 90' lang='lat' dir='ltr'>enim</span> <span class='ocrx_word' id='word_1_132' title='bbox 325 1514 373 1569; x_wconf 91' lang='lat' dir='ltr'>est</span> <span class='ocrx_word' id='word_1_133' title='bbox 394 1506 557 1591; x_wconf 91' lang='lat' dir='ltr'>spurium,</span> <span class='ocrx_word' id='word_1_134' title='bbox 573 1517 632 1572; x_wconf 92' lang='lat' dir='ltr'>aut</span> <span class='ocrx_word' id='word_1_135' title='bbox 649 1505 881 1589; x_wconf 83' lang='lat' dir='ltr'>interpolatum</span> <span class='ocrx_word' id='word_1_136' title='bbox 895 1525 964 1569; x_wconf 91' lang='lat' dir='ltr'>esse</span> <span class='ocrx_word' id='word_1_137' title='bbox 979 1502 1115 1581; x_wconf 90' lang='lat' dir='ltr'>librum,</span> 
     </span>
     <span class='ocr_line' id='line_1_18' title="bbox 51 1585 1117 1684; baseline 0.003 -38"><span class='ocrx_word' id='word_1_138' title='bbox 51 1585 80 1646; x_wconf 93' lang='lat' dir='ltr'>in</span> <span class='ocrx_word' id='word_1_139' title='bbox 101 1605 168 1669; x_wconf 90' lang='lat' dir='ltr'>quo</span> <span class='ocrx_word' id='word_1_140' title='bbox 189 1597 412 1650; x_wconf 88' lang='lat' dir='ltr'>memorantur</span> <span class='ocrx_word' id='word_1_141' title='bbox 433 1606 510 1663; x_wconf 90' lang='lat' dir='ltr'>res,</span> <span class='ocrx_word' id='word_1_142' title='bbox 536 1595 593 1651; x_wconf 91' lang='lat' dir='ltr'>aut</span> <span class='ocrx_word' id='word_1_143' title='bbox 614 1606 771 1684; x_wconf 85' lang='lat' dir='ltr'>personae</span> <span class='ocrx_word' id='word_1_144' title='bbox 794 1595 897 1651; x_wconf 89' lang='lat' dir='ltr'>aetate</span> <span class='ocrx_word' id='word_1_145' title='bbox 925 1586 1117 1670; x_wconf 92' lang='lat' dir='ltr'>scriptoris,</span> 
     </span>
     <span class='ocr_line' id='line_1_19' title="bbox 51 1666 1116 1753; baseline 0.004 -26"><span class='ocrx_word' id='word_1_146' title='bbox 51 1666 139 1730; x_wconf 85' lang='lat' dir='ltr'>euius</span> <span class='ocrx_word' id='word_1_147' title='bbox 159 1685 277 1731; x_wconf 89' lang='lat' dir='ltr'>nomeu</span> <span class='ocrx_word' id='word_1_148' title='bbox 299 1667 488 1751; x_wconf 82' lang='lat' dir='ltr'>praesefert,</span> <span class='ocrx_word' id='word_1_149' title='bbox 501 1678 710 1746; x_wconf 83' lang='lat' dir='ltr'>recentiores,</span> <span class='ocrx_word' id='word_1_150' title='bbox 727 1677 785 1732; x_wconf 90' lang='lat' dir='ltr'>aut</span> <span class='ocrx_word' id='word_1_151' title='bbox 797 1666 946 1752; x_wconf 77' lang='lat' dir='ltr'>dogmata</span> <span class='ocrx_word' id='word_1_152' title='bbox 961 1667 1116 1753; x_wconf 78' lang='lat' dir='ltr'>leguntur</span> 
     </span>
     <span class='ocr_line' id='line_1_20' title="bbox 52 1746 1116 1834; baseline 0.005 -24"><span class='ocrx_word' id='word_1_153' title='bbox 52 1749 205 1814; x_wconf 83' lang='lat' dir='ltr'>constanti</span> <span class='ocrx_word' id='word_1_154' title='bbox 229 1749 379 1815; x_wconf 76' lang='lat' dir='ltr'>ductoris</span> <span class='ocrx_word' id='word_1_155' title='bbox 401 1746 568 1815; x_wconf 90' lang='lat' dir='ltr'>doctrinae</span> <span class='ocrx_word' id='word_1_156' title='bbox 590 1748 736 1827; x_wconf 70' lang='lat' dir='ltr'>adversm</span> <span class='ocrx_word' id='word_1_157' title='bbox 752 1747 786 1816; x_wconf 85' lang='lat'>3⁰</span> <span class='ocrx_word' id='word_1_158' title='bbox 808 1757 939 1834; x_wconf 78' lang='lat' dir='ltr'>tempus,</span> <span class='ocrx_word' id='word_1_159' title='bbox 955 1769 1031 1813; x_wconf 90' lang='lat' dir='ltr'>nam</span> <span class='ocrx_word' id='word_1_160' title='bbox 1047 1771 1116 1834; x_wconf 81' lang='lat' dir='ltr'>¹nori</span> 
     </span>
     <span class='ocr_line' id='line_1_21' title="bbox 50 1829 1117 1918; baseline 0.007 -28"><span class='ocrx_word' id='word_1_161' title='bbox 50 1829 123 1896; x_wconf 89' lang='lat' dir='ltr'>licet</span> <span class='ocrx_word' id='word_1_162' title='bbox 141 1851 203 1916; x_wconf 90' lang='lat' dir='ltr'>pro</span> <span class='ocrx_word' id='word_1_163' title='bbox 227 1829 375 1913; x_wconf 85' lang='lat' dir='ltr'>genuinis</span> <span class='ocrx_word' id='word_1_164' title='bbox 396 1831 514 1896; x_wconf 89' lang='lat' dir='ltr'>habere</span> <span class='ocrx_word' id='word_1_165' title='bbox 537 1851 648 1916; x_wconf 91' lang='lat' dir='ltr'>opera,</span> <span class='ocrx_word' id='word_1_166' title='bbox 672 1853 756 1916; x_wconf 84' lang='lat' dir='ltr'>quae</span> <span class='ocrx_word' id='word_1_167' title='bbox 778 1852 796 1895; x_wconf 91' lang='lat' dir='ltr'>a</span> <span class='ocrx_word' id='word_1_168' title='bbox 820 1834 936 1918; x_wconf 89' lang='lat' dir='ltr'>priscis</span> <span class='ocrx_word' id='word_1_169' title='bbox 950 1831 1117 1915; x_wconf 89' lang='lat' dir='ltr'>scriptori-</span> 
     </span>
     <span class='ocr_line' id='line_1_22' title="bbox 50 1909 1118 1998; baseline 0.005 -25"><span class='ocrx_word' id='word_1_170' title='bbox 50 1909 108 1975; x_wconf 86' lang='lat' dir='ltr'>bus</span> <span class='ocrx_word' id='word_1_171' title='bbox 130 1912 178 1976; x_wconf 85' lang='lat' dir='ltr'>vel</span> <span class='ocrx_word' id='word_1_172' title='bbox 200 1911 324 1996; x_wconf 89' lang='lat' dir='ltr'>spuria,</span> <span class='ocrx_word' id='word_1_173' title='bbox 350 1912 398 1978; x_wconf 87' lang='lat' dir='ltr'>vel</span> <span class='ocrx_word' id='word_1_174' title='bbox 420 1911 526 1992; x_wconf 61' lang='lat' dir='ltr'>dubia⁸</span> <span class='ocrx_word' id='word_1_175' title='bbox 542 1915 728 1980; x_wconf 82' lang='lat' dir='ltr'>existimata</span> <span class='ocrx_word' id='word_1_176' title='bbox 743 1924 828 1988; x_wconf 90' lang='lat' dir='ltr'>suut,</span> <span class='ocrx_word' id='word_1_177' title='bbox 842 1915 921 1998; x_wconf 90' lang='lat' dir='ltr'>quia</span> <span class='ocrx_word' id='word_1_178' title='bbox 937 1912 1025 1976; x_wconf 90' lang='lat' dir='ltr'>nulla</span> <span class='ocrx_word' id='word_1_179' title='bbox 1041 1934 1118 1998; x_wconf 83' lang='lat' dir='ltr'>sup-</span> 
     </span>
     <span class='ocr_line' id='line_1_23' title="bbox 50 1992 1115 2138; baseline 0.002 -82"><span class='ocrx_word' id='word_1_180' title='bbox 50 1995 129 2138; x_wconf 60' lang='lat' dir='ltr'>lem</span> <span class='ocrx_word' id='word_1_181' title='bbox 149 1995 204 2058; x_wconf 87' lang='lat' dir='ltr'>ria</span> <span class='ocrx_word' id='word_1_182' title='bbox 235 1992 367 2057; x_wconf 91' lang='lat' dir='ltr'>illorum</span> <span class='ocrx_word' id='word_1_183' title='bbox 399 1995 599 2059; x_wconf 90' lang='lat' dir='ltr'>authentiam</span> <span class='ocrx_word' id='word_1_184' title='bbox 622 1993 845 2080; x_wconf 89' lang='lat' dir='ltr'>comperiendi</span> <span class='ocrx_word' id='word_1_185' title='bbox 868 1996 891 2058; x_wconf 90' lang='lat'>¹.</span> <span class='ocrx_word' id='word_1_186' title='bbox 915 1993 1035 2060; x_wconf 87' lang='lat' dir='ltr'>Contra</span> <span class='ocrx_word' id='word_1_187' title='bbox 1066 2015 1115 2066; x_wconf 91' lang='lat' dir='ltr'>ea,</span> 
     </span>
     <span class='ocr_line' id='line_1_24' title="bbox 70 2074 1117 2174; baseline -0.002 -34"><span class='ocrx_word' id='word_1_188' title='bbox 70 2074 263 2140; x_wconf 88' lang='lat' dir='ltr'>ubitandum</span> <span class='ocrx_word' id='word_1_189' title='bbox 286 2094 350 2138; x_wconf 92' lang='lat' dir='ltr'>non</span> <span class='ocrx_word' id='word_1_190' title='bbox 371 2086 418 2140; x_wconf 91' lang='lat' dir='ltr'>est</span> <span class='ocrx_word' id='word_1_191' title='bbox 439 2075 478 2140; x_wconf 89' lang='lat' dir='ltr'>de</span> <span class='ocrx_word' id='word_1_192' title='bbox 500 2076 666 2141; x_wconf 88' lang='lat' dir='ltr'>authentia</span> <span class='ocrx_word' id='word_1_193' title='bbox 688 2096 848 2162; x_wconf 91' lang='lat' dir='ltr'>operum,</span> <span class='ocrx_word' id='word_1_194' title='bbox 869 2095 953 2162; x_wconf 85' lang='lat' dir='ltr'>quae</span> <span class='ocrx_word' id='word_1_195' title='bbox 974 2075 1025 2141; x_wconf 84' lang='lat' dir='ltr'>rel</span> <span class='ocrx_word' id='word_1_196' title='bbox 1048 2079 1117 2174; x_wconf 75' lang='lat' dir='ltr'>ipse</span> 
     </span>
    </p>
   </div>
   <div class='ocr_carea' id='block_1_3' title="bbox 52 2155 1118 2302">
    <p class='ocr_par' dir='ltr' id='par_1_5' title="bbox 52 2155 1118 2302">
     <span class='ocr_line' id='line_1_25' title="bbox 52 2155 1118 2302; baseline 0.001 -81"><span class='ocrx_word' id='word_1_197' title='bbox 52 2161 171 2221; x_wconf 78' lang='lat' dir='ltr'>Auctor</span> <span class='ocrx_word' id='word_1_198' title='bbox 193 2157 372 2231; x_wconf 88' lang='lat' dir='ltr'>recensuit,</span> <span class='ocrx_word' id='word_1_199' title='bbox 395 2155 445 2222; x_wconf 86' lang='lat' dir='ltr'>vel</span> <span class='ocrx_word' id='word_1_200' title='bbox 466 2158 642 2302; x_wconf 61' lang='lat' dir='ltr'>scriptores</span> <span class='ocrx_word' id='word_1_201' title='bbox 663 2179 774 2244; x_wconf 91' lang='lat' dir='ltr'>pares,</span> <span class='ocrx_word' id='word_1_202' title='bbox 797 2170 855 2225; x_wconf 90' lang='lat' dir='ltr'>aut</span> <span class='ocrx_word' id='word_1_203' title='bbox 874 2179 1032 2244; x_wconf 87' lang='lat' dir='ltr'>suppares</span> <span class='ocrx_word' id='word_1_204' title='bbox 1051 2179 1118 2244; x_wconf 77' lang='lat' dir='ltr'>ipsi</span> 
     </span>
    </p>
   </div>
   <div class='ocr_carea' id='block_1_4' title="bbox 51 2238 1122 3140">
    <p class='ocr_par' dir='ltr' id='par_1_6' title="bbox 51 2238 1122 3140">
     <span class='ocr_line' id='line_1_26' title="bbox 555 2238 1118 2307; baseline 0.004 -3"><span class='ocrx_word' id='word_1_205' title='bbox 555 2240 598 2304; x_wconf 91' lang='lat' dir='ltr'>ile</span> <span class='ocrx_word' id='word_1_206' title='bbox 613 2260 679 2304; x_wconf 91' lang='lat' dir='ltr'>nou</span> <span class='ocrx_word' id='word_1_207' title='bbox 700 2249 748 2305; x_wconf 91' lang='lat' dir='ltr'>est</span> <span class='ocrx_word' id='word_1_208' title='bbox 769 2238 843 2304; x_wconf 90' lang='lat' dir='ltr'>illos</span> <span class='ocrx_word' id='word_1_209' title='bbox 864 2242 1014 2307; x_wconf 90' lang='lat' dir='ltr'>mentitos</span> <span class='ocrx_word' id='word_1_210' title='bbox 1036 2239 1118 2306; x_wconf 92' lang='lat' dir='ltr'>fuis·</span> 
     </span>
     <span class='ocr_line' id='line_1_27' title="bbox 51 2317 1120 2406; baseline 0 -21"><span class='ocrx_word' id='word_1_211' title='bbox 51 2341 94 2398; x_wconf 89' lang='lat' dir='ltr'>se,</span> <span class='ocrx_word' id='word_1_212' title='bbox 118 2319 179 2384; x_wconf 88' lang='lat' dir='ltr'>ubi</span> <span class='ocrx_word' id='word_1_213' title='bbox 202 2317 372 2384; x_wconf 90' lang='lat' dir='ltr'>mendacia</span> <span class='ocrx_word' id='word_1_214' title='bbox 388 2318 544 2385; x_wconf 82' lang='lat' dir='ltr'>facillime</span> <span class='ocrx_word' id='word_1_215' title='bbox 563 2320 636 2387; x_wconf 91' lang='lat' dir='ltr'>dete</span> <span class='ocrx_word' id='word_1_216' title='bbox 661 2322 671 2383; x_wconf 97' lang='lat' dir='ltr'>i</span> <span class='ocrx_word' id='word_1_217' title='bbox 688 2331 870 2406; x_wconf 91' lang='lat' dir='ltr'>potuerant.</span> <span class='ocrx_word' id='word_1_218' title='bbox 886 2323 979 2398; x_wconf 89' lang='lat' dir='ltr'>item,</span> <span class='ocrx_word' id='word_1_219' title='bbox 994 2323 1023 2388; x_wconf 91' lang='lat' dir='ltr'>si</span> <span class='ocrx_word' id='word_1_220' title='bbox 1038 2332 1120 2388; x_wconf 89' lang='lat' dir='ltr'>tern-</span> 
     </span>
     <span class='ocr_line' id='line_1_28' title="bbox 51 2342 1117 2498; baseline -0.001 -31"><span class='ocrx_word' id='word_1_221' title='bbox 51 2402 136 2498; x_wconf 87' lang='lat' dir='ltr'>poris</span> <span class='ocrx_word' id='word_1_222' title='bbox 157 2399 242 2467; x_wconf 90' lang='lat' dir='ltr'>ratio</span> <span class='ocrx_word' id='word_1_223' title='bbox 265 2398 433 2476; x_wconf 89' lang='lat' dir='ltr'>habeatur,</span> <span class='ocrx_word' id='word_1_224' title='bbox 456 2402 571 2489; x_wconf 92' lang='lat' dir='ltr'>procul</span> <span class='ocrx_word' id='word_1_225' title='bbox 592 2342 694 2468; x_wconf 74' lang='lat' dir='ltr'>duhio</span> <span class='ocrx_word' id='word_1_226' title='bbox 716 2401 852 2468; x_wconf 90' lang='lat' dir='ltr'>mutilus</span> <span class='ocrx_word' id='word_1_227' title='bbox 874 2412 923 2468; x_wconf 89' lang='lat' dir='ltr'>est</span> <span class='ocrx_word' id='word_1_228' title='bbox 945 2405 1000 2468; x_wconf 89' lang='lat' dir='ltr'>ille</span> <span class='ocrx_word' id='word_1_229' title='bbox 1022 2402 1117 2477; x_wconf 92' lang='lat' dir='ltr'>liber,</span> 
     </span>
     <span class='ocr_line' id='line_1_29' title="bbox 51 2479 1119 2570; baseline 0 -22"><span class='ocrx_word' id='word_1_230' title='bbox 51 2504 82 2548; x_wconf 88' lang='lat' dir='ltr'>ru</span> <span class='ocrx_word' id='word_1_231' title='bbox 104 2505 170 2569; x_wconf 89' lang='lat' dir='ltr'>quo</span> <span class='ocrx_word' id='word_1_232' title='bbox 192 2503 230 2548; x_wconf 90' lang='lat' dir='ltr'>ea</span> <span class='ocrx_word' id='word_1_233' title='bbox 251 2479 493 2561; x_wconf 87' lang='lat' dir='ltr'>desiderantur,</span> <span class='ocrx_word' id='word_1_234' title='bbox 508 2505 590 2570; x_wconf 87' lang='lat' dir='ltr'>quae</span> <span class='ocrx_word' id='word_1_235' title='bbox 614 2505 632 2547; x_wconf 89' lang='lat' dir='ltr'>a</span> <span class='ocrx_word' id='word_1_236' title='bbox 654 2483 819 2550; x_wconf 86' lang='lat' dir='ltr'>veteribus</span> <span class='ocrx_word' id='word_1_237' title='bbox 839 2506 880 2549; x_wconf 82' lang='lat' dir='ltr'>ex</span> <span class='ocrx_word' id='word_1_238' title='bbox 906 2485 976 2566; x_wconf 89' lang='lat' dir='ltr'>ipso</span> <span class='ocrx_word' id='word_1_239' title='bbox 993 2485 1119 2570; x_wconf 84' lang='lat' dir='ltr'>prolata</span> 
     </span>
     <span class='ocr_line' id='line_1_30' title="bbox 51 2564 1119 2650; baseline -0.001 -21"><span class='ocrx_word' id='word_1_240' title='bbox 51 2577 139 2640; x_wconf 90' lang='lat' dir='ltr'>sunt;</span> <span class='ocrx_word' id='word_1_241' title='bbox 162 2573 196 2630; x_wconf 93' lang='lat' dir='ltr'>et</span> <span class='ocrx_word' id='word_1_242' title='bbox 216 2573 407 2648; x_wconf 88' lang='lat' dir='ltr'>corruptus,</span> <span class='ocrx_word' id='word_1_243' title='bbox 434 2565 461 2630; x_wconf 90' lang='lat' dir='ltr'>si</span> <span class='ocrx_word' id='word_1_244' title='bbox 483 2566 561 2631; x_wconf 91' lang='lat' dir='ltr'>haec</span> <span class='ocrx_word' id='word_1_245' title='bbox 583 2564 678 2630; x_wconf 90' lang='lat' dir='ltr'>aliter</span> <span class='ocrx_word' id='word_1_246' title='bbox 699 2566 883 2650; x_wconf 81' lang='lat' dir='ltr'>legantur².</span> <span class='ocrx_word' id='word_1_247' title='bbox 905 2566 1069 2650; x_wconf 88' lang='lat' dir='ltr'>Denique,</span> <span class='ocrx_word' id='word_1_248' title='bbox 1091 2565 1119 2630; x_wconf 90' lang='lat' dir='ltr'>si</span> 
     </span>
     <span class='ocr_line' id='line_1_31' title="bbox 51 2645 1119 2733; baseline -0.002 -21"><span class='ocrx_word' id='word_1_249' title='bbox 51 2648 159 2733; x_wconf 88' lang='lat' dir='ltr'>plures</span> <span class='ocrx_word' id='word_1_250' title='bbox 181 2645 307 2710; x_wconf 89' lang='lat' dir='ltr'>codices</span> <span class='ocrx_word' id='word_1_251' title='bbox 330 2666 405 2711; x_wconf 87' lang='lat' dir='ltr'>mss.</span> <span class='ocrx_word' id='word_1_252' title='bbox 425 2647 570 2712; x_wconf 89' lang='lat' dir='ltr'>eiusdem</span> <span class='ocrx_word' id='word_1_253' title='bbox 590 2646 668 2712; x_wconf 91' lang='lat' dir='ltr'>libri</span> <span class='ocrx_word' id='word_1_254' title='bbox 691 2649 724 2710; x_wconf 93' lang='lat' dir='ltr'>in</span> <span class='ocrx_word' id='word_1_255' title='bbox 745 2647 884 2712; x_wconf 86' lang='lat' dir='ltr'>diversis</span> <span class='ocrx_word' id='word_1_256' title='bbox 899 2647 978 2712; x_wconf 89' lang='lat' dir='ltr'>locis</span> <span class='ocrx_word' id='word_1_257' title='bbox 994 2658 1026 2712; x_wconf 93' lang='lat' dir='ltr'>et</span> <span class='ocrx_word' id='word_1_258' title='bbox 1041 2657 1119 2712; x_wconf 88' lang='lat' dir='ltr'>tem·</span> 
     </span>
     <span class='ocr_line' id='line_1_32' title="bbox 51 2725 1121 2813; baseline -0.002 -20"><span class='ocrx_word' id='word_1_259' title='bbox 51 2727 209 2813; x_wconf 88' lang='lat' dir='ltr'>poribus,</span> <span class='ocrx_word' id='word_1_260' title='bbox 233 2749 250 2791; x_wconf 91' lang='lat' dir='ltr'>a</span> <span class='ocrx_word' id='word_1_261' title='bbox 277 2725 478 2813; x_wconf 86' lang='lat' dir='ltr'>diversisque</span> <span class='ocrx_word' id='word_1_262' title='bbox 505 2728 692 2793; x_wconf 90' lang='lat' dir='ltr'>hominibus</span> <span class='ocrx_word' id='word_1_263' title='bbox 719 2728 844 2793; x_wconf 81' lang='lat' dir='ltr'>exarati</span> <span class='ocrx_word' id='word_1_264' title='bbox 872 2731 1005 2793; x_wconf 89' lang='lat' dir='ltr'>omnino</span> <span class='ocrx_word' id='word_1_265' title='bbox 1034 2730 1121 2795; x_wconf 92' lang='lat' dir='ltr'>inter</span> 
     </span>
     <span class='ocr_line' id='line_1_33' title="bbox 51 2808 1121 2886; baseline 0.001 -14"><span class='ocrx_word' id='word_1_266' title='bbox 51 2830 82 2875; x_wconf 83' lang='lat' dir='ltr'>se</span> <span class='ocrx_word' id='word_1_267' title='bbox 104 2809 324 2886; x_wconf 80' lang='lat' dir='ltr'>conveniunt,</span> <span class='ocrx_word' id='word_1_268' title='bbox 351 2820 407 2876; x_wconf 90' lang='lat' dir='ltr'>aut</span> <span class='ocrx_word' id='word_1_269' title='bbox 431 2810 561 2875; x_wconf 92' lang='lat' dir='ltr'>nonnisi</span> <span class='ocrx_word' id='word_1_270' title='bbox 588 2810 671 2875; x_wconf 86' lang='lat' dir='ltr'>levis</span> <span class='ocrx_word' id='word_1_271' title='bbox 699 2811 854 2874; x_wconf 91' lang='lat' dir='ltr'>momenti</span> <span class='ocrx_word' id='word_1_272' title='bbox 882 2808 1036 2875; x_wconf 89' lang='lat' dir='ltr'>lectiones</span> <span class='ocrx_word' id='word_1_273' title='bbox 1064 2829 1121 2874; x_wconf 81' lang='lat' dir='ltr'>ra·</span> 
     </span>
     <span class='ocr_line' id='line_1_34' title="bbox 51 2889 1121 2988; baseline -0.004 -32"><span class='ocrx_word' id='word_1_274' title='bbox 51 2893 171 2957; x_wconf 90' lang='lat' dir='ltr'>riantes</span> <span class='ocrx_word' id='word_1_275' title='bbox 192 2889 357 2968; x_wconf 79' lang='lat' dir='ltr'>exhibent,</span> <span class='ocrx_word' id='word_1_276' title='bbox 380 2893 440 2956; x_wconf 90' lang='lat' dir='ltr'>iste</span> <span class='ocrx_word' id='word_1_277' title='bbox 461 2891 546 2956; x_wconf 90' lang='lat' dir='ltr'>liber</span> <span class='ocrx_word' id='word_1_278' title='bbox 567 2911 628 2988; x_wconf 87' lang='lat' dir='ltr'>pro</span> <span class='ocrx_word' id='word_1_279' title='bbox 651 2891 778 2975; x_wconf 80' lang='lat' dir='ltr'>integro</span> <span class='ocrx_word' id='word_1_280' title='bbox 793 2889 957 2955; x_wconf 91' lang='lat' dir='ltr'>habendus</span> <span class='ocrx_word' id='word_1_281' title='bbox 972 2902 1031 2969; x_wconf 90' lang='lat' dir='ltr'>est;</span> <span class='ocrx_word' id='word_1_282' title='bbox 1047 2891 1121 2956; x_wconf 91' lang='lat' dir='ltr'>lieri</span> 
     </span>
     <span class='ocr_line' id='line_1_35' title="bbox 51 2971 1122 3058; baseline -0.002 -20"><span class='ocrx_word' id='word_1_283' title='bbox 51 2976 138 3038; x_wconf 87' lang='lat' dir='ltr'>euim</span> <span class='ocrx_word' id='word_1_284' title='bbox 159 2972 283 3058; x_wconf 88' lang='lat' dir='ltr'>nequit,</span> <span class='ocrx_word' id='word_1_285' title='bbox 306 2983 344 3038; x_wconf 93' lang='lat' dir='ltr'>ut</span> <span class='ocrx_word' id='word_1_286' title='bbox 388 2974 474 3038; x_wconf 86' lang='lat' dir='ltr'>iures</span> <span class='ocrx_word' id='word_1_287' title='bbox 495 2973 644 3038; x_wconf 86' lang='lat' dir='ltr'>homines</span> <span class='ocrx_word' id='word_1_288' title='bbox 664 2971 759 3051; x_wconf 84' lang='lat' dir='ltr'>locis,</span> <span class='ocrx_word' id='word_1_289' title='bbox 779 2984 811 3039; x_wconf 89' lang='lat' dir='ltr'>et</span> <span class='ocrx_word' id='word_1_290' title='bbox 833 2973 1034 3058; x_wconf 90' lang='lat' dir='ltr'>temporibus</span> <span class='ocrx_word' id='word_1_291' title='bbox 1056 2972 1122 3037; x_wconf 91' lang='lat' dir='ltr'>dis·</span> 
     </span>
     <span class='ocr_line' id='line_1_36' title="bbox 51 3053 745 3140; baseline -0.003 -20"><span class='ocrx_word' id='word_1_292' title='bbox 51 3057 103 3122; x_wconf 87' lang='lat' dir='ltr'>siti</span> <span class='ocrx_word' id='word_1_293' title='bbox 126 3055 162 3120; x_wconf 93' lang='lat' dir='ltr'>in</span> <span class='ocrx_word' id='word_1_294' title='bbox 183 3053 331 3118; x_wconf 90' lang='lat' dir='ltr'>eamdem</span> <span class='ocrx_word' id='word_1_295' title='bbox 369 3053 504 3121; x_wconf 89' lang='lat' dir='ltr'>raudem</span> <span class='ocrx_word' id='word_1_296' title='bbox 526 3055 710 3140; x_wconf 89' lang='lat' dir='ltr'>conspirent</span> <span class='ocrx_word' id='word_1_297' title='bbox 722 3055 745 3118; x_wconf 81' lang='lat'>⁸.</span> 
     </span>
    </p>
   </div>
   <div class='ocr_carea' id='block_1_5' title="bbox 52 2237 530 2321">
    <p class='ocr_par' dir='ltr' id='par_1_7' title="bbox 52 2237 530 2321">
     <span class='ocr_line' id='line_1_37' title="bbox 52 2237 530 2321; baseline 0.002 -19"><span class='ocrx_word' id='word_1_298' title='bbox 52 2238 252 2314; x_wconf 90' lang='lat' dir='ltr'>tribuerunt,</span> <span class='ocrx_word' id='word_1_299' title='bbox 268 2237 427 2321; x_wconf 88' lang='lat' dir='ltr'>siquidem</span> <span class='ocrx_word' id='word_1_300' title='bbox 442 2239 530 2305; x_wconf 90' lang='lat' dir='ltr'>credi</span> 
     </span>
    </p>
   </div>
   <div class='ocr_carea' id='block_1_6' title="bbox 384 3199 725 3218">
    <p class='ocr_par' dir='ltr' id='par_1_8' title="bbox 384 3199 725 3218">
     <span class='ocr_line' id='line_1_38' title="bbox 384 3199 725 3218; baseline 0 -6"><span class='ocrx_word' id='word_1_301' title='bbox 384 3199 725 3218; x_wconf 65' lang='lat' dir='ltr'>——a--n-——a</span> 
     </span>
    </p>
   </div>
   <div class='ocr_carea' id='block_1_7' title="bbox 53 3272 1121 3702">
    <p class='ocr_par' dir='ltr' id='par_1_9' title="bbox 53 3272 1120 3419">
     <span class='ocr_line' id='line_1_39' title="bbox 85 3272 1120 3344; baseline -0.006 -9"><span class='ocrx_word' id='word_1_302' title='bbox 85 3285 96 3322; x_wconf 82' lang='lat'><strong>¹</strong></span> <span class='ocrx_word' id='word_1_303' title='bbox 117 3281 175 3335; x_wconf 82' lang='lat' dir='ltr'>liae</span> <span class='ocrx_word' id='word_1_304' title='bbox 193 3282 225 3331; x_wconf 90' lang='lat' dir='ltr'>de</span> <span class='ocrx_word' id='word_1_305' title='bbox 245 3294 324 3332; x_wconf 84' lang='lat' dir='ltr'>causa</span> <span class='ocrx_word' id='word_1_306' title='bbox 346 3277 491 3344; x_wconf 70' lang='lat' dir='ltr'>Evangelia</span> <span class='ocrx_word' id='word_1_307' title='bbox 510 3275 590 3336; x_wconf 86' lang='lat' dir='ltr'>Petri,</span> <span class='ocrx_word' id='word_1_308' title='bbox 611 3272 746 3336; x_wconf 79' lang='lat' dir='ltr'>Thomas,</span> <span class='ocrx_word' id='word_1_309' title='bbox 766 3273 1120 3334; x_wconf 77' lang='lat' dir='ltr'>hiathiae,hcta1ludreao</span> 
     </span>
     <span class='ocr_line' id='line_1_40' title="bbox 53 3341 941 3419; baseline -0.01 -15"><span class='ocrx_word' id='word_1_310' title='bbox 53 3361 104 3407; x_wconf 87' lang='lat' dir='ltr'>ete.</span> <span class='ocrx_word' id='word_1_311' title='bbox 124 3355 215 3419; x_wconf 85' lang='lat' dir='ltr'>apuria</span> <span class='ocrx_word' id='word_1_312' title='bbox 235 3366 293 3404; x_wconf 87' lang='lat' dir='ltr'>osse</span> <span class='ocrx_word' id='word_1_313' title='bbox 312 3349 444 3404; x_wconf 80' lang='lat' dir='ltr'>Eusebius</span> <span class='ocrx_word' id='word_1_314' title='bbox 463 3350 546 3416; x_wconf 75' lang='lat' dir='ltr'>(Birt.</span> <span class='ocrx_word' id='word_1_315' title='bbox 567 3350 614 3400; x_wconf 86' lang='lat' dir='ltr'>lib.</span> <span class='ocrx_word' id='word_1_316' title='bbox 637 3349 684 3408; x_wconf 86' lang='grc' dir='ltr'><strong>ΙΙΙ,</strong></span> <span class='ocrx_word' id='word_1_317' title='bbox 704 3363 731 3400; x_wconf 89' lang='lat' dir='ltr'>c.</span> <span class='ocrx_word' id='word_1_318' title='bbox 750 3341 799 3417; x_wconf 69' lang='lat'>25)</span> <span class='ocrx_word' id='word_1_319' title='bbox 817 3347 941 3397; x_wconf 80' lang='lat' dir='ltr'>ostendit.</span> 
     </span>
    </p>

    <p class='ocr_par' dir='ltr' id='par_1_10' title="bbox 53 3415 1119 3564">
     <span class='ocr_line' id='line_1_41' title="bbox 86 3415 1119 3492; baseline -0.006 -16"><span class='ocrx_word' id='word_1_320' title='bbox 86 3425 156 3478; x_wconf 80' lang='lat' dir='ltr'>²0b</span> <span class='ocrx_word' id='word_1_321' title='bbox 176 3438 258 3489; x_wconf 88' lang='lat' dir='ltr'>quam</span> <span class='ocrx_word' id='word_1_322' title='bbox 279 3428 410 3475; x_wconf 87' lang='lat' dir='ltr'>rationem</span> <span class='ocrx_word' id='word_1_323' title='bbox 437 3419 618 3474; x_wconf 86' lang='lat' dir='ltr'>Tertullianus</span> <span class='ocrx_word' id='word_1_324' title='bbox 642 3421 754 3492; x_wconf 75' lang='lat' dir='ltr'>(contr.</span> <span class='ocrx_word' id='word_1_325' title='bbox 775 3423 873 3478; x_wconf 72' lang='lat' dir='ltr'>More„</span> <span class='ocrx_word' id='word_1_326' title='bbox 898 3419 945 3469; x_wconf 84' lang='lat' dir='ltr'>lib.</span> <span class='ocrx_word' id='word_1_327' title='bbox 968 3415 1013 3480; x_wconf 86' lang='lat' dir='ltr'>lV,</span> <span class='ocrx_word' id='word_1_328' title='bbox 1034 3435 1060 3470; x_wconf 91' lang='lat' dir='ltr'>c.</span> <span class='ocrx_word' id='word_1_329' title='bbox 1081 3417 1119 3487; x_wconf 80' lang='lat' dir='ltr'>l)</span> 
     </span>
     <span class='ocr_line' id='line_1_42' title="bbox 53 3491 998 3564; baseline -0.012 -14"><span class='ocrx_word' id='word_1_330' title='bbox 53 3495 227 3564; x_wconf 70' lang='lat' dir='ltr'>Evangeltum</span> <span class='ocrx_word' id='word_1_331' title='bbox 245 3512 269 3547; x_wconf 83' lang='lat' dir='ltr'>a.</span> <span class='ocrx_word' id='word_1_332' title='bbox 290 3493 379 3547; x_wconf 84' lang='lat' dir='ltr'>Lucas</span> <span class='ocrx_word' id='word_1_333' title='bbox 398 3510 412 3546; x_wconf 94' lang='lat' dir='ltr'>a</span> <span class='ocrx_word' id='word_1_334' title='bbox 433 3494 568 3546; x_wconf 82' lang='lat' dir='ltr'>Marcione</span> <span class='ocrx_word' id='word_1_335' title='bbox 587 3497 746 3557; x_wconf 84' lang='lat' dir='ltr'>corruptum</span> <span class='ocrx_word' id='word_1_336' title='bbox 765 3491 847 3541; x_wconf 89' lang='lat' dir='ltr'>fuisse</span> <span class='ocrx_word' id='word_1_337' title='bbox 868 3491 998 3553; x_wconf 83' lang='lat' dir='ltr'>probarit.</span> 
     </span>
    </p>

    <p class='ocr_par' dir='ltr' id='par_1_11' title="bbox 55 3559 1121 3702">
     <span class='ocr_line' id='line_1_43' title="bbox 88 3559 1121 3638; baseline -0.008 -17"><span class='ocrx_word' id='word_1_338' title='bbox 88 3571 100 3607; x_wconf 80' lang='lat'><em>²</em></span> <span class='ocrx_word' id='word_1_339' title='bbox 120 3571 157 3621; x_wconf 86' lang='lat' dir='ltr'>lta</span> <span class='ocrx_word' id='word_1_340' title='bbox 176 3583 200 3620; x_wconf 83' lang='lat' dir='ltr'>a.</span> <span class='ocrx_word' id='word_1_341' title='bbox 220 3567 384 3633; x_wconf 69' lang='lat' dir='ltr'>Augustinus</span> <span class='ocrx_word' id='word_1_342' title='bbox 408 3564 512 3638; x_wconf 69' lang='lat' dir='ltr'>(Epist.</span> <span class='ocrx_word' id='word_1_343' title='bbox 534 3563 665 3624; x_wconf 75' lang='lat' dir='ltr'>lxxxii,</span> <span class='ocrx_word' id='word_1_344' title='bbox 684 3578 712 3616; x_wconf 89' lang='lat' dir='ltr'>n.</span> <span class='ocrx_word' id='word_1_345' title='bbox 733 3560 772 3631; x_wconf 87' lang='lat' dir='ltr'>e)</span> <span class='ocrx_word' id='word_1_346' title='bbox 797 3565 924 3614; x_wconf 79' lang='lat' dir='ltr'>adversus</span> <span class='ocrx_word' id='word_1_347' title='bbox 951 3559 1121 3614; x_wconf 82' lang='lat' dir='ltr'>Manichaeos</span> 
     </span>
     <span class='ocr_line' id='line_1_44' title="bbox 55 3635 1121 3702; baseline -0.006 -12"><span class='ocrx_word' id='word_1_348' title='bbox 55 3643 166 3692; x_wconf 86' lang='lat' dir='ltr'>ostendit</span> <span class='ocrx_word' id='word_1_349' title='bbox 185 3640 252 3692; x_wconf 86' lang='lat' dir='ltr'>falsa</span> <span class='ocrx_word' id='word_1_350' title='bbox 273 3655 325 3692; x_wconf 88' lang='lat' dir='ltr'>non</span> <span class='ocrx_word' id='word_1_351' title='bbox 344 3653 442 3692; x_wconf 87' lang='lat' dir='ltr'>esses.</span> <span class='ocrx_word' id='word_1_352' title='bbox 463 3637 617 3702; x_wconf 85' lang='lat' dir='ltr'>Scripturas</span> <span class='ocrx_word' id='word_1_353' title='bbox 637 3639 706 3699; x_wconf 85' lang='lat' dir='ltr'>loca,</span> <span class='ocrx_word' id='word_1_354' title='bbox 727 3649 797 3701; x_wconf 84' lang='lat' dir='ltr'>quae</span> <span class='ocrx_word' id='word_1_355' title='bbox 816 3647 910 3686; x_wconf 88' lang='lat' dir='ltr'>eorum</span> <span class='ocrx_word' id='word_1_356' title='bbox 928 3635 1062 3686; x_wconf 83' lang='lat' dir='ltr'>erroribus</span> <span class='ocrx_word' id='word_1_357' title='bbox 1074 3635 1121 3684; x_wconf 87' lang='lat' dir='ltr'>ad·</span> 
     </span>
    </p>
   </div>
   <div class='ocr_carea' id='block_1_8' title="bbox 0 0 1252 3909">
    <p class='ocr_par' dir='ltr' id='par_1_12' title="bbox 0 0 1252 3909">
     <span class='ocr_line' id='line_1_45' title="bbox 0 0 1252 3909; baseline 0 0"><span class='ocrx_word' id='word_1_358' title='bbox 0 0 1252 3909; x_wconf 95' lang='lat' dir='ltr'> </span> 
     </span>
    </p>
   </div>
  </div>
 </body>
</html>
