2475 3909
469 178 698 226 nruaaucoum
1029 161 1089 228 153

66 257 197 322 rationis
219 256 261 320 ah
275 257 502 343 inquisitione,
518 271 548 327 et
564 260 713 326 discursu
730 261 741 298 ¹
766 284 793 324 n.
817 261 1038 328 Nihilominus
1051 262 1132 328 haec

65 341 153 404 unica
179 338 328 415 facultas,
353 361 531 426 perquam
554 364 645 407 mens
660 344 798 408 humana
817 363 868 406 res
887 340 1052 428 intelligit,
1097 367 1132 408 0-

64 422 122 486 tius
145 423 254 517 ratio,
275 442 373 517 quam
397 421 579 488 intellectus
600 424 736 488 dicenda
759 434 828 500 est,
855 423 933 508 quia
962 445 1052 489 mens
1073 365 1132 491 hu-

63 523 150 567 mana
174 514 346 568 scientiam
368 526 478 569 rerum
494 526 557 570 non
578 507 641 572 nisi
660 527 718 592 per
742 506 1023 570 ratiocinationem
1046 527 1133 571 asse·

62 586 111 668 qui
136 594 255 682 potest.

97 667 166 733 160.
198 665 292 743 Quod
315 668 429 734 attinet
451 668 491 732 ad
513 668 689 734 secundam
710 669 946 754 quaestionem,
962 667 1128 752 explican-

61 747 132 811 dum
156 747 190 812 in
219 751 334 833 primis
355 760 414 826 est,
460 772 596 815 uacuam
617 750 748 817 dicatur
769 750 911 896 cognitio
934 749 1128 826 theoretica,

59 851 214 914 quaenam
238 832 392 913 practica.
416 771 606 898 Theoretica
631 843 765 898 vocatur
788 832 842 896 ila
865 831 1021 916 cognitio,
1044 853 1129 916 quae

60 922 204 978 versatur
226 915 470 990 circuituum,
494 925 593 1001 prout
614 935 729 979 verum
754 925 825 990 ost,
848 915 916 976 sire
943 913 1129 978 considerat

59 995 88 1056 in
110 993 211 1059 rebus
235 995 394 1060 rationem
419 997 584 1070 caritatis,
610 1019 673 1062 non
699 997 860 1064 rationem
883 995 1127 1078 operabilitntis.

60 1075 203 1140 Practica
226 1085 334 1144 autem
363 1090 411 1144 est
432 1079 593 1162 cognitio,
616 1100 699 1163 quae
722 1089 869 1144 versatur
890 1079 976 1141 circa
1001 1098 1129 1153 verum,

59 1157 333 1223 accommodatum
349 1159 386 1222 ad
403 1160 637 1244 operationem,
655 1182 770 1245 nempe
786 1161 871 1225 circa
888 1179 1016 1234 verum,
1031 1174 1130 1244 prout

59 1259 167 1302 norma
191 1241 414 1325 operationum
444 1253 503 1318 est,
529 1242 571 1306 ita
594 1252 630 1305 ut
654 1243 762 1326 potius
785 1243 944 1306 rationem
967 1240 1131 1323 oparndili-

59 1323 139 1398 totis,
167 1341 266 1404 quam
290 1323 433 1386 caritatis
459 1323 681 1389 considerate
706 1326 757 1388 Ex
779 1322 905 1407 duplici
934 1323 992 1386 hac
1020 1325 1132 1406 cogni-

58 1404 145 1466 tione
169 1402 275 1466 oritur
296 1402 461 1470 distinctio
490 1403 685 1481 intellectus,
701 1408 769 1470 sive
784 1404 934 1481 rationis,
960 1405 994 1467 in
1016 1403 1131 1467 theore-

57 1486 164 1559 ticam,
188 1493 220 1548 et
236 1486 425 1568 practicam.
451 1485 547 1551 llatio
574 1487 751 1561 theoretica,
775 1489 843 1552 sive
867 1486 1057 1569 speculativa
1080 1485 1130 1549 di-

57 1567 163 1637 citur‚
188 1586 262 1628 cuna
286 1567 317 1630 in
340 1567 482 1653 simplici
511 1569 770 1664 apprehensione
801 1569 865 1632 veri
894 1589 927 1632 se
956 1567 1127 1640 coutinet;

52 1646 197 1730 practico
218 1656 339 1725 autern,
363 1669 437 1712 cum
460 1654 600 1736 porrigit
622 1650 662 1715 ad
685 1651 908 1736 operationem
924 1669 1038 1714 verum
1062 1648 1127 1711 iam

57 1750 95 1814 ap
119 1727 307 1795 rehensum.

95 1752 169 1876 iffi.
194 1811 341 1876 lamvero
366 1811 547 1876 intellectus
575 1813 738 1896 practicus
766 1811 934 1910 applicans
961 1809 1128 1897 principia

56 1892 257 1958 universalia
281 1893 319 1956 ad
344 1893 570 1977 operationes,
593 1895 718 1958 iudicia
741 1894 951 1980 particularia
975 1889 1130 1965 conlisit,

56 1975 178 2058 quihus
199 1973 346 2040 decernit
367 1973 490 2058 aliquid
513 1975 676 2120 agendum
699 1996 782 2048 esse,
805 1985 862 2039 aut
883 1973 1007 2058 aliquid
1028 1984 1129 2048 recte,

57 2057 104 2120 vel
127 2077 225 2121 secus
246 2065 354 2120 actum
376 2076 455 2119 esse.
480 2057 512 2122 S.
564 2056 676 2121 homas
704 2057 872 2142 explicans
896 2054 1041 2130 modum,
1063 2075 1131 2140 quo

55 2139 166 2202 anima
187 2135 340 2202 conficiat
360 2138 437 2201 haec
460 2137 582 2203 iudicia
605 2137 815 2224 particularia
831 2138 917 2203 circa
939 2157 1015 2202 suas
1030 2136 1132 2202 actio-

55 2239 133 2296 nes,
160 2217 265 2285 docet
282 2240 354 2282 eam
377 2217 532 2283 adhihere
560 2218 735 2303 quemdam
763 2220 1010 2306 syllogismum,
1035 2219 1130 2283 cuius

55 2303 161 2365 maior
188 2309 236 2364 est
262 2301 460 2387 principium
482 2299 689 2377 universale,
715 2303 819 2364 minor
846 2311 895 2367 est
916 2298 1130 2385 apprehensio

56 2381 269 2467 proprietatis
290 2380 467 2466 singularis
490 2380 631 2447 alicuius
653 2383 783 2459 obiecti,
803 2383 837 2446 in
857 2402 934 2467 qua,
957 2401 1019 2465 ope
1041 2381 1131 2464 cogi·

56 2465 192 2540 tativae,
216 2461 430 2547 deprehendit
451 2461 625 2548 quamdam
649 2463 898 2529 similitudinem
919 2483 994 2526 cum
1008 2461 1131 2545 princi·

56 2544 111 2628 pio
135 2543 330 2621 universali3
351 2542 509 2608 conclusio
530 2543 670 2628 denique
693 2556 742 2608 est
763 2544 925 2610 indicium
955 2540 1131 2627 particula·

55 2646 100 2701 re,
125 2647 195 2710 quo
217 2623 401 2690 intellectus
428 2625 570 2710 applicat
594 2625 793 2709 principium
815 2625 998 2690 universale
1014 2622 1053 2686 ad
1075 2642 1131 2688 co-

57 2707 236 2788 gnitionem
259 2703 346 2771 illius
361 2726 420 2791 pro
446 2707 571 2772 rietatis
585 2706 772 2789 singularis,
794 2707 863 2771 sive
880 2704 966 2770 illam
980 2705 1131 2800 proprie-

56 2799 155 2854 tatem
177 2789 230 2852 siu
255 2786 378 2852 ularem
398 2725 444 2852 ad
456 2787 560 2872 princi
587 2785 654 2849 ium
675 2788 857 2853 universale
880 2787 1011 2862 reducit,
1032 2797 1129 2871 atque

58 2869 99 2932 ita
122 2807 253 2954 aliquid
276 2866 437 2952 agendum
460 2889 529 2933 esse
556 2807 712 2932 decernit.
736 2870 775 2933 E.
801 2890 845 2954 g.‚
869 2869 973 2932 Filius
1001 2878 1130 2932 tenetur

56 2959 183 3032 patrem
206 2948 328 3014 honore
350 2951 521 3034 prosequi;
538 2956 570 3012 at
584 2968 645 3033 ego
660 2969 732 3012 sum
754 2950 854 3025 lilius,
878 2950 991 3015 Petras
1012 2957 1060 3013 est
1076 2967 1130 3032 pa-

56 3045 115 3108 ter;
141 3051 223 3115 ergo
244 3049 305 3115 ego
327 3029 463 3094 Petrum
485 3030 603 3095 honore
626 3032 779 3125 prosequi
801 3041 922 3096 teneor.
947 3032 1020 3107 Quo
1041 3031 1075 3092 in
1096 3050 1131 3093 e·

54 3112 207 3198 nampio,
222 3112 323 3174 maior
344 3111 476 3176 exhibet
490 3111 694 3197 principium
708 3113 902 3189 universale3
917 3112 1023 3175 minor
1041 3129 1129 3173 cnm-

54 3195 215 3280 plectitur
226 3191 497 3278 apprehensiones
513 3193 746 3277 proprietatum
761 3204 984 3259 concretarum
1000 3190 1130 3255 filiatio

55 3281 104 3340 nis
129 3278 166 3341 in
189 3294 253 3350 me,
277 3283 309 3337 ct
330 3273 532 3359 paternitatis
556 3274 588 3336 in
608 3273 717 3349 Petro,
740 3296 825 3361 quae
847 3297 906 3361 per
919 3272 1128 3356 cogitativam

55 3357 164 3431 tiuut;
188 3352 330 3440 denique
353 3353 516 3420 conclusio
549 3357 606 3421 est'
630 3352 793 3420 iudicium
822 3353 1038 3442 particulare,
1064 3371 1131 3438 quo

92 3561 100 3596 ¹
123 3559 207 3618 lbid„
220 3574 248 3622 q.
263 3553 355 3618 Xth,
370 3571 397 3608 Ι.
418 3557 481 3608 had
497 3558 523 3608 ³.

90 3631 103 3672 ²
125 3631 179 3698 Qt·
198 3632 297 3699 diana,
317 3632 357 3688 lte
380 3631 453 3693 Vn,
474 3645 501 3697 q.
522 3625 569 3694 lll,
590 3643 616 3683 a.
638 3629 654 3682 3
673 3644 701 3686 a.
