2475 3909
151 175 192 245 56
536 190 738 241 sources

112 281 289 370 generales,
312 281 363 346 vel
386 278 552 364 speciales.
569 277 663 356 Quod
678 279 719 343 ad
732 278 844 344 modos
859 277 1025 364 generales
1038 288 1175 362 spectat,

113 364 270 432 memoria
285 361 503 429 revocandum
519 360 614 427 nobis
627 370 676 427 est
689 361 909 450 syllogismum
926 381 1017 447 posse
1030 381 1100 426 esse
1115 360 1177 425 sal-

114 470 186 513 sum
207 445 257 511 vel
279 444 366 533 quod
388 445 422 509 iu
445 446 634 522 materiam,
657 448 707 511 vel
728 444 816 529 quod
838 444 1030 511 informem
1051 454 1174 527 peccat.

114 531 148 597 Si
171 539 283 614 peccat
304 529 339 594 in
362 526 542 605 materiam,
566 537 715 612 utraque,
737 527 789 592 vel
809 527 963 593 alterutra
985 528 1178 611 praemissa·

113 634 187 677 rum
212 608 357 698 neganda
379 618 439 689 est,
462 607 625 707 siqnidem
647 610 728 700 syllo
752 610 849 674 'smus
866 609 979 695 nequit
993 606 1094 673 falsus
1107 629 1178 673 esse

116 690 224 779 quoad
240 694 422 769 materiam,
446 693 508 757 nisi
529 705 680 776 utraque,
695 713 734 757 ve
760 692 914 758 alterutra
928 692 1179 775 praemissarum

116 778 157 840 sit
179 773 271 839 falsa.
288 776 322 843 si
342 784 454 873 peccat
474 775 509 839 in
530 773 686 873 sormam,
703 774 922 852 distinctione,
943 784 999 839 aut
1019 771 1180 868 divisione

115 858 430 1086 ttpfftltttt
445 853 1185 1028 :tlttttt¹tft‘tttltftttsnlttl.

117 1022 170 1109 gni
195 1032 354 1087 canonem
374 1021 481 1100 habet,
496 1022 548 1089 vel
583 1022 641 1088 uia
656 1023 851 1109 praemissae
870 1017 1017 1085 debitum
1028 1018 1179 1084 ordinem

117 1124 190 1168 cum
213 1103 420 1170 conclusione
443 1126 507 1169 non
528 1043 655 1172 halent.
672 1106 752 1183 lam,
774 1104 802 1168 si
820 1104 930 1201 primo
951 1103 1034 1168 vitio
1054 1100 1183 1168 formae

118 1184 263 1264 laborat,
287 1186 514 1271 distinguenda
539 1196 587 1252 est
615 1186 672 1252 illa
698 1185 878 1285 propositio
905 1187 1104 1267 aequivoca3
1130 1184 1185 1247 sin

119 1269 243 1346 altero,
266 1267 460 1335 dividendae
487 1280 561 1336 sunt
587 1290 782 1354 praemissae
809 1288 828 1332 a
856 1267 1085 1345 conclusione,
1111 1266 1184 1330 sire

119 1349 355 1417 ostendendum
375 1361 425 1416 est
445 1349 686 1420 conclusionem
711 1373 785 1415 cnm
812 1349 1000 1434 praemissis
1022 1368 1084 1412 non
1108 1367 1186 1412 oon-

119 1434 218 1499 necti.

159 1514 211 1581 23.
234 1512 351 1592 Quoad
374 1524 481 1579 antem
503 1514 614 1579 modos
636 1514 811 1600 speciales,
840 1511 959 1598 quibus
987 1511 1185 1599 sophismata

120 1618 195 1662 sere
217 1595 298 1662 solvi
320 1606 474 1682 possunt,
497 1616 552 1661 eos
575 1596 718 1682 singulos
744 1616 906 1681 exponere
929 1596 1014 1662 ratio
1034 1596 1131 1660 huius
1152 1616 1189 1658 o-

121 1680 209 1764 peris
230 1676 318 1745 haud
339 1677 429 1743 sinit.
451 1678 559 1756 Quare
581 1700 695 1756 unum,
717 1690 773 1747 aut
793 1678 947 1756 alterum,
970 1676 1112 1762 exempli
1136 1676 1190 1740 in-

122 1770 201 1839 star,
224 1758 395 1828 dumtaxat
414 1760 596 1827 innuamus.
619 1759 760 1825 Fallacia
781 1761 1028 1857 compositionis,
1050 1770 1082 1825 et
1102 1758 1190 1825 diei-

123 1844 237 1922 sionis,
260 1864 341 1929 quae
362 1844 463 1910 estin
485 1842 640 1921 dictione,
655 1842 802 1920 solvitur,
825 1863 852 1907 ss
874 1862 925 1918 ea,
940 1863 1024 1941 quae
1042 1841 1190 1928 sophista

122 1946 221 1991 sensu
244 1926 420 2011 composito
448 1926 590 2013 accipit,
613 1947 632 1990 a
652 1923 748 1989 nohis
774 1946 870 1991 seusu
896 1923 1026 2002 diviso,
1047 1934 1080 1989 et
1100 1944 1190 2007 quae

124 2006 180 2072 ille
202 2028 299 2074 sensu
325 2005 455 2084 diviso,
477 2029 495 2072 a
517 2006 610 2074 nobis
638 2028 733 2075 sensu
760 2009 940 2092 composito
966 2006 1188 2093 explicentur.

123 2090 172 2153 lta
195 2093 223 2155 si
265 2087 318 2152 uis
339 2089 509 2155 cavilletur
529 2089 589 2156 hoc
611 2088 725 2155 modo:
749 2090 889 2177 Apostoli
916 2101 989 2154 sunt
1016 2087 1194 2153 duodecim.-

124 2172 213 2257 otpui
234 2110 371 2246 ileum,
399 2180 426 2234 st
455 2172 586 2237 loannes
613 2183 687 2237 sont
713 2172 852 2259 Apostoli
858 2195 870 2251 ;
896 2192 966 2255 erpo
993 2172 1133 2247 Petrus,
1161 2185 1192 2235 et

124 2254 259 2319 Ioannes
280 2260 351 2315 sunt
372 2250 554 2329 dommim,
576 2251 721 2337 neganda
742 2265 791 2322 est
810 2255 994 2331 conclusio,
1016 2253 1093 2401 puin
1117 2272 1190 2319 csse

125 2334 321 2412 duodecim,
365 2332 430 2431 nod
452 2334 491 2403 dc
514 2333 677 2421 apostolis
698 2336 796 2403 simul
819 2337 1000 2403 coniunctis
1043 2344 1194 2403 umtaxat

125 2439 240 2515 verum
260 2422 320 2513 cst,
342 2352 382 2481 de
404 2436 448 2514 ¹¹⁸.
467 2418 566 2515 etjam
586 2419 742 2517 separatis
763 2419 980 2518 praedicatur.
995 2419 1030 2485 si
1045 2416 1192 2503 sophista

125 2500 288 2567 fallaciam
309 2506 524 2584 ignorationis
544 2500 672 2565 elencln
698 2500 871 2579 adhibens,
896 2512 941 2569 rta
963 2502 1092 2587 arguit:
1117 2499 1193 2564 Duo

127 2593 199 2650 sunt
220 2580 349 2667 duplum
370 2581 586 2728 uniumlotpui
598 2604 660 2647 oon
672 2597 743 2649 sunt
761 2585 891 2670 duplum
906 2586 1018 2662 trinorc·
1029 2603 1099 2681 erpo
1114 2594 1192 2647 suot

127 2664 1197 2835 tttlttattttdttta‚attala”latattltlttttt

129 2830 217 2897 idem
238 2850 306 2897 esse
329 2827 489 2927 duplum,
512 2839 545 2897 et
565 2850 629 2897 non
652 2830 804 2915 duplum,
826 2844 922 2920 prout
943 2830 984 2897 ad
1007 2831 1110 2909 idem,
1133 2830 1195 2897 sed

130 2923 225 3000 prout
246 2910 286 2977 ad
307 2909 448 2992 dlversa,
470 2932 585 2999 nempe
606 2911 646 2977 ad
666 2934 777 2991 unum,
799 2926 832 2983 ct
851 2914 891 2980 ad
912 2916 976 2981 trio
994 2913 1150 2981 refertur.
1174 2946 1178 2951 ·

544 3050 703 3118 capvt
728 3054 770 3119 ll.

431 3194 476 3260 lle
497 3194 685 3277 sydonismo
706 3193 880 3261 dialectico

171 3324 224 3389 24.
248 3320 419 3388 Dialectico
439 3331 488 3388 est
508 3344 546 3387 ea
568 3344 641 3408 pars
661 3324 811 3410 Logicae,
833 3344 918 3408 quae
939 3316 1071 3388 niodum
1085 3320 1195 3404 docet,

132 3425 197 3491 quo
218 3405 328 3489 aliqua
349 3406 495 3503 quaestio
517 3426 575 3491 per
597 3406 781 3490 probabiles
801 3406 944 3472 rationes
966 3405 999 3471 in
1020 3413 1198 3492 utramque

133 3496 257 3637 partem
273 3494 468 3574 exagitatur.
485 3486 558 3575 lpsa
571 3492 624 3553 uio
636 3489 676 3553 od
690 3490 849 3556 selemiam
863 3485 995 3565 dicitur,
1010 3486 1087 3573 quia
1101 3508 1196 3555 meus

155 3590 272 3636 nmana
294 3567 335 3635 ud
356 3570 534 3656 perfectam
556 3572 786 3657 coguitionem,
801 3573 868 3636 sive
888 3570 1054 3636 scientiam
1074 3572 1124 3637 rei
1146 3593 1199 3637 as-

133 3651 330 3742 sequendam
351 3652 451 3723 veluti
473 3676 530 3743 per
550 3650 707 3742 quosdam
726 3653 845 3742 gradus
860 3652 1021 3740 perveniu
1037 3651 1199 3724 nimirum
