2475 3909
156 175 218 241 ald
524 196 776 250 cnrrnmotcom

110 282 145 375 in
168 280 424 376 operationibus,
442 283 578 376 passivis
606 285 715 369 ipsum
736 285 912 361 obiectum,
938 298 973 355 ut
994 311 1020 354 s.
1044 288 1184 355 Thomas

109 372 230 445 rnqurt,
253 375 295 427 eet
314 382 528 459 prrrvcrpmm,
551 372 578 425 ct
600 386 695 431 causo
716 389 840 433 moveos
856 370 881 445 ¹;
899 370 929 433 id
946 371 1033 456 quod
1057 374 1090 436 in
1113 394 1184 437 sen-

111 444 292 539 sationibus
313 454 517 540 experientia
540 445 639 511 etiam
666 448 759 515 nobis
782 460 935 527 testatur,
959 475 1032 517 nam
1055 454 1089 517 in
1112 476 1183 539 per-

110 537 273 609 ceptione,
287 550 318 591 e.
336 550 382 612 g.,
398 526 474 591 solis
496 530 687 611 experimur
709 531 808 597 solem
830 554 897 596 csse
920 535 1016 598 simul
1040 556 1181 613 eausam,

110 622 144 675 et
165 607 333 675 obiectum
356 610 585 693 perceptionis.
610 612 699 699 Ergo
721 634 817 677 causa
840 615 1060 679 sensationum
1084 616 1125 683 ab
1147 638 1184 681 u-

109 693 184 755 nica
207 692 374 757 activitate
396 691 522 755 animae
544 696 648 778 repeti
674 718 737 760 non
760 705 874 781 potest.

151 773 202 838 37.
227 774 408 849 Praeterea,
431 772 459 836 si
480 777 700 840 sensationum
725 798 822 841 causa
844 787 927 843 esset
948 777 1046 841 unica
1069 780 1183 845 activi-

109 866 159 917 tas
180 856 323 931 animae,
346 876 404 919 eae
426 851 477 917 vel
499 876 539 918 ex
561 868 671 922 nostra
697 858 862 925 voluntate
889 870 1109 944 exurgerent,
1132 861 1182 925 vel

110 956 152 997 ex
175 937 206 999 vi
228 936 420 1002 naturaliter
446 935 574 1002 animae
602 939 700 1005 insita
721 941 959 1007 evolverentur.
984 940 1082 1025 Atqui
1105 964 1182 1007 neu-

109 1032 199 1081 trum
220 1016 284 1083 dici
308 1030 422 1105 potest.
447 1018 545 1102 Ergo.

152 1098 202 1166 38.
227 1101 340 1165 Minor
358 1098 465 1187 quoad
493 1101 541 1164 sin
566 1102 637 1167 olas
664 1116 772 1189 partes
795 1104 839 1168 ita
861 1102 1121 1168 demonstratur:
1147 1102 1183 1169 1ο

109 1182 314 1248 Sensationes
335 1205 377 1249 ex
390 1191 499 1247 nostra
515 1122 678 1251 vdentate
701 1207 764 1250 non
785 1206 871 1249 exur
894 1198 961 1251 unt.
984 1184 1031 1249 ne
1046 1184 1181 1280 quidem

109 1282 203 1340 vera,
226 1268 423 1330 sensatiooes
445 1284 549 1349 neque
570 1266 704 1344 adsunt,
726 1287 832 1362 neque
854 1206 986 1341 adsunt,
1010 1267 1072 1331 nisr
1094 1271 1183 1352 posi·

110 1344 152 1408 tis
173 1347 368 1432 quibusdam
390 1345 634 1415 conditionibus
656 1360 810 1425 externis,
834 1368 863 1413 e.
887 1370 932 1434 g.,
949 1346 1058 1413 videre
1079 1349 1182 1414 solem

109 1446 176 1521 pon
199 1449 347 1513 possum,
376 1429 438 1493 nisi
465 1427 535 1493 dies
560 1433 617 1510 sit,
639 1443 672 1499 et
694 1431 868 1497 fenestram
890 1431 1059 1525 aperiam;
1082 1443 1179 1517 atquc

108 1529 201 1591 apsae
228 1512 407 1576 necessaria
433 1514 636 1579 connexione
663 1514 749 1578 inter
774 1533 808 1577 se
835 1520 1054 1589 continentur,
1079 1514 1123 1578 ita
1146 1524 1183 1579 ut

110 1592 195 1657 aliae
218 1594 287 1659 sine
309 1594 382 1658 aliis
402 1591 515 1658 haberi
543 1604 719 1682 nequeant,
741 1616 770 1659 e.
796 1614 841 1679 g,
864 1594 935 1657 loca
957 1594 1020 1657 alia
1043 1593 1084 1658 ab
1108 1595 1184 1661 aliis

109 1671 224 1741 dissita
246 1674 441 1760 perlustrare
456 1674 560 1741 oculis
575 1677 654 1741 mihi
677 1697 742 1740 non
764 1676 860 1751 licet,
884 1676 947 1739 nisi
970 1676 1095 1760 singula
1112 1677 1181 1743 loca

108 1774 312 1838 percurram.
329 1759 429 1842 Atqui
445 1756 644 1837 affectiones,
659 1780 741 1845 quae
764 1779 804 1821 ex
820 1756 982 1821 voluntate
1002 1770 1181 1844 exurgunt,

109 1852 198 1906 certe
220 1862 325 1926 neque
340 1860 383 1904 ex
396 1837 637 1906 conditionibus
659 1840 802 1907 externis
824 1836 978 1925 pendent,
1000 1860 1105 1924 neque
1127 1862 1182 1905 ne-

109 1924 248 1988 cessaria
269 1923 471 1987 connexione
493 1922 577 1988 inter
596 1944 630 1989 se
646 1922 851 2008 colligantur.
871 1920 959 2007 Ergo
982 1921 1182 1987 sensationes

109 2026 129 2068 a
151 2007 316 2071 voluntate
338 2004 440 2089 repeti
462 2003 546 2068 haud
563 2015 706 2089 possunt.
734 2001 868 2069 Accedit
888 2001 974 2147 quod
998 2024 1093 2088 saepe
1116 2024 1181 2069 non

109 2107 282 2170 possumus
303 2086 375 2151 illas
397 2088 708 2170 repraesentationes
730 2106 839 2149 coram
855 2084 893 2149 ha
919 2106 989 2159 ero,
1010 2106 1090 2170 quas
1114 2106 1182 2149 ma·

108 2171 197 2235 xime
224 2168 391 2241 vellemus,
408 2169 508 2232 immo
531 2168 603 2233 illas
626 2167 770 2253 experiri
793 2167 954 2251 cogimur,
977 2186 1056 2251 quas
1077 2168 1182 2231 maxi·

108 2272 162 2317 me
177 2250 351 2325 nollemus,
367 2269 487 2334 easque
509 2250 599 2315 nullo
614 2258 708 2337 pacto
728 2247 891 2314 declinare
913 2268 1095 2335 possumus.

150 2334 186 2400 2⁰
207 2335 320 2417 Neque
342 2330 383 2396 ab
405 2331 531 2397 interna
559 2337 592 2397 vi
616 2331 744 2397 animae
772 2328 964 2394 naturaliter
991 2331 1087 2398 insita
1109 2350 1182 2394 sen·

108 2420 249 2483 sationes
263 2414 467 2479 evolvuntur.
483 2414 526 2478 Et
539 2434 628 2491 sane,
651 2412 761 2476 anima
783 2420 832 2476 est
852 2410 1002 2497 simplex,
1024 2422 1088 2477 eta
1105 2410 1183 2475 Phi·

107 2498 264 2586 losophis,
279 2504 392 2561 contra
406 2515 489 2581 quos
497 2514 698 2593 pugnamus,
721 2495 790 2559 sine
811 2491 880 2557 ullo
894 2494 1089 2559 commercio
1104 2514 1181 2559 cum

106 2581 208 2647 rebus
228 2578 397 2677 corporeis
474 2588 572 2643 nrtur.
596 2575 694 2671 Atqui
728 2575 883 2650 effectus,
905 2576 962 2660 qui
996 2596 1038 2639 ex
1058 2578 1091 2641 vi
1125 2596 1183 2639 na-

108 2664 262 2729 turaliter
288 2660 386 2726 insita
412 2658 511 2724 aicui
539 2659 588 2723 rei
616 2666 745 2735 oritur,
773 2666 907 2721 naturae
937 2657 1039 2741 ipsius
1059 2658 1108 2723 rei
1130 2678 1182 2722 re-

73 2745 75 2754 '
108 2744 266 2828 spondere
288 2741 395 2807 debet.
420 2742 520 2827 Ergo,
542 2742 570 2805 si
593 2740 793 2805 sensationes
815 2736 856 2802 ab
877 2738 974 2803 unica
997 2741 1028 2804 ri
1051 2742 1182 2805 animae

108 2825 301 2891 naturaliter
333 2824 432 2889 insita
458 2824 625 2888 orirentur
638 2860 654 2899 ,-
672 2821 759 2904 ipsas
785 2840 848 2884 non
877 2831 1041 2905 tamquam
1067 2844 1182 2887 rerum

108 2927 354 2994 corporearum,
366 2904 422 2968 sed
438 2904 545 2988 potius
561 2924 672 2969 rerum
694 2900 892 2987 simplicium
912 2924 946 2966 re
971 2906 1183 2972 raesentatio-

107 3011 166 3054 nes
186 2989 331 3074 experiri
354 2985 558 3051 deberemus.
584 2984 683 3069 Atqui
708 2982 740 3048 id
756 2980 797 3047 ab
813 2983 893 3069 ipsis
915 3005 933 3048 a
957 2988 1112 3052 versariis
1125 3009 1185 3054 ne·

109 3083 218 3154 gatus,
240 3072 319 3157 quia
340 3069 417 3153 ipsi,
433 3068 492 3133 elsi
516 3067 627 3134 dicant
649 3064 847 3129 sensationes
861 3064 901 3129 ad
921 3088 1059 3155 corpora
1076 3071 1184 3139 realia

107 3166 201 3222 extra
223 3173 282 3218 nos
301 3149 385 3217 haud
410 3150 539 3225 referri,
554 3160 661 3216 tamen
677 3145 818 3212 latentur
833 3146 904 3213 illas
921 3160 1085 3237 tamquam
1108 3176 1186 3220 001.

105 3255 225 3320 porum
248 3233 541 3320 repraesentativas
562 3228 655 3295 nobis
679 3248 848 3324 apparere.
872 3230 959 3317 Ergo
981 3237 1186 3304 sensatioues

107 3316 150 3381 ab
176 3320 272 3383 unica
294 3317 325 3381 vi
350 3313 542 3379 naturaliter
563 3312 661 3377 insita
676 3328 803 3375 ammae
819 3315 923 3397 repeti
946 3336 1008 3380 non
1031 3333 1181 3405 possunt.

148 3400 199 3467 39.
225 3402 321 3483 Prop.
337 3396 474 3460 2¹.Deos
495 3416 591 3459 euerso
611 3402 792 3457 nostrorum
815 3397 1026 3463 reserationum
1050 3402 1118 3468 diei
1131 3426 1185 3468 ne-
1236 3454 1237 3457 ,

109 3480 190 3564 quit,
212 3504 248 3544 oe
266 3478 399 3565 proinde
420 3477 518 3560 salvem
541 3487 584 3540 ert
606 3473 786 3538 idealismus
809 3473 989 3545 abiectiores.

487 3589 812 3608 m

143 3666 153 3701 r
175 3663 196 3726 t,
216 3678 243 3727 q.
265 3658 394 3724 nxxvu,
416 3676 440 3711 a.
464 3663 478 3709 l
498 3676 524 3710 r.
546 3658 582 3711 Cf
600 3664 732 3727 Ducem..
754 3664 807 3715 loe.
827 3667 887 3725 cit„
909 3682 935 3731 p.
960 3668 1020 3717 116.

75 3830 117 3840 n-n
122 3837 128 3840 .
