2475 3909
482 177 682 228 cosuotuota
1029 156 1089 222 1t5

61 260 200 346 sepultor
221 261 444 336 existentiam
467 263 554 338 hinc,
577 263 605 325 si
628 261 736 324 anima
760 256 905 324 belluino
925 257 1053 342 corpori
1077 279 1130 324 sn·

61 353 225 428 peresset,
248 343 495 428 operationibus
518 342 582 408 sibl
605 341 827 408 consentaneis
855 341 1018 426 expoliari
1041 340 1134 406 baud

61 436 178 508 posset.
204 425 303 509 Atqui
326 428 433 490 anima
457 425 598 491 belluina
628 445 804 520 acorpore
832 433 979 508 separata
1001 422 1129 488 nullum

59 511 288 590 operationum
304 528 405 590 genus
419 529 571 572 exercere
587 517 702 593 potest;
715 505 877 589 siquidem
892 508 977 570 actio
992 517 1041 570 est
1055 526 1130 591 pro·

59 589 194 731 priami
212 587 384 673 perfectae,
403 587 604 674 proindeque
626 588 832 653 subsistentis
848 587 871 663 ¹,
888 588 997 652 anima
1020 598 1128 653 autem

82 671 205 736 elluina
230 682 279 736 est
302 667 407 734 forma
436 693 498 736 nort
526 670 715 736 subsistens.
740 671 828 755 Ergo
859 671 991 754 ipsane
1016 672 1048 734 in
1070 689 1129 733 erse

58 752 195 837 quidem
240 750 397 816 erdurure
421 755 561 838 potest¹.

103 835 173 900 tao.
227 834 359 898 rodatur
380 832 481 899 altera
505 854 591 930 pars.
613 833 769 897 interitus
792 854 913 911 rerum,
935 843 971 899 ut
994 833 1058 897 iam
1080 833 1131 896 in-

59 918 195 980 nuimus
210 919 232 994 ¹,
250 916 299 982 vel
345 936 382 980 or
401 915 670 991 annihilationem,
686 915 736 978 vel
760 934 817 1012 per
837 918 1067 1001 corruptiorem
1082 914 1132 978 in·

59 997 165 1082 telligi
183 1008 297 1082 potest.
314 934 414 1082 diqui
431 1000 539 1063 anima
561 996 706 1062 belluina
721 998 825 1080 priori
847 1000 972 1065 ratione
994 997 1131 1063 interire

59 1079 199 1145 dicenda
220 1101 285 1147 nou
306 1090 365 1156 est,
383 1089 451 1145 tum
467 1080 545 1165 quia
567 1079 701 1156 Densa
724 1100 790 1163 quo
811 1078 998 1146 huiusmodi
1019 1100 1129 1144 rerum

58 1163 239 1230 destructio
262 1161 434 1228 dumtaxat
454 1162 526 1227 lieri
551 1171 676 1248 posset,
698 1160 819 1225 nullam
844 1183 912 1226 rem
936 1164 969 1227 in
990 1161 1131 1226 nibilum

57 1245 182 1331 redigit
196 1248 221 1322 ⁴3
245 1256 314 1312 tum
337 1243 415 1328 quia
437 1244 470 1309 in
494 1263 635 1308 noneste
656 1242 764 1327 redigi
792 1243 874 1309 illud
896 1255 1021 1311 tantum
1042 1242 1132 1328 cogi·

58 1329 122 1394 tari
146 1339 263 1426 potest,
310 1324 373 1391 uod
396 1345 458 1390 csse
481 1324 542 1390 sibi
567 1327 739 1411 proprium
760 1324 868 1402 babet,
892 1327 999 1390 anima
1021 1335 1131 1391 autem

58 1410 207 1476 belluina
221 1430 286 1474 non
323 1407 397 1472 abet
411 1406 502 1472 aliud
524 1428 600 1486 essa,
624 1409 688 1474 uisi
712 1410 897 1493 compositi.
919 1408 1034 1492 Neque
1059 1408 1131 1491 ipsa

58 1513 122 1577 per
136 1513 169 1556 se
184 1491 351 1575 corrumpi
375 1488 440 1555 dici
464 1500 579 1576 potest;
596 1493 764 1576 corruptio
786 1490 885 1569 enim,
902 1502 936 1556 et
950 1489 1128 1576 generatio,

58 1588 98 1642 ut
120 1573 199 1638 alibi
222 1573 368 1639 diximus
382 1573 417 1648 ⁵,
443 1594 504 1636 non
526 1571 678 1650 formae,
700 1572 756 1637 sed
779 1573 958 1658 composito
981 1570 1131 1636 substan·

58 1656 132 1722 tiali
157 1655 289 1742 proprie
311 1657 472 1722 convenit.
495 1655 673 1740 Reliquum
695 1655 875 1740 igiturest,
898 1665 934 1721 ut
955 1655 1083 1720 dicatur
1097 1673 1131 1715 a·

59 1741 183 1804 trimam
206 1735 385 1802 belluinam
407 1758 449 1801 ex
471 1758 510 1803 eo
532 1739 681 1811 interire,
697 1737 798 1822 quod,
821 1748 975 1823 corrupto
997 1754 1130 1819 compo-

58 1823 126 1886 sito
148 1820 293 1897 animali,
312 1837 371 1903 per
391 1819 532 1884 occidens
554 1831 785 1904 corrumpatur
798 1820 823 1882 ⁰.

114 1945 181 1996 bar.
203 1945 295 1998 vt-
308 1941 484 1996 Corollarium
505 1961 536 1998 ex
557 1947 665 1997 theoriis
685 1947 736 1997 iam
758 1948 922 2011 praestitutis
941 1947 1082 1996 dedrrcitnr

103 2055 173 2120 121.
192 2053 345 2120 Wolfiani
368 2058 559 2122 sententiam
578 2054 847 2122 scholasticorum
870 2053 910 2119 de
932 2066 1044 2121 natura
1062 2055 1132 2120 aui-

59 2159 136 2204 mae
158 2136 334 2217 belluinae,
351 2160 435 2223 quae
456 2150 487 2206 et
509 2136 636 2223 aliquid
660 2137 828 2203 materiale
849 2149 909 2214 est,
925 2151 958 2204 et
972 2137 1133 2224 cognitio·

58 2243 102 2286 ne
125 2220 281 2286 sensitiva
304 2219 444 2306 gaudet,
469 2219 702 2287 materialismo
728 2221 817 2285 viam
838 2230 981 2285 sternere
1004 2228 1132 2284 conten-

58 2303 155 2369 dunt.
179 2306 222 2368 At
243 2324 321 2367 vero
343 2325 383 2367 ex
405 2303 458 2380 iis,
473 2324 557 2387 quae
581 2304 645 2368 iam
669 2303 917 2389 explicavimus,
940 2301 1132 2367 sententiam

59 2386 156 2452 illam
177 2406 195 2449 a
217 2385 450 2451 materialismo
476 2384 571 2472 longe
594 2381 769 2451 abhorrere
796 2383 1129 2467 facile-intelligitur.

60 2469 113 2532 Re
136 2488 211 2532 sane
231 2488 321 2548 vera,
345 2466 522 2534 secundum
546 2467 831 2546 materialismum,
854 2465 948 2544 illud,
970 2465 1058 2552 quod
1080 2485 1134 2528 co·

99 2697 108 2729 ¹
133 2693 269 2748 «Formae
283 2710 335 2748 noo
349 2699 501 2750 subsistenti
516 2712 567 2748 nou
580 2699 708 2762 competit
721 2699 827 2763 proprie
841 2703 871 2748 ot
882 2701 955 2761 agat,
968 2711 1048 2762 agere
1061 2701 1131 2751 enim

57 2769 101 2820 rei
116 2768 261 2832 perlectae,
276 2777 302 2820 et
315 2772 482 2824 subsistentis
494 2777 534 2822 esi
551 2789 574 2831 't
590 2773 678 2822 Corrtr.
694 2772 781 2830 Garat,
796 2769 842 2819 lib.
858 2768 891 2828 ll,
905 2787 932 2821 o.
947 2771 993 2821 117.

99 2841 111 2876 ²
131 2835 166 2891 (ll
182 2857 205 2890 s.
221 2839 358 2902 bernard,
379 2845 464 2895 Serra.
487 2842 508 2896 V
526 2847 553 2894 ln
575 2845 649 2894 Cant.
671 2841 737 2892 ilinc
756 2844 838 2892 vetuti
857 2843 969 2893 absurda
990 2844 1131 2895 relicienda

58 2919 103 2964 est
123 2915 212 2976 opinio
232 2927 341 2974 euroin,
362 2917 407 2978 qtti
426 2918 543 2966 animam
563 2915 710 2964 belluinam
730 2929 781 2965 nou
801 2918 907 2966 interire
925 2930 988 2966 cum
1007 2930 1131 2980 corporo.

58 2987 109 3038 sed
129 3001 182 3036 uno
201 3000 312 3051 corporo
327 2989 464 3047 dissoluto,
481 2991 505 3037 iu
520 2989 590 3037 uliud
604 2988 751 3037 belluinum
766 2989 916 3049 perenniter
929 2989 1044 3052 migrare
1055 2994 1132 3040 tuen-

58 3068 119 3110 tur.
141 3055 247 3110 Etenitn
268 3064 322 3124 ipso
343 3075 394 3110 uou
415 3066 503 3124 posset
519 3060 685 3108 dissolutioni
706 3062 784 3109 unius
802 3062 923 3124 corporis
939 3075 1088 3125 superesse,
1106 3078 1136 3111 a·

58 3133 175 3194 iiudque
196 3133 349 3193 informare,
371 3135 420 3183 uisi
440 3136 466 3183 iu
484 3147 512 3184 so
531 3132 685 3190 subsistere,
705 3137 732 3181 ct
750 3135 853 3196 operari
872 3136 928 3184 sine
948 3147 1058 3197 corporo
1072 3147 1134 3199 pos-

61 3210 117 3264 set3
137 3219 207 3269 qnae
226 3206 279 3254 duo
298 3207 402 3255 animan
423 3206 555 3256 belluinae
575 3219 627 3254 nou
647 3205 821 3255 conveniunt.

101 3276 112 3313 ⁸
131 3275 159 3328 P.
180 3275 299 3328 tot-⁴
319 3271 385 3329 crs.
400 3273 506 3338 ibam„
522 3281 571 3343 Qu.
585 3276 683 3342 dispp„
702 3280 738 3328 lis
752 3279 823 3336 rot,
837 3291 864 3341 q.
881 3275 914 3338 V,
927 3292 954 3328 a.
969 3280 996 3328 l.

99 3347 194 3414 ⁵Pag.
218 3349 280 3410 106,
300 3354 356 3400 not.
377 3350 405 3400 3.

99 3421 112 3458 θ
132 3419 154 3481 l,
168 3436 196 3485 q.
211 3417 316 3481 Lxxv,
338 3437 362 3472 a.
378 3423 394 3472 o
412 3438 438 3472 c.
459 3421 570 3475 Animae
590 3425 681 3472 autern
700 3421 846 3481 belluinae,
865 3427 992 3485 corrupto
1011 3434 1133 3486 corpore,

55 3509 110 3560 per
128 3497 244 3546 occidens
263 3501 472 3559 corrumpuntur
490 3509 522 3545 er
535 3508 567 3545 eo
580 3495 651 3560 qnod
676 3494 824 3545 «desinunt
842 3507 900 3545 asro
920 3508 966 3558 per
980 3495 1041 3554 boc,
1061 3495 1134 3558 quoti

58 3579 158 3616 earnm
179 3569 289 3617 materia
309 3569 389 3618 aliam
410 3567 523 3618 lormam
544 3568 649 3631 recipit,
665 3581 727 3617 cum
740 3581 791 3632 qna
808 3565 892 3617 torma
910 3569 983 3630 prior
996 3572 1066 3618 stare
1080 3581 1133 3619 ooo

59 3643 153 3702 potest
169 3658 192 3696 ·;
207 3641 255 3704 ος.
270 3643 367 3703 dispo,
386 3641 423 3690 Do
437 3643 506 3698 Pet..
521 3655 548 3704 q.
565 3637 597 3698 V,
611 3655 636 3690 a.
654 3640 715 3690 3ad
729 3640 757 3689 2.

138 3725 246 3779 Paltos.
257 3725 367 3782 Cuarsr.
380 3734 518 3795 Comperta.
536 3729 566 3782 il.
974 3730 1026 3780 10⁶
