2475 3909
459 197 541 245 nans
562 194 668 243 entur
1019 166 1056 229 11

106 337 167 391 har.
187 334 443 391 li.-Deflniuntur
462 338 593 395 notiones,
614 346 684 398 quae
704 325 892 394 praedicabilia
911 324 1038 373 dicuntur

88 442 113 507 9.
134 441 380 518 Praedicahiiia,
396 452 432 508 ut
446 440 604 515 diximus,
621 447 696 501 sunt
710 433 785 497 illae
802 430 951 494 notiones
971 428 1105 491 univcr-

57 521 136 616 11111,
157 544 237 607 quae
260 522 412 589 exhibent
434 542 619 586 communes
642 515 765 589 modos,
787 510 908 597 quihus
923 506 1046 591 aliquid
1061 507 1102 571 do

58 602 152 686 aliquo
172 608 339 671 enunciari
360 614 475 690 potest.
491 606 561 669 hiae
582 601 727 667 notiones
749 604 822 661 sunt
843 593 1000 677 quinque,
1016 610 1107 653 nem·

57 704 218 829 19ά1111111,
245 688 421 772 differentia
450 687 613 770 specifica,
642 681 775 764 species,
798 676 968 759 proprium
994 679 1027 734 et
1053 692 1105 733 cc-

58 786 79 827 a
98 786 154 829 ena.

90 848 132 913 10
154 849 285 934 Species
307 862 355 915 est
376 850 466 914 notio
488 845 699 918 universalis,
721 861 804 928 quae
827 835 866 900 de
886 832 1035 919 pluribus
1057 832 1106 895 in-

58 926 185 993 dnndnis
207 934 373 995 secundam
396 932 556 995 essentiam
571 948 637 990 com
661 928 752 991 ictam
768 917 985 1007 praedicatur.
1002 915 1041 978 E.
1059 934 1105 996 g.,

59 1008 189 1107 icmode
214 1014 358 1090 Socrate,
381 1013 420 1076 de
443 1012 589 1085 Platone,
612 948 749 1091 ahisque
770 995 1108 1085 singuiishominihus

59 1091 259 1185 praedicatur,
274 1107 306 1160 et
321 1096 452 1160 denotat
473 1112 586 1157 eorum
606 1086 801 1153 essentiam*
825 1103 888 1145 uon
911 1078 1106 1149 inchoatam,

59 1184 83 1237 et
101 1174 332 1257 imperfectam,
358 1176 412 1240 sed
436 1172 694 1247 determinatam,
717 1179 750 1233 et
773 1164 961 1250 perfectam.

74 1256 133 1348 ,¹¹·
157 1256 267 1322 Genus
288 1272 335 1325 est
358 1258 449 1323 notio
472 1253 678 1327 universalis,
699 1270 781 1334 quae
804 1244 843 1309 dc
866 1241 1017 1327 pluribus
1039 1255 1110 1319 spe·

59 1335 155 1400 nehus
176 1339 344 1404 secundem
360 1340 524 1403 essentiam
540 1335 756 1429 incompletom
771 1325 990 1414 praedicatur.
1007 1320 1048 1383 E.
1063 1337 1110 1397 g„
1167 1336 1171 1339 ·

58 1418 161 1481 animai
180 1418 219 1483 de
243 1420 396 1496 homine,
421 1418 460 1484 dc
485 1436 583 1501 equo,
608 1416 746 1497 ahisque
775 1406 967 1472 animalium
989 1398 1112 1483 specie-

20 1578 21 1587 }
59 1498 108 1593 hus
127 1501 353 1583 praedicatur,
377 1513 543 1566 eteorum
565 1498 735 1567 essentiam
762 1493 833 1570 non}
853 1484 986 1571 quidem
1008 1479 1113 1543 deter-

60 1592 219 1726 'imatiim'
244 1594 278 1648 et
300 1582 504 1669 perfectam,
527 1577 583 1643 sed
608 1578 812 1647 inchoatam,
836 1580 933 1652 atque
961 1558 1116 1646 imperie-

60 1682 130 1724 cam
172 1674 295 1729 enotat.

92 1744 136 1805 12.
159 1744 349 1828 Differcmio
370 1744 512 1829 specifice
532 1750 579 1805 est
600 1738 655 1803 itta
679 1736 768 1802 notio
789 1726 1007 1797 universalis,
1031 1744 1116 1807 quae

61 1835 269 1916 repraesentat
290 1827 394 1913 quotis
416 1825 458 1889 sit
479 1823 617 1887 essentia
640 1820 711 1892 rei;
733 1833 851 1897 nempe
879 1830 940 1895 per
967 1805 1116 1897 differen-

20 1948 22 1993 1
61 1912 126 1967 itan
145 1908 287 1972 essentia
309 1909 359 1971 rei
381 1926 445 1969 non
468 1902 730 1972 indeterminate,
745 1896 792 1959 uti
808 1913 868 1978 per
890 1907 1002 1973 genus,
1024 1885 1116 1947 exhi-

20 1994 22 2013 '
62 1980 163 2064 betur,
186 1989 243 2053 sed
268 1989 375 2072 qualis
396 1989 466 2070 ipsa
487 1986 553 2059 sit,
575 1980 822 2045 determinatur.
847 1965 1044 2034 Huiusmodi
1067 1975 1116 2030 est

64 2085 114 2129 carc
133 2071 254 2133 ratione
272 2068 463 2152 praeditum.
486 2065 533 2128 Ita
564 2059 800 2144 interroganti,
828 2049 908 2136 qaid
936 2050 979 2112 sit
1005 2048 1115 2122 homo,

65 2149 154 2227 primo
173 2148 397 2235 respondetur
418 2167 487 2211 esse
509 2143 640 2217 animal,
664 2137 780 2205 deinde
803 2131 950 2220 pergenti
981 2130 1119 2192 interro-

64 2246 139 2307 aare,
152 2230 249 2315 quale
272 2229 391 2293 animai
407 2229 460 2304 sit,
476 2224 697 2309 respondetur
711 2240 780 2282 csse
795 2216 914 2279 ratione
924 2209 1117 2294 praeditam.

20 2324 21 2327 ’
67 2306 181 2376 Dicitur
208 2320 322 2377 autern
351 2307 533 2374 differentia
560 2304 722 2388 specifico,
745 2298 821 2383 quia
849 2314 909 2379 per
930 2294 1033 2377 ipsam
1055 2308 1123 2352 una

65 2393 173 2473 species
195 2393 237 2457 ah
263 2390 365 2455 altera
387 2389 507 2453 differt.

20 2556 21 2559 Ἴ
81 2473 142 2537 «13.
163 2474 314 2537 lamvero
329 2471 543 2556 proprietates
557 2462 761 2529 differentiae
776 2453 946 2541 specificae
961 2450 1019 2514 hae
1034 2457 1119 2513 sunt:

66 2546 123 2615 1⁰1
145 2573 179 2617 sa
202 2552 325 2617 dividit
346 2570 446 2637 genus
467 2552 502 2612 in
524 2547 634 2632 plures
654 2542 795 2628 species,
818 2557 876 2601 scu
899 2530 987 2599 istud
1009 2539 1120 2613 aptum

65 2631 110 2695 red
133 2636 158 2699 it
170 2634 209 2698 ad
235 2632 346 2717 plures
368 2632 491 2727 species
516 2625 713 2691 efficiendas
736 2623 775 2686 E.
799 2639 845 2703 g„
863 2616 932 2678 sine
955 2612 1011 2675 itta
1033 2608 1125 2701 dide-

67 2716 180 2791 rectia,
212 2733 298 2797 quae
331 2712 451 2778 dicitur
482 2710 582 2784 rctio,
616 2700 736 2770 animai
768 2702 801 2763 in
834 2692 986 2761 rationale
1018 2701 1050 2755 et
1079 2707 1126 2753 rr-

67 2796 203 2859 retioacie
226 2791 333 2857 dividi
356 2814 418 2858 non
433 2798 552 2876 posset.
575 2786 610 2851 2⁰
633 2780 826 2848 Differentia
847 2785 920 2839 actu
942 2769 1052 2837 addita
1074 2788 1126 2853 ge·

68 2876 126 2939 neri
147 2876 258 2959 ipsum
281 2872 486 2937 determinat.
502 2871 540 2935 E.
561 2889 608 2952 g.,
623 2863 755 2935 animat,
771 2868 929 2945 quatenus
951 2870 1051 2937 11θῦ118
1065 2858 1125 2924 651,

68 2950 235 3032 hominem,
259 2964 355 3039 atque
378 2953 521 3017 belluam
543 2944 791 3013 indeterminate
813 2936 989 3022 significan
1006 2941 1128 2996 etcum

69 3035 187 3098 animali
221 3036 306 3099 ratic
339 3034 519 3105 adiicitur,
551 3026 627 3093 iude
656 3034 772 3089 natura
799 3018 933 3084 hominia
961 3014 1130 3077 dumtaxat

69 3112 272 3196 significatur.
296 3113 331 3182 3⁰
351 3112 542 3178 Differentia
565 3130 605 3174 ex
628 3105 690 3171 hoc
712 3106 807 3188 ipso,
830 3097 916 3185 quod
937 3092 1131 3161 determinat

71 3212 182 3273 genus,
207 3196 352 3273 aliquam
375 3194 621 3263 determinatam
643 3188 786 3271 speciem
816 3178 995 3247 constituit.
1018 3174 1056 3237 E.
1083 3192 1129 3255 ge

71 3278 185 3371 species
208 3276 298 3339 izemo
320 3274 529 3339 constituitur
550 3294 591 3335 ex
611 3270 731 3332 ratione
753 3262 862 3329 addita
884 3258 994 3345 generi
1009 3255 1154 3316 ocima.

71 3354 113 3419 in.
135 3357 345 3442 Quapropter
366 3356 490 3440 speeies
512 3374 553 3417 ex
576 3369 705 3435 genere,
726 3360 759 3414 et
779 3341 961 3409 differentia
985 3346 1132 3399 constare

427 3466 750 3485 Μ

102 3542 110 3580 ¹
129 3548 259 3601 larentia,
278 3546 309 3593 ut
328 3552 377 3591 auo
396 3540 455 3589 toco
474 3538 609 3595 dicemur,
629 3532 761 3599 significat
780 3530 823 3589 td,
843 3538 897 3592 quc
916 3537 958 3575 res
976 3524 1032 3580 eat,
1052 3522 1134 3583 atque

72 3618 195 3673 acetaria
214 3614 294 3668 rebus
313 3612 493 3679 distinguitur.
