2475 3909
495 216 725 265 urnaurnocm
1047 200 1106 272 aaa

73 295 243 377 luntatem,
259 299 322 363 nisi
338 298 520 366 intellectus
541 302 698 366 rationem
720 300 888 379 honitatis,
904 314 937 369 et
950 308 1145 372 convenien-

73 381 139 446 tiae
161 382 196 445 in
218 379 298 466 ipsis
325 379 544 466 deprehendat
559 384 582 447 ¹.
605 388 650 447 nt
675 380 758 449 bona
788 386 1000 471 particularia
1031 387 1071 451 ab
1099 391 1147 452 in-

73 462 207 527 tellectu
237 462 439 548 apprehensa
465 486 528 529 non
556 474 687 530 movent
718 470 899 534 necessario
931 469 1143 545 voluntatem,

72 544 154 628 quia
175 563 240 608 non
261 553 428 630 tamquam
449 547 681 623 universaliter,
704 560 730 612 ct
752 551 918 615 secondum
939 568 1058 615 omnem
1074 571 1146 615 con-

71 626 290 691 sideratiorem
312 626 389 693 dono
411 629 721 714 apprehenduntur'.
748 632 852 717 Ergo,
876 633 1004 697 etiamsi
1033 633 1146 699 volun-

73 720 124 773 tas
144 704 187 772 ab
208 708 336 775 obiecto
357 721 538 790 moveatur,
560 712 633 778 eius
655 711 798 777 actiones
821 733 883 779 non
905 725 980 779 sunt
1000 734 1144 780 necessa-

73 789 156 853 riae.
179 788 274 866 Quod
296 792 322 855 si
346 793 476 858 nomine
498 794 623 880 agentis
648 796 823 859 extrinseci
849 796 919 878 ipse
942 794 1029 862 Deus
1052 794 1145 860 intel-

72 872 218 955 ligatur,
240 872 328 937 lleus
354 873 487 957 quidem
515 874 715 941 voluntatem
742 875 850 961 quoad
877 878 1145 943 exercitationem

73 964 178 1028 actus,
199 954 473 1101 quemadmodum
495 957 694 1025 ostendimus
709 958 732 1033 ⁸,
749 967 869 1035 moret3
885 966 918 1024 at
932 959 1013 1024 nihil
1029 956 1146 1024 exinde

73 1045 187 1100 contra
228 1036 396 1103 ibertatem
426 1038 544 1105 inlerri
578 1049 692 1124 potest.
726 1040 856 1105 Etenim
890 1042 1062 1125 proprium
1083 1038 1147 1104 Dei

72 1126 140 1191 est,
162 1127 200 1183 ut
222 1119 299 1184 alibi
325 1119 494 1196 dicemus,
517 1142 569 1187 res
590 1142 630 1186 eo
652 1119 748 1185 modo
775 1140 930 1195 movere,
952 1123 1009 1206 qui
1032 1141 1145 1185 earum

73 1198 202 1264 naturis
233 1203 395 1287 congruit.
429 1204 529 1288 Atqui
563 1203 712 1268 voluntas
742 1201 882 1267 humana
913 1202 1076 1267 eiusmodi
1098 1210 1145 1267 est

71 1291 221 1359 naturae,
244 1293 281 1348 ut
301 1284 344 1351 sit
365 1283 479 1348 libera.
508 1286 598 1370 Ergo
625 1285 733 1370 potins
759 1284 957 1358 necessitas,
984 1304 1082 1368 quam
1105 1284 1145 1348 li·

72 1362 183 1427 bertas
205 1373 336 1429 actuum
350 1365 526 1433 voluntatis
548 1387 624 1431 cum
646 1365 764 1431 Divina
786 1365 929 1430 motione
945 1373 1104 1449 repugnat
1119 1365 1143 1426 ⁶.

111 1445 185 1511 93¹1.
208 1443 317 1511 Obiic.
340 1444 376 1510 2ο
397 1446 557 1514 Voluntas
582 1447 624 1512 ad
646 1444 769 1532 aliquid
794 1444 969 1511 volendum
996 1456 1145 1512 movetur

71 1526 115 1592 ab
136 1529 284 1612 appetitu
306 1528 468 1594 sensitivo.
487 1530 588 1614 Atqui
610 1539 702 1595 actus
716 1528 878 1613 appetitus
898 1527 1046 1594 sensitivi
1069 1535 1147 1592 sunt

70 1610 260 1674 necessarii.
283 1610 371 1695 Ergo
394 1608 481 1675 idem
513 1609 553 1676 de
575 1609 701 1675 actibus
734 1608 909 1675 voluntatis
941 1607 1088 1673 dicamus
1111 1628 1145 1672 o-

71 1697 192 1777 portet.

111 1771 185 1837 238.
210 1771 327 1855 Resp.,
353 1772 439 1835 mss.
468 1773 558 1849 moi,
585 1793 731 1857 semper,
753 1790 819 1853 aeq.
843 1772 938 1849 mccl,
967 1770 1143 1846 interdum,

69 1851 163 1916 codd.
187 1854 289 1927 moi,
312 1853 357 1918 ita
378 1863 416 1918 nt
437 1873 479 1938 ap
504 1855 604 1919 clitus
630 1854 800 1919 sensitivus
833 1852 967 1918 inclinet
998 1853 1145 1917 volunta-

70 1944 140 1998 tem
162 1935 203 2000 ad
225 1933 350 2019 aliquid
373 1933 467 2000 roien
492 1956 560 2012 um,
585 1956 668 1999 emec.
691 1935 779 2010 mut,
796 1933 841 1998 ita
862 1942 900 1999 ut
921 1933 962 1999 ad
984 1953 1016 1998 se
1039 1954 1145 1999 ueces-

71 2015 165 2079 sario
186 2016 292 2082 trahat
312 2026 419 2081 aetum
446 2017 638 2093 voluntatis,
658 2036 724 2098 neq.
749 2016 825 2078 mci.
849 2015 931 2084 ltem
952 2015 1025 2081 dt'st.
1050 2016 1144 2093 mim,

69 2106 166 2161 actus
186 2099 352 2195 appetitus
378 2098 525 2163 sensitiri
557 2107 632 2163 sunt
657 2096 852 2174 necessarii,
875 2097 920 2163 ita
941 2107 979 2162 ut
999 2098 1146 2163 voluntas

68 2179 121 2241 eis
135 2177 298 2243 dommari
320 2180 432 2277 possit,
454 2201 539 2244 cone.
556 2180 649 2255 mim,
666 2198 769 2255 secus,
784 2194 850 2259 neq.
867 2180 945 2244 min.
963 2178 1042 2263 Neq.
1059 2200 1142 2243 conr.

70 2258 200 2325 Revera
233 2280 305 2325 nos·
325 2281 390 2326 ram
421 2271 517 2327 antea
550 2259 752 2326 ostendimus
789 2261 981 2326 voluntatem
1014 2282 1078 2325 non
1111 2262 1145 2324 in

70 2342 212 2419 conctis,
234 2340 290 2406 sed
316 2342 350 2407 in
375 2340 573 2426 quibusdam
601 2341 669 2407 suis
696 2340 821 2408 actibus
842 2342 884 2405 ab
906 2340 1052 2427 appetitu
1075 2362 1145 2405 sen·

70 2423 172 2489 sitivo
192 2423 339 2499 moveri,
361 2434 395 2488 et
415 2423 497 2489 hanc
522 2423 699 2490 motionem
726 2424 760 2488 in
787 2442 826 2488 eo
852 2422 1022 2488 dumtaxat
1042 2424 1146 2487 consi-

68 2516 171 2581 stam,
194 2502 281 2587 qnod
308 2512 398 2568 actus
433 2506 598 2591 appetitus
631 2505 777 2570 sensitivi
810 2503 967 2568 inclinant
1001 2503 1146 2568 volunta-

71 2596 141 2650 tem
161 2583 202 2649 ad
217 2587 289 2662 ltoc,
303 2595 342 2663 ot
356 2598 484 2653 moveat
506 2586 706 2653 intellectum
728 2583 767 2649 ad
791 2582 1053 2649 considerandam
1075 2606 1144 2649 rem

70 2667 186 2752 potins
206 2668 268 2732 sub
291 2668 366 2743 isto,
388 2687 487 2751 quam
513 2667 575 2733 suh
603 2668 661 2733 illo
687 2678 862 2762 respectu,
889 2678 921 2730 et
946 2665 1083 2749 proinde
1105 2665 1145 2730 ad

69 2747 350 2833 pronuntiandum
372 2749 481 2833 potins
503 2748 602 2826 istud,
624 2767 722 2835 quam
743 2745 825 2812 rllud
845 2745 1006 2812 iudicium
1028 2750 1143 2834 practi-

69 2850 147 2893 cum
162 2832 187 2895 ⁵.
204 2834 246 2896 at
267 2850 347 2896 vero
368 2840 494 2895 tantum
516 2831 619 2907 abest,
641 2837 678 2894 ut
698 2828 846 2894 voluntas
868 2827 908 2893 ab
930 2828 978 2895 eis
998 2850 1146 2896 necessa·

69 2911 125 2979 rio
145 2920 327 2987 moveatur,
349 2922 388 2976 ut
407 2913 516 2996 potius
542 2914 607 2989 eis,
631 2910 717 2975 sicut
742 2909 821 2975 alibi
843 2908 988 2977 diximus
1002 2913 1027 2989 ⁸,
1043 2910 1146 2977 domi-

69 3001 181 3066 netur,
203 3014 245 3057 ex
259 3013 333 3137 quo
354 2991 411 3068 lit,
434 3001 472 3058 ut
493 2994 528 3058 in
554 2996 627 3058 eius
653 2992 790 3057 arbitrio
816 2992 859 3059 sit
886 2994 1065 3078 prosequi,
1088 3003 1147 3060 aut

68 3094 123 3140 res
146 3090 225 3138 uere
246 3076 257 3139 i
283 3121 292 3147 ‚
314 3070 355 3138 ad
400 3073 466 3140 uod
487 3073 529 3139 ab
549 3073 697 3160 appetitu
718 3072 872 3139 sensitiva
895 3073 1042 3141 allicitur
1055 3075 1081 3137 ¹.

180 3201 188 3216 .
211 3153 320 3220 Obiic.
343 3094 550 3222 Yquluntas
564 3176 606 3220 ex
619 3163 734 3220 natura
756 3175 815 3220 sua
830 3152 936 3223 fertur
950 3154 991 3220 ad
1007 3154 1142 3219 boumn.

71 3237 162 3322 Ergo
182 3234 333 3301 libertate
355 3234 596 3303 indifferentiae
617 3258 683 3301 non
706 3234 836 3323 gaudet.

108 3504 177 3561 ιιι
190 3522 220 3573 ρ.
241 3507 356 3560 res-⁸
375 3503 410 3559 cr
426 3523 453 3572 p.
476 3508 589 3561 tra-⁸
609 3506 638 3560 r.
663 3504 774 3559 tas-⁴
795 3507 823 3557 ι·
842 3506 893 3566 ιν,
907 3520 935 3571 q.
950 3502 986 3568 x,
1000 3507 1047 3557 ..ι
1065 3504 1098 3559 ιι
1121 3507 1144 3557 ι.

108 3574 179 3631 ιιι
193 3594 221 3642 ρ.
244 3580 307 3631 raa.
322 3579 382 3618 -ι
400 3578 431 3630 r.
453 3582 516 3633 rso.
538 3577 574 3632 cr
592 3582 618 3631 ι·
637 3580 688 3641 rr,
708 3594 736 3645 q.
757 3575 792 3639 x,
813 3592 839 3630 ι.
860 3578 876 3628 ι
896 3592 922 3631 e.

108 3647 163 3714 ⁷1,
183 3665 212 3721 q.
232 3645 315 3715 CXV,
335 3664 362 3704 a.
383 3652 400 3707 t
419 3666 445 3708 c.
