<?xml version="1.0" encoding="UTF-8"?>
<!DOCTYPE html PUBLIC "-//W3C//DTD XHTML 1.0 Transitional//EN"
    "http://www.w3.org/TR/xhtml1/DTD/xhtml1-transitional.dtd">
<html xmlns="http://www.w3.org/1999/xhtml" xml:lang="en" lang="en">
 <head>
  <title>
</title>
<meta http-equiv="Content-Type" content="text/html;charset=utf-8" />
  <meta name='ocr-system' content='tesseract 3.04.00' />
  <meta name='ocr-capabilities' content='ocr_page ocr_carea ocr_par ocr_line ocrx_word'/>
</head>
<body>
  <div class='ocr_page' id='page_1' title='image "./philosophiachri00sansgoog_0110.png"; bbox 0 0 2475 3909; ppageno 0'>
   <div class='ocr_carea' id='block_1_1' title="bbox 142 149 741 223">
    <p class='ocr_par' dir='ltr' id='par_1_1' title="bbox 142 149 741 223">
     <span class='ocr_line' id='line_1_1' title="bbox 142 149 741 223; baseline 0.005 -3"><span class='ocrx_word' id='word_1_1' title='bbox 142 149 183 220; x_wconf 79' lang='grc'><strong>96</strong></span> <span class='ocrx_word' id='word_1_2' title='bbox 542 169 741 223; x_wconf 76' lang='lat' dir='ltr'><strong>consess</strong></span> 
     </span>
    </p>
   </div>
   <div class='ocr_carea' id='block_1_2' title="bbox 100 247 1178 510">
    <p class='ocr_par' dir='ltr' id='par_1_2' title="bbox 100 247 1178 510">
     <span class='ocr_line' id='line_1_2' title="bbox 140 247 1167 346; baseline 0.003 -25"><span class='ocrx_word' id='word_1_3' title='bbox 140 251 192 321; x_wconf 76' lang='lat'><strong>52.</strong></span> <span class='ocrx_word' id='word_1_4' title='bbox 216 247 265 318; x_wconf 78' lang='lat' dir='ltr'><strong>dd</strong></span> <span class='ocrx_word' id='word_1_5' title='bbox 288 262 391 319; x_wconf 88' lang='lat' dir='ltr'><strong>artem</strong></span> <span class='ocrx_word' id='word_1_6' title='bbox 406 254 568 334; x_wconf 76' lang='lat' dir='ltr'><strong>criticam,</strong></span> <span class='ocrx_word' id='word_1_7' title='bbox 591 269 628 323; x_wconf 92' lang='lat' dir='ltr'><strong>ut</strong></span> <span class='ocrx_word' id='word_1_8' title='bbox 648 257 806 336; x_wconf 80' lang='lat' dir='ltr'>diximus,</span> <span class='ocrx_word' id='word_1_9' title='bbox 822 259 963 346; x_wconf 76' lang='lat' dir='ltr'>pertinet</span> <span class='ocrx_word' id='word_1_10' title='bbox 978 256 1167 324; x_wconf 64' lang='lat' dir='ltr'><strong>Homericu-</strong></span> 
     </span>
     <span class='ocr_line' id='line_1_3' title="bbox 100 337 1178 422; baseline 0.007 -24"><span class='ocrx_word' id='word_1_11' title='bbox 100 341 181 414; x_wconf 85' lang='lat' dir='ltr'><strong>tico,</strong></span> <span class='ocrx_word' id='word_1_12' title='bbox 202 357 286 421; x_wconf 89' lang='lat' dir='ltr'><strong>quae</strong></span> <span class='ocrx_word' id='word_1_13' title='bbox 307 350 354 402; x_wconf 89' lang='lat' dir='ltr'><strong>est</strong></span> <span class='ocrx_word' id='word_1_14' title='bbox 376 355 430 402; x_wconf 85' lang='lat' dir='ltr'><strong>ors</strong></span> <span class='ocrx_word' id='word_1_15' title='bbox 452 337 631 422; x_wconf 74' lang='lat' dir='ltr'><strong>explicandi</strong></span> <span class='ocrx_word' id='word_1_16' title='bbox 651 339 782 406; x_wconf 80' lang='lat' dir='ltr'><strong>obscuro</strong></span> <span class='ocrx_word' id='word_1_17' title='bbox 801 344 943 406; x_wconf 74' lang='lat' dir='ltr'><strong>cccton&#39;s</strong></span> <span class='ocrx_word' id='word_1_18' title='bbox 965 362 1064 406; x_wconf 81' lang='lat' dir='ltr'><strong>senso.</strong></span> <span class='ocrx_word' id='word_1_19' title='bbox 1088 343 1178 406; x_wconf 89' lang='lat' dir='ltr'><strong>lam-</strong></span> 
     </span>
     <span class='ocr_line' id='line_1_4' title="bbox 101 419 1176 510; baseline 0.008 -28"><span class='ocrx_word' id='word_1_20' title='bbox 101 439 179 483; x_wconf 83' lang='lat' dir='ltr'><strong>vero</strong></span> <span class='ocrx_word' id='word_1_21' title='bbox 201 419 383 484; x_wconf 76' lang='lat' dir='ltr'><strong>obscuritas</strong></span> <span class='ocrx_word' id='word_1_22' title='bbox 404 420 484 483; x_wconf 88' lang='lat' dir='ltr'><strong>oriri</strong></span> <span class='ocrx_word' id='word_1_23' title='bbox 530 431 613 487; x_wconf 92' lang='lat' dir='ltr'><strong>otest</strong></span> <span class='ocrx_word' id='word_1_24' title='bbox 635 422 668 486; x_wconf 91' lang='lat'><strong>1⁰</strong></span> <span class='ocrx_word' id='word_1_25' title='bbox 690 444 708 486; x_wconf 90' lang='lat' dir='ltr'><strong>a</strong></span> <span class='ocrx_word' id='word_1_26' title='bbox 730 426 910 508; x_wconf 88' lang='lat' dir='ltr'><strong>scripturae</strong></span> <span class='ocrx_word' id='word_1_27' title='bbox 933 423 1072 500; x_wconf 88' lang='lat' dir='ltr'><strong>ratione,</strong></span> <span class='ocrx_word' id='word_1_28' title='bbox 1095 439 1176 510; x_wconf 87' lang='lat' dir='ltr'><strong>puta</strong></span> 
     </span>
    </p>
   </div>
   <div class='ocr_carea' id='block_1_3' title="bbox 101 441 1171 591">
    <p class='ocr_par' dir='ltr' id='par_1_3' title="bbox 101 441 1171 591">
     <span class='ocr_line' id='line_1_5' title="bbox 101 441 1171 591; baseline 0.007 -27"><span class='ocrx_word' id='word_1_29' title='bbox 101 502 129 565; x_wconf 92' lang='lat' dir='ltr'><strong>si</strong></span> <span class='ocrx_word' id='word_1_30' title='bbox 151 501 276 567; x_wconf 74' lang='lat' dir='ltr'><strong>litterae</strong></span> <span class='ocrx_word' id='word_1_31' title='bbox 299 501 332 564; x_wconf 93' lang='lat' dir='ltr'><strong>in</strong></span> <span class='ocrx_word' id='word_1_32' title='bbox 354 521 391 564; x_wconf 90' lang='lat' dir='ltr'><strong>ea</strong></span> <span class='ocrx_word' id='word_1_33' title='bbox 413 503 478 566; x_wconf 94' lang='lat' dir='ltr'><strong>sint</strong></span> <span class='ocrx_word' id='word_1_34' title='bbox 502 441 685 579; x_wconf 69' lang='lat' dir='ltr'><strong>lelorrnes,</strong></span> <span class='ocrx_word' id='word_1_35' title='bbox 717 505 849 569; x_wconf 88' lang='lat' dir='ltr'><strong>vitiosae</strong></span> <span class='ocrx_word' id='word_1_36' title='bbox 880 506 1171 591; x_wconf 89' lang='lat' dir='ltr'><strong>interpunctiooes,</strong></span> 
     </span>
    </p>
   </div>
   <div class='ocr_carea' id='block_1_4' title="bbox 95 583 1177 2468">
    <p class='ocr_par' dir='ltr' id='par_1_4' title="bbox 99 583 1177 977">
     <span class='ocr_line' id='line_1_6' title="bbox 101 583 1171 671; baseline 0.005 -24"><span class='ocrx_word' id='word_1_37' title='bbox 101 583 361 649; x_wconf 82' lang='lat' dir='ltr'><strong>abbreviationes</strong></span> <span class='ocrx_word' id='word_1_38' title='bbox 382 583 480 667; x_wconf 79' lang='lat' dir='ltr'><strong>vulgo</strong></span> <span class='ocrx_word' id='word_1_39' title='bbox 504 585 612 648; x_wconf 89' lang='lat' dir='ltr'><strong>miuus</strong></span> <span class='ocrx_word' id='word_1_40' title='bbox 634 595 751 662; x_wconf 89' lang='lat' dir='ltr'><strong>nolae,</strong></span> <span class='ocrx_word' id='word_1_41' title='bbox 775 585 954 671; x_wconf 84' lang='lat' dir='ltr'><strong>mendaque</strong></span> <span class='ocrx_word' id='word_1_42' title='bbox 977 586 1171 665; x_wconf 87' lang='lat' dir='ltr'><strong>scribarum,</strong></span> 
     </span>
     <span class='ocr_line' id='line_1_7' title="bbox 101 663 1173 754; baseline 0.004 -24"><span class='ocrx_word' id='word_1_43' title='bbox 101 677 159 732; x_wconf 94' lang='lat' dir='ltr'><strong>aut</strong></span> <span class='ocrx_word' id='word_1_44' title='bbox 180 677 257 751; x_wconf 77' lang='lat' dir='ltr'><strong>typo</strong></span> <span class='ocrx_word' id='word_1_45' title='bbox 281 663 479 750; x_wconf 71' lang='lat' dir='ltr'><strong>sephorum,</strong></span> <span class='ocrx_word' id='word_1_46' title='bbox 502 664 537 728; x_wconf 79' lang='lat'><strong>2⁰</strong></span> <span class='ocrx_word' id='word_1_47' title='bbox 559 665 599 729; x_wconf 91' lang='lat' dir='ltr'><strong>ab</strong></span> <span class='ocrx_word' id='word_1_48' title='bbox 625 688 686 732; x_wconf 90' lang='lat' dir='ltr'><strong>usu</strong></span> <span class='ocrx_word' id='word_1_49' title='bbox 709 665 905 742; x_wconf 78' lang='lat' dir='ltr'><strong>verborum,</strong></span> <span class='ocrx_word' id='word_1_50' title='bbox 928 689 1045 754; x_wconf 85' lang='lat' dir='ltr'><strong>nempe</strong></span> <span class='ocrx_word' id='word_1_51' title='bbox 1072 671 1098 732; x_wconf 89' lang='lat' dir='ltr'><strong>si</strong></span> <span class='ocrx_word' id='word_1_52' title='bbox 1131 693 1173 735; x_wconf 90' lang='lat' dir='ltr'><strong>ea</strong></span> 
     </span>
     <span class='ocr_line' id='line_1_8' title="bbox 99 686 1168 835; baseline 0.003 -23"><span class='ocrx_word' id='word_1_53' title='bbox 99 751 165 813; x_wconf 89' lang='lat' dir='ltr'><strong>sint</strong></span> <span class='ocrx_word' id='word_1_54' title='bbox 186 686 354 820; x_wconf 78' lang='lat' dir='ltr'><strong>obsoleta,</strong></span> <span class='ocrx_word' id='word_1_55' title='bbox 376 767 481 822; x_wconf 86' lang='lat' dir='ltr'><strong>nova,</strong></span> <span class='ocrx_word' id='word_1_56' title='bbox 507 748 695 832; x_wconf 78' lang='lat' dir='ltr'><strong>peregrina,</strong></span> <span class='ocrx_word' id='word_1_57' title='bbox 719 750 915 832; x_wconf 85' lang='lat' dir='ltr'><strong>aequivoca,</strong></span> <span class='ocrx_word' id='word_1_58' title='bbox 936 759 969 814; x_wconf 92' lang='lat' dir='ltr'><strong>et</strong></span> <span class='ocrx_word' id='word_1_59' title='bbox 990 750 1168 835; x_wconf 70' lang='lat' dir='ltr'><strong>superbum</strong></span> 
     </span>
     <span class='ocr_line' id='line_1_9' title="bbox 101 828 1177 977; baseline -0.001 -79"><span class='ocrx_word' id='word_1_60' title='bbox 101 829 134 977; x_wconf 49' lang='lat'><strong>3:</strong></span> <span class='ocrx_word' id='word_1_61' title='bbox 158 828 199 893; x_wconf 94' lang='lat' dir='ltr'><strong>ab</strong></span> <span class='ocrx_word' id='word_1_62' title='bbox 219 830 301 913; x_wconf 88' lang='lat' dir='ltr'><strong>ipsis</strong></span> <span class='ocrx_word' id='word_1_63' title='bbox 322 828 500 905; x_wconf 86' lang='lat' dir='ltr'><strong>sententiis,</strong></span> <span class='ocrx_word' id='word_1_64' title='bbox 527 830 572 893; x_wconf 90' lang='lat' dir='ltr'><strong>uti</strong></span> <span class='ocrx_word' id='word_1_65' title='bbox 595 831 622 894; x_wconf 93' lang='lat' dir='ltr'><strong>si</strong></span> <span class='ocrx_word' id='word_1_66' title='bbox 644 831 789 906; x_wconf 81' lang='lat' dir='ltr'><strong>beenon</strong></span> <span class='ocrx_word' id='word_1_67' title='bbox 810 832 889 896; x_wconf 88' lang='lat' dir='ltr'><strong>satis</strong></span> <span class='ocrx_word' id='word_1_68' title='bbox 903 830 944 893; x_wconf 91' lang='lat' dir='ltr'><strong>ab</strong></span> <span class='ocrx_word' id='word_1_69' title='bbox 959 834 1101 897; x_wconf 78' lang='lat' dir='ltr'><strong>Auctore</strong></span> <span class='ocrx_word' id='word_1_70' title='bbox 1116 854 1177 897; x_wconf 82' lang='lat' dir='ltr'><strong>ex·</strong></span> 
     </span>
    </p>

    <p class='ocr_par' dir='ltr' id='par_1_5' title="bbox 100 910 1177 1240">
     <span class='ocr_line' id='line_1_10' title="bbox 139 910 337 977; baseline -0.015 -2"><span class='ocrx_word' id='word_1_71' title='bbox 139 914 240 977; x_wconf 88' lang='lat' dir='ltr'><strong>ieatae</strong></span> <span class='ocrx_word' id='word_1_72' title='bbox 262 910 337 975; x_wconf 90' lang='lat' dir='ltr'><strong>sint.</strong></span> 
     </span>
     <span class='ocr_line' id='line_1_11' title="bbox 101 933 1177 1076; baseline 0.001 -17"><span class='ocrx_word' id='word_1_73' title='bbox 101 933 191 1059; x_wconf 67' lang='lat' dir='ltr'><strong>pbi.</strong></span> <span class='ocrx_word' id='word_1_74' title='bbox 213 993 295 1058; x_wconf 83' lang='lat' dir='ltr'><strong>Cum</strong></span> <span class='ocrx_word' id='word_1_75' title='bbox 318 1011 394 1066; x_wconf 89' lang='lat' dir='ltr'><strong>una,</strong></span> <span class='ocrx_word' id='word_1_76' title='bbox 417 989 468 1054; x_wconf 89' lang='lat' dir='ltr'><strong>vel</strong></span> <span class='ocrx_word' id='word_1_77' title='bbox 492 990 599 1076; x_wconf 88' lang='lat' dir='ltr'><strong>plures</strong></span> <span class='ocrx_word' id='word_1_78' title='bbox 621 1013 663 1056; x_wconf 84' lang='lat' dir='ltr'><strong>ex</strong></span> <span class='ocrx_word' id='word_1_79' title='bbox 685 992 735 1057; x_wconf 91' lang='lat' dir='ltr'><strong>bis</strong></span> <span class='ocrx_word' id='word_1_80' title='bbox 756 991 963 1058; x_wconf 85' lang='lat' dir='ltr'><strong>obscuritatis</strong></span> <span class='ocrx_word' id='word_1_81' title='bbox 989 997 1097 1059; x_wconf 84' lang='lat' dir='ltr'><strong>causis</strong></span> <span class='ocrx_word' id='word_1_82' title='bbox 1118 995 1177 1060; x_wconf 85' lang='lat' dir='ltr'><strong>ad·</strong></span> 
     </span>
     <span class='ocr_line' id='line_1_12' title="bbox 100 1076 1175 1162; baseline 0.002 -21"><span class='ocrx_word' id='word_1_83' title='bbox 100 1085 185 1153; x_wconf 90' lang='lat' dir='ltr'><strong>sunt,</strong></span> <span class='ocrx_word' id='word_1_84' title='bbox 209 1085 245 1138; x_wconf 91' lang='lat' dir='ltr'><strong>ut</strong></span> <span class='ocrx_word' id='word_1_85' title='bbox 268 1093 440 1159; x_wconf 83' lang='lat' dir='ltr'><strong>germanus</strong></span> <span class='ocrx_word' id='word_1_86' title='bbox 461 1093 570 1138; x_wconf 86' lang='lat' dir='ltr'><strong>sensus</strong></span> <span class='ocrx_word' id='word_1_87' title='bbox 591 1076 743 1140; x_wconf 77' lang='lat' dir='ltr'><strong>Auctoris</strong></span> <span class='ocrx_word' id='word_1_88' title='bbox 764 1088 865 1150; x_wconf 82' lang='lat' dir='ltr'><strong>certe,</strong></span> <span class='ocrx_word' id='word_1_89' title='bbox 888 1084 943 1146; x_wconf 83' lang='lat' dir='ltr'><strong>aul</strong></span> <span class='ocrx_word' id='word_1_90' title='bbox 964 1076 1079 1141; x_wconf 89' lang='lat' dir='ltr'><strong>saltem</strong></span> <span class='ocrx_word' id='word_1_91' title='bbox 1096 1097 1175 1162; x_wconf 86' lang='lat' dir='ltr'><strong>pro-</strong></span> 
     </span>
     <span class='ocr_line' id='line_1_13' title="bbox 100 1152 1093 1240; baseline -0.001 -17"><span class='ocrx_word' id='word_1_92' title='bbox 100 1157 257 1223; x_wconf 89' lang='lat' dir='ltr'><strong>babiliter</strong></span> <span class='ocrx_word' id='word_1_93' title='bbox 278 1152 548 1240; x_wconf 84' lang='lat' dir='ltr'><strong>deprehendatur,</strong></span> <span class='ocrx_word' id='word_1_94' title='bbox 573 1155 632 1222; x_wconf 90' lang='lat' dir='ltr'><strong>bae</strong></span> <span class='ocrx_word' id='word_1_95' title='bbox 654 1156 787 1240; x_wconf 80' lang='lat' dir='ltr'><strong>regulae</strong></span> <span class='ocrx_word' id='word_1_96' title='bbox 808 1155 985 1222; x_wconf 82' lang='lat' dir='ltr'><strong>servandae</strong></span> <span class='ocrx_word' id='word_1_97' title='bbox 1007 1168 1093 1223; x_wconf 90' lang='lat' dir='ltr'><strong>sunt:</strong></span> 
     </span>
    </p>

    <p class='ocr_par' dir='ltr' id='par_1_6' title="bbox 99 1235 1173 1388">
     <span class='ocr_line' id='line_1_14' title="bbox 142 1235 1173 1313; baseline 0.001 -9"><span class='ocrx_word' id='word_1_98' title='bbox 142 1237 174 1303; x_wconf 84' lang='lat'><strong>1⁰</strong></span> <span class='ocrx_word' id='word_1_99' title='bbox 197 1235 332 1304; x_wconf 86' lang='lat' dir='ltr'><strong>Codices</strong></span> <span class='ocrx_word' id='word_1_100' title='bbox 356 1255 445 1313; x_wconf 84' lang='lat' dir='ltr'><strong>mss,</strong></span> <span class='ocrx_word' id='word_1_101' title='bbox 469 1248 502 1303; x_wconf 89' lang='lat' dir='ltr'><strong>et</strong></span> <span class='ocrx_word' id='word_1_102' title='bbox 522 1235 623 1302; x_wconf 88' lang='lat' dir='ltr'><strong>libros</strong></span> <span class='ocrx_word' id='word_1_103' title='bbox 651 1238 895 1306; x_wconf 86' lang='lat' dir='ltr'><strong>emendationes</strong></span> <span class='ocrx_word' id='word_1_104' title='bbox 921 1237 1089 1304; x_wconf 88' lang='lat' dir='ltr'><strong>consulere</strong></span> <span class='ocrx_word' id='word_1_105' title='bbox 1115 1260 1173 1305; x_wconf 84' lang='lat' dir='ltr'><strong>oe·</strong></span> 
     </span>
     <span class='ocr_line' id='line_1_15' title="bbox 99 1329 269 1388; baseline -0.029 0"><span class='ocrx_word' id='word_1_106' title='bbox 99 1341 188 1388; x_wconf 89' lang='lat' dir='ltr'><strong>cesse</strong></span> <span class='ocrx_word' id='word_1_107' title='bbox 210 1329 269 1386; x_wconf 83' lang='lat' dir='ltr'><strong>est.</strong></span> 
     </span>
    </p>

    <p class='ocr_par' dir='ltr' id='par_1_7' title="bbox 95 1395 1174 1811">
     <span class='ocr_line' id='line_1_16' title="bbox 140 1395 1169 1488; baseline 0.002 -24"><span class='ocrx_word' id='word_1_108' title='bbox 140 1401 175 1468; x_wconf 76' lang='lat'><strong>2⁰</strong></span> <span class='ocrx_word' id='word_1_109' title='bbox 196 1404 335 1488; x_wconf 86' lang='lat' dir='ltr'><strong>Oportet</strong></span> <span class='ocrx_word' id='word_1_110' title='bbox 356 1396 501 1482; x_wconf 80' lang='lat' dir='ltr'><strong>linguam</strong></span> <span class='ocrx_word' id='word_1_111' title='bbox 523 1397 663 1472; x_wconf 87' lang='lat' dir='ltr'><strong>callere,</strong></span> <span class='ocrx_word' id='word_1_112' title='bbox 687 1401 721 1464; x_wconf 91' lang='lat' dir='ltr'><strong>in</strong></span> <span class='ocrx_word' id='word_1_113' title='bbox 743 1420 808 1485; x_wconf 87' lang='lat' dir='ltr'><strong>qua</strong></span> <span class='ocrx_word' id='word_1_114' title='bbox 833 1395 918 1465; x_wconf 90' lang='lat' dir='ltr'><strong>liber</strong></span> <span class='ocrx_word' id='word_1_115' title='bbox 938 1400 1078 1485; x_wconf 87' lang='lat' dir='ltr'><strong>scriptus</strong></span> <span class='ocrx_word' id='word_1_116' title='bbox 1105 1413 1169 1478; x_wconf 91' lang='lat' dir='ltr'><strong>est,</strong></span> 
     </span>
     <span class='ocr_line' id='line_1_17' title="bbox 100 1479 1173 1570; baseline -0.003 -20"><span class='ocrx_word' id='word_1_117' title='bbox 100 1486 151 1551; x_wconf 86' lang='lat' dir='ltr'><strong>vel</strong></span> <span class='ocrx_word' id='word_1_118' title='bbox 168 1484 217 1550; x_wconf 86' lang='lat' dir='ltr'><strong>uti</strong></span> <span class='ocrx_word' id='word_1_119' title='bbox 235 1479 386 1570; x_wconf 88' lang='lat' dir='ltr'><strong>perlectis</strong></span> <span class='ocrx_word' id='word_1_120' title='bbox 403 1479 617 1556; x_wconf 84' lang='lat' dir='ltr'><strong>versionibus,</strong></span> <span class='ocrx_word' id='word_1_121' title='bbox 634 1501 749 1567; x_wconf 89' lang='lat' dir='ltr'><strong>nempe</strong></span> <span class='ocrx_word' id='word_1_122' title='bbox 764 1481 923 1547; x_wconf 88' lang='lat' dir='ltr'><strong>conlectis</strong></span> <span class='ocrx_word' id='word_1_123' title='bbox 936 1479 978 1544; x_wconf 94' lang='lat' dir='ltr'><strong>ab</strong></span> <span class='ocrx_word' id='word_1_124' title='bbox 993 1482 1173 1568; x_wconf 88' lang='lat' dir='ltr'><strong>interprete</strong></span> 
     </span>
     <span class='ocr_line' id='line_1_18' title="bbox 100 1561 1171 1653; baseline -0.005 -21"><span class='ocrx_word' id='word_1_125' title='bbox 100 1573 260 1653; x_wconf 87' lang='lat' dir='ltr'><strong>spectatae</strong></span> <span class='ocrx_word' id='word_1_126' title='bbox 282 1561 470 1636; x_wconf 89' lang='lat' dir='ltr'><strong>doctrinae,</strong></span> <span class='ocrx_word' id='word_1_127' title='bbox 493 1573 526 1627; x_wconf 93' lang='lat' dir='ltr'><strong>et</strong></span> <span class='ocrx_word' id='word_1_128' title='bbox 546 1561 741 1647; x_wconf 87' lang='lat' dir='ltr'><strong>probitatis,</strong></span> <span class='ocrx_word' id='word_1_129' title='bbox 769 1565 850 1630; x_wconf 89' lang='lat' dir='ltr'><strong>adeo</strong></span> <span class='ocrx_word' id='word_1_130' title='bbox 876 1573 914 1628; x_wconf 88' lang='lat' dir='ltr'><strong>ut</strong></span> <span class='ocrx_word' id='word_1_131' title='bbox 942 1573 1066 1629; x_wconf 86' lang='lat' dir='ltr'><strong>constet</strong></span> <span class='ocrx_word' id='word_1_132' title='bbox 1091 1585 1171 1628; x_wconf 89' lang='lat' dir='ltr'><strong>eum</strong></span> 
     </span>
     <span class='ocr_line' id='line_1_19' title="bbox 100 1643 1174 1734; baseline -0.004 -20"><span class='ocrx_word' id='word_1_133' title='bbox 100 1669 205 1734; x_wconf 89' lang='lat' dir='ltr'><strong>neque</strong></span> <span class='ocrx_word' id='word_1_134' title='bbox 228 1643 346 1710; x_wconf 84' lang='lat' dir='ltr'><strong>falsum</strong></span> <span class='ocrx_word' id='word_1_135' title='bbox 369 1645 491 1708; x_wconf 90' lang='lat' dir='ltr'><strong>esseio</strong></span> <span class='ocrx_word' id='word_1_136' title='bbox 514 1645 792 1730; x_wconf 84' lang='lat' dir='ltr'><strong>interpretatione,</strong></span> <span class='ocrx_word' id='word_1_137' title='bbox 816 1663 922 1732; x_wconf 88' lang='lat' dir='ltr'><strong>neque</strong></span> <span class='ocrx_word' id='word_1_138' title='bbox 943 1645 988 1709; x_wconf 85' lang='lat' dir='ltr'><strong>ita</strong></span> <span class='ocrx_word' id='word_1_139' title='bbox 1011 1646 1174 1731; x_wconf 85' lang='lat' dir='ltr'><strong>iuterpre-</strong></span> 
     </span>
     <span class='ocr_line' id='line_1_20' title="bbox 95 1723 692 1811; baseline -0.017 -12"><span class='ocrx_word' id='word_1_140' title='bbox 95 1741 202 1802; x_wconf 81' lang='lat' dir='ltr'><strong>¹latum</strong></span> <span class='ocrx_word' id='word_1_141' title='bbox 224 1747 305 1804; x_wconf 87' lang='lat' dir='ltr'><strong>esse,</strong></span> <span class='ocrx_word' id='word_1_142' title='bbox 329 1735 366 1792; x_wconf 88' lang='lat' dir='ltr'><strong>ut</strong></span> <span class='ocrx_word' id='word_1_143' title='bbox 387 1725 468 1791; x_wconf 91' lang='lat' dir='ltr'><strong>alios</strong></span> <span class='ocrx_word' id='word_1_144' title='bbox 489 1723 692 1811; x_wconf 83' lang='lat' dir='ltr'><strong>deciperet¹.</strong></span> 
     </span>
    </p>

    <p class='ocr_par' dir='ltr' id='par_1_8' title="bbox 97 1805 1172 2468">
     <span class='ocr_line' id='line_1_21' title="bbox 139 1805 1170 1905; baseline -0.002 -31"><span class='ocrx_word' id='word_1_145' title='bbox 139 1810 174 1881; x_wconf 82' lang='lat'><strong>3⁰</strong></span> <span class='ocrx_word' id='word_1_146' title='bbox 196 1808 303 1876; x_wconf 78' lang='lat' dir='ltr'><strong>Verba</strong></span> <span class='ocrx_word' id='word_1_147' title='bbox 317 1805 483 1892; x_wconf 79' lang='lat' dir='ltr'><strong>ambigua,</strong></span> <span class='ocrx_word' id='word_1_148' title='bbox 499 1806 549 1872; x_wconf 84' lang='lat' dir='ltr'><strong>vel</strong></span> <span class='ocrx_word' id='word_1_149' title='bbox 565 1807 673 1872; x_wconf 90' lang='lat' dir='ltr'><strong>miuus</strong></span> <span class='ocrx_word' id='word_1_150' title='bbox 687 1809 821 1905; x_wconf 88' lang='lat' dir='ltr'><strong>propria</strong></span> <span class='ocrx_word' id='word_1_151' title='bbox 836 1805 1076 1894; x_wconf 86' lang='lat' dir='ltr'><strong>interpretanda</strong></span> <span class='ocrx_word' id='word_1_152' title='bbox 1090 1819 1170 1875; x_wconf 89' lang='lat' dir='ltr'><strong>suot</strong></span> 
     </span>
     <span class='ocr_line' id='line_1_22' title="bbox 99 1889 1172 2008; baseline -0.006 -48"><span class='ocrx_word' id='word_1_153' title='bbox 99 1917 140 1992; x_wconf 79' lang='lat' dir='ltr'><strong>ex</strong></span> <span class='ocrx_word' id='word_1_154' title='bbox 164 1905 321 1978; x_wconf 88' lang='lat' dir='ltr'><strong>tempore,</strong></span> <span class='ocrx_word' id='word_1_155' title='bbox 346 1889 379 1953; x_wconf 94' lang='lat' dir='ltr'><strong>iu</strong></span> <span class='ocrx_word' id='word_1_156' title='bbox 400 1909 465 1974; x_wconf 89' lang='lat' dir='ltr'><strong>quo</strong></span> <span class='ocrx_word' id='word_1_157' title='bbox 486 1893 610 1956; x_wconf 81' lang='lat' dir='ltr'><strong>ductor</strong></span> <span class='ocrx_word' id='word_1_158' title='bbox 632 1891 727 2008; x_wconf 64' lang='lat' dir='ltr'><strong>cipit,</strong></span> <span class='ocrx_word' id='word_1_159' title='bbox 748 1900 845 1975; x_wconf 88' lang='lat' dir='ltr'><strong>atque</strong></span> <span class='ocrx_word' id='word_1_160' title='bbox 866 1911 909 1955; x_wconf 85' lang='lat' dir='ltr'><strong>ex</strong></span> <span class='ocrx_word' id='word_1_161' title='bbox 929 1889 1070 1976; x_wconf 89' lang='lat' dir='ltr'><strong>placitis,</strong></span> <span class='ocrx_word' id='word_1_162' title='bbox 1085 1909 1172 1974; x_wconf 87' lang='lat' dir='ltr'><strong>quae</strong></span> 
     </span>
     <span class='ocr_line' id='line_1_23' title="bbox 100 1971 1172 2151; baseline -0.001 -34"><span class='ocrx_word' id='word_1_163' title='bbox 100 1971 754 2151; x_wconf 47' lang='lat' dir='ltr'><strong>¹psllngeanlllellliblslnbbbbberacsonictirlploris</strong></span> <span class='ocrx_word' id='word_1_164' title='bbox 781 2053 947 2138; x_wconf 80' lang='lat' dir='ltr'><strong>explicare</strong></span> <span class='ocrx_word' id='word_1_165' title='bbox 975 2061 1103 2137; x_wconf 90' lang='lat' dir='ltr'><strong>oportet</strong></span> <span class='ocrx_word' id='word_1_166' title='bbox 1125 2073 1172 2116; x_wconf 83' lang='lat' dir='ltr'><strong>cx</strong></span> 
     </span>
     <span class='ocr_line' id='line_1_24' title="bbox 98 2132 1170 2222; baseline -0.006 -18"><span class='ocrx_word' id='word_1_167' title='bbox 98 2137 178 2215; x_wconf 90' lang='lat' dir='ltr'><strong>line,</strong></span> <span class='ocrx_word' id='word_1_168' title='bbox 201 2157 298 2221; x_wconf 88' lang='lat' dir='ltr'><strong>quern</strong></span> <span class='ocrx_word' id='word_1_169' title='bbox 322 2137 391 2219; x_wconf 90' lang='lat' dir='ltr'><strong>ipse</strong></span> <span class='ocrx_word' id='word_1_170' title='bbox 414 2135 476 2200; x_wconf 90' lang='lat' dir='ltr'><strong>sibi</strong></span> <span class='ocrx_word' id='word_1_171' title='bbox 500 2145 689 2222; x_wconf 75' lang='lat' dir='ltr'><strong>proposuit,</strong></span> <span class='ocrx_word' id='word_1_172' title='bbox 711 2155 753 2198; x_wconf 84' lang='lat' dir='ltr'><strong>ex</strong></span> <span class='ocrx_word' id='word_1_173' title='bbox 776 2135 835 2213; x_wconf 92' lang='lat' dir='ltr'><strong>iis,</strong></span> <span class='ocrx_word' id='word_1_174' title='bbox 857 2154 942 2219; x_wconf 88' lang='lat' dir='ltr'><strong>quae</strong></span> <span class='ocrx_word' id='word_1_175' title='bbox 964 2132 1170 2210; x_wconf 86' lang='lat' dir='ltr'><strong>antecedunt,</strong></span> 
     </span>
     <span class='ocr_line' id='line_1_25' title="bbox 99 2214 1169 2303; baseline -0.006 -19"><span class='ocrx_word' id='word_1_176' title='bbox 99 2230 132 2287; x_wconf 92' lang='lat' dir='ltr'><strong>et</strong></span> <span class='ocrx_word' id='word_1_177' title='bbox 146 2239 241 2286; x_wconf 90' lang='lat' dir='ltr'><strong>conse</strong></span> <span class='ocrx_word' id='word_1_178' title='bbox 265 2225 401 2294; x_wconf 88' lang='lat' dir='ltr'><strong>uuntur,</strong></span> <span class='ocrx_word' id='word_1_179' title='bbox 416 2238 457 2281; x_wconf 87' lang='lat' dir='ltr'><strong>ex</strong></span> <span class='ocrx_word' id='word_1_180' title='bbox 472 2218 558 2282; x_wconf 83' lang='lat' dir='ltr'><strong>vitae</strong></span> <span class='ocrx_word' id='word_1_181' title='bbox 575 2218 680 2303; x_wconf 89' lang='lat' dir='ltr'><strong>ipsius</strong></span> <span class='ocrx_word' id='word_1_182' title='bbox 693 2215 892 2292; x_wconf 88' lang='lat' dir='ltr'><strong>conditione,</strong></span> <span class='ocrx_word' id='word_1_183' title='bbox 908 2227 941 2280; x_wconf 89' lang='lat' dir='ltr'><strong>et</strong></span> <span class='ocrx_word' id='word_1_184' title='bbox 953 2214 1169 2302; x_wconf 77' lang='lat' dir='ltr'><strong>professione,</strong></span> 
     </span>
     <span class='ocr_line' id='line_1_26' title="bbox 99 2238 1172 2384; baseline -0.005 -18"><span class='ocrx_word' id='word_1_185' title='bbox 99 2311 132 2368; x_wconf 90' lang='lat' dir='ltr'><strong>et</strong></span> <span class='ocrx_word' id='word_1_186' title='bbox 154 2323 194 2366; x_wconf 84' lang='lat' dir='ltr'><strong>ex</strong></span> <span class='ocrx_word' id='word_1_187' title='bbox 216 2238 387 2365; x_wconf 75' lang='lat' dir='ltr'><strong>cbllatione</strong></span> <span class='ocrx_word' id='word_1_188' title='bbox 410 2297 581 2376; x_wconf 90' lang='lat' dir='ltr'><strong>locorum,</strong></span> <span class='ocrx_word' id='word_1_189' title='bbox 604 2299 778 2384; x_wconf 91' lang='lat' dir='ltr'><strong>inquibus</strong></span> <span class='ocrx_word' id='word_1_190' title='bbox 799 2303 922 2364; x_wconf 77' lang='lat' dir='ltr'><strong>auctor</strong></span> <span class='ocrx_word' id='word_1_191' title='bbox 941 2293 1090 2362; x_wconf 89' lang='lat' dir='ltr'><strong>eamdem</strong></span> <span class='ocrx_word' id='word_1_192' title='bbox 1110 2295 1172 2361; x_wconf 90' lang='lat' dir='ltr'><strong>do-</strong></span> 
     </span>
     <span class='ocr_line' id='line_1_27' title="bbox 97 2381 420 2468; baseline -0.006 -22"><span class='ocrx_word' id='word_1_193' title='bbox 97 2384 236 2450; x_wconf 90' lang='lat' dir='ltr'><strong>ctrinam</strong></span> <span class='ocrx_word' id='word_1_194' title='bbox 257 2381 420 2468; x_wconf 83' lang='lat' dir='ltr'><strong>exposuit.</strong></span> 
     </span>
    </p>
   </div>
   <div class='ocr_carea' id='block_1_5' title="bbox 483 2965 806 2989">
    <p class='ocr_par' dir='ltr' id='par_1_9' title="bbox 483 2965 806 2989">
     <span class='ocr_line' id='line_1_28' title="bbox 483 2965 806 2989; baseline 0.003 -3"><span class='ocrx_word' id='word_1_195' title='bbox 483 2965 806 2989; x_wconf 57' lang='lat' dir='ltr'><em>Q</em></span> 
     </span>
    </p>
   </div>
   <div class='ocr_carea' id='block_1_6' title="bbox 75 3047 1168 3690">
    <p class='ocr_par' dir='ltr' id='par_1_10' title="bbox 75 3047 1168 3690">
     <span class='ocr_line' id='line_1_29' title="bbox 97 3047 1167 3116; baseline 0.002 -14"><span class='ocrx_word' id='word_1_196' title='bbox 97 3047 282 3108; x_wconf 71' lang='lat' dir='ltr'><strong>versabantur,</strong></span> <span class='ocrx_word' id='word_1_197' title='bbox 302 3050 400 3114; x_wconf 87' lang='lat' dir='ltr'><strong>qnippe</strong></span> <span class='ocrx_word' id='word_1_198' title='bbox 425 3057 494 3114; x_wconf 87' lang='lat' dir='ltr'><strong>quae</strong></span> <span class='ocrx_word' id='word_1_199' title='bbox 513 3063 599 3114; x_wconf 87' lang='lat' dir='ltr'><strong>usque</strong></span> <span class='ocrx_word' id='word_1_200' title='bbox 619 3052 646 3100; x_wconf 86' lang='lat' dir='ltr'><strong>io</strong></span> <span class='ocrx_word' id='word_1_201' title='bbox 663 3051 802 3114; x_wconf 80' lang='lat' dir='ltr'><strong>pluribus,</strong></span> <span class='ocrx_word' id='word_1_202' title='bbox 829 3064 915 3116; x_wconf 82' lang='lat' dir='ltr'><strong>oeque</strong></span> <span class='ocrx_word' id='word_1_203' title='bbox 934 3053 960 3103; x_wconf 90' lang='lat' dir='ltr'><strong>iu</strong></span> <span class='ocrx_word' id='word_1_204' title='bbox 980 3053 1167 3116; x_wconf 64' lang='lat' dir='ltr'><strong>cuiquioriiass</strong></span> 
     </span>
     <span class='ocr_line' id='line_1_30' title="bbox 97 3122 534 3187; baseline -0.005 -13"><span class='ocrx_word' id='word_1_205' title='bbox 97 3123 288 3187; x_wconf 66' lang='lat' dir='ltr'><strong>exemplaribus</strong></span> <span class='ocrx_word' id='word_1_206' title='bbox 307 3122 534 3172; x_wconf 81' lang='lat' dir='ltr'><strong>desiderabantur.</strong></span> 
     </span>
     <span class='ocr_line' id='line_1_31' title="bbox 134 3187 1166 3259; baseline 0.002 -14"><span class='ocrx_word' id='word_1_207' title='bbox 134 3192 146 3232; x_wconf 89' lang='lat'>¹</span> <span class='ocrx_word' id='word_1_208' title='bbox 165 3193 192 3246; x_wconf 92' lang='lat' dir='ltr'><strong>ld</strong></span> <span class='ocrx_word' id='word_1_209' title='bbox 212 3207 294 3258; x_wconf 74' lang='lat' dir='ltr'><strong>genus</strong></span> <span class='ocrx_word' id='word_1_210' title='bbox 312 3207 369 3245; x_wconf 82' lang='lat' dir='ltr'><strong>asse</strong></span> <span class='ocrx_word' id='word_1_211' title='bbox 388 3196 522 3246; x_wconf 78' lang='lat' dir='ltr'><strong>versiones</strong></span> <span class='ocrx_word' id='word_1_212' title='bbox 541 3205 680 3244; x_wconf 87' lang='lat' dir='ltr'><strong>sacrorum</strong></span> <span class='ocrx_word' id='word_1_213' title='bbox 699 3187 851 3255; x_wconf 77' lang='lat' dir='ltr'><strong>librorum,</strong></span> <span class='ocrx_word' id='word_1_214' title='bbox 870 3195 967 3259; x_wconf 84' lang='lat' dir='ltr'><strong>quibua</strong></span> <span class='ocrx_word' id='word_1_215' title='bbox 979 3191 1100 3246; x_wconf 83' lang='lat' dir='ltr'><strong>Ecclesia</strong></span> <span class='ocrx_word' id='word_1_216' title='bbox 1113 3190 1166 3247; x_wconf 86' lang='lat' dir='ltr'><strong>Ca·</strong></span> 
     </span>
     <span class='ocr_line' id='line_1_32' title="bbox 95 3263 1167 3332; baseline 0 -15"><span class='ocrx_word' id='word_1_217' title='bbox 95 3267 194 3318; x_wconf 88' lang='lat' dir='ltr'><strong>tboltca</strong></span> <span class='ocrx_word' id='word_1_218' title='bbox 217 3269 312 3325; x_wconf 88' lang='lat' dir='ltr'><strong>utitur,</strong></span> <span class='ocrx_word' id='word_1_219' title='bbox 332 3272 406 3316; x_wconf 86' lang='lat' dir='ltr'><strong>certo</strong></span> <span class='ocrx_word' id='word_1_220' title='bbox 425 3268 524 3316; x_wconf 87' lang='lat' dir='ltr'><strong>certius</strong></span> <span class='ocrx_word' id='word_1_221' title='bbox 543 3271 584 3315; x_wconf 90' lang='lat' dir='ltr'><strong>est</strong></span> <span class='ocrx_word' id='word_1_222' title='bbox 602 3278 654 3316; x_wconf 89' lang='lat' dir='ltr'><strong>nou</strong></span> <span class='ocrx_word' id='word_1_223' title='bbox 672 3267 759 3315; x_wconf 88' lang='lat' dir='ltr'><strong>solum</strong></span> <span class='ocrx_word' id='word_1_224' title='bbox 779 3280 811 3317; x_wconf 80' lang='lat' dir='ltr'><strong>ex</strong></span> <span class='ocrx_word' id='word_1_225' title='bbox 830 3281 873 3326; x_wconf 90' lang='lat' dir='ltr'><strong>eo,</strong></span> <span class='ocrx_word' id='word_1_226' title='bbox 893 3268 963 3332; x_wconf 81' lang='lat' dir='ltr'><strong>quod</strong></span> <span class='ocrx_word' id='word_1_227' title='bbox 977 3264 1099 3318; x_wconf 82' lang='lat' dir='ltr'><strong>Ecclesia</strong></span> <span class='ocrx_word' id='word_1_228' title='bbox 1113 3263 1167 3319; x_wconf 89' lang='lat' dir='ltr'><strong>Ca-</strong></span> 
     </span>
     <span class='ocr_line' id='line_1_33' title="bbox 96 3335 1166 3404; baseline 0.002 -14"><span class='ocrx_word' id='word_1_229' title='bbox 96 3339 196 3390; x_wconf 87' lang='lat' dir='ltr'><strong>tboliea</strong></span> <span class='ocrx_word' id='word_1_230' title='bbox 217 3339 275 3388; x_wconf 87' lang='lat' dir='ltr'><strong>illas</strong></span> <span class='ocrx_word' id='word_1_231' title='bbox 295 3339 425 3401; x_wconf 82' lang='lat' dir='ltr'><strong>probarit,</strong></span> <span class='ocrx_word' id='word_1_232' title='bbox 446 3341 591 3388; x_wconf 86' lang='lat' dir='ltr'><strong>sedetiam</strong></span> <span class='ocrx_word' id='word_1_233' title='bbox 611 3351 643 3387; x_wconf 84' lang='lat' dir='ltr'><strong>er</strong></span> <span class='ocrx_word' id='word_1_234' title='bbox 662 3351 705 3395; x_wconf 93' lang='lat' dir='ltr'><strong>eo,</strong></span> <span class='ocrx_word' id='word_1_235' title='bbox 725 3339 807 3401; x_wconf 82' lang='lat' dir='ltr'><strong>quod,</strong></span> <span class='ocrx_word' id='word_1_236' title='bbox 823 3345 852 3388; x_wconf 88' lang='lat' dir='ltr'><strong>ut</strong></span> <span class='ocrx_word' id='word_1_237' title='bbox 865 3335 991 3404; x_wconf 70' lang='lat' dir='ltr'><strong>Tbeologl</strong></span> <span class='ocrx_word' id='word_1_238' title='bbox 1009 3341 1166 3401; x_wconf 85' lang='lat' dir='ltr'><strong>ostendunt,</strong></span> 
     </span>
     <span class='ocr_line' id='line_1_34' title="bbox 95 3409 891 3473; baseline 0 -12"><span class='ocrx_word' id='word_1_239' title='bbox 95 3425 111 3461; x_wconf 92' lang='lat' dir='ltr'><strong>a</strong></span> <span class='ocrx_word' id='word_1_240' title='bbox 134 3411 302 3469; x_wconf 83' lang='lat' dir='ltr'><strong>doctissimis,</strong></span> <span class='ocrx_word' id='word_1_241' title='bbox 322 3416 350 3461; x_wconf 92' lang='lat' dir='ltr'><strong>et</strong></span> <span class='ocrx_word' id='word_1_242' title='bbox 369 3409 560 3473; x_wconf 86' lang='lat' dir='ltr'><strong>probatissimis</strong></span> <span class='ocrx_word' id='word_1_243' title='bbox 580 3410 642 3460; x_wconf 81' lang='lat' dir='ltr'><strong>siris</strong></span> <span class='ocrx_word' id='word_1_244' title='bbox 660 3409 799 3461; x_wconf 85' lang='lat' dir='ltr'><strong>conlectae</strong></span> <span class='ocrx_word' id='word_1_245' title='bbox 819 3418 891 3463; x_wconf 90' lang='lat' dir='ltr'><strong>suut.</strong></span> 
     </span>
     <span class='ocr_line' id='line_1_35' title="bbox 133 3477 1168 3553; baseline 0.003 -21"><span class='ocrx_word' id='word_1_246' title='bbox 133 3482 144 3520; x_wconf 85' lang='lat'>²</span> <span class='ocrx_word' id='word_1_247' title='bbox 162 3479 219 3532; x_wconf 88' lang='lat' dir='ltr'><strong>llac</strong></span> <span class='ocrx_word' id='word_1_248' title='bbox 238 3481 329 3546; x_wconf 72' lang='lat' dir='ltr'><strong>regula</strong></span> <span class='ocrx_word' id='word_1_249' title='bbox 348 3496 370 3532; x_wconf 91' lang='lat' dir='ltr'><strong>s.</strong></span> <span class='ocrx_word' id='word_1_250' title='bbox 391 3481 555 3547; x_wconf 69' lang='lat' dir='ltr'><strong>Augustinus</strong></span> <span class='ocrx_word' id='word_1_251' title='bbox 581 3477 633 3550; x_wconf 78' lang='lat' dir='ltr'><strong>(lla</strong></span> <span class='ocrx_word' id='word_1_252' title='bbox 652 3497 713 3534; x_wconf 83' lang='lat' dir='ltr'><strong>earo</strong></span> <span class='ocrx_word' id='word_1_253' title='bbox 733 3484 826 3548; x_wconf 61' lang='lat' dir='ltr'><strong>netto,</strong></span> <span class='ocrx_word' id='word_1_254' title='bbox 846 3499 873 3536; x_wconf 94' lang='lat' dir='ltr'><strong>c.</strong></span> <span class='ocrx_word' id='word_1_255' title='bbox 896 3485 939 3544; x_wconf 85' lang='lat'><strong>10,</strong></span> <span class='ocrx_word' id='word_1_256' title='bbox 959 3488 987 3534; x_wconf 89' lang='lat' dir='ltr'><strong>et</strong></span> <span class='ocrx_word' id='word_1_257' title='bbox 1011 3480 1088 3553; x_wconf 87' lang='lat' dir='ltr'><strong>alibi)</strong></span> <span class='ocrx_word' id='word_1_258' title='bbox 1107 3497 1168 3535; x_wconf 88' lang='lat' dir='ltr'><strong>mo-</strong></span> 
     </span>
     <span class='ocr_line' id='line_1_36' title="bbox 95 3552 1165 3619; baseline 0.002 -14"><span class='ocrx_word' id='word_1_259' title='bbox 95 3555 155 3606; x_wconf 88' lang='lat' dir='ltr'><strong>nuit</strong></span> <span class='ocrx_word' id='word_1_260' title='bbox 174 3554 343 3614; x_wconf 79' lang='lat' dir='ltr'><strong>explicandas</strong></span> <span class='ocrx_word' id='word_1_261' title='bbox 362 3567 419 3605; x_wconf 89' lang='lat' dir='ltr'><strong>esse</strong></span> <span class='ocrx_word' id='word_1_262' title='bbox 438 3555 567 3618; x_wconf 84' lang='lat' dir='ltr'><strong>quasdam</strong></span> <span class='ocrx_word' id='word_1_263' title='bbox 587 3558 706 3605; x_wconf 84' lang='lat' dir='ltr'><strong>velerum</strong></span> <span class='ocrx_word' id='word_1_264' title='bbox 727 3552 894 3619; x_wconf 86' lang='lat' dir='ltr'><strong>Scriptorum</strong></span> <span class='ocrx_word' id='word_1_265' title='bbox 915 3557 1072 3613; x_wconf 82' lang='lat' dir='ltr'><strong>locutiones,</strong></span> <span class='ocrx_word' id='word_1_266' title='bbox 1094 3570 1165 3619; x_wconf 89' lang='lat' dir='ltr'><strong>qnae</strong></span> 
     </span>
     <span class='ocr_line' id='line_1_37' title="bbox 75 3625 768 3690; baseline 0 -14"><span class='ocrx_word' id='word_1_267' title='bbox 75 3625 249 3680; x_wconf 77' lang='lat' dir='ltr'><strong>‚haeresibus</strong></span> <span class='ocrx_word' id='word_1_268' title='bbox 269 3629 328 3690; x_wconf 88' lang='lat' dir='ltr'><strong>post</strong></span> <span class='ocrx_word' id='word_1_269' title='bbox 345 3639 391 3677; x_wconf 89' lang='lat' dir='ltr'><strong>eos</strong></span> <span class='ocrx_word' id='word_1_270' title='bbox 409 3629 507 3678; x_wconf 81' lang='lat' dir='ltr'><strong>exortis</strong></span> <span class='ocrx_word' id='word_1_271' title='bbox 527 3627 615 3679; x_wconf 84' lang='lat' dir='ltr'><strong>lasere</strong></span> <span class='ocrx_word' id='word_1_272' title='bbox 633 3626 768 3678; x_wconf 85' lang='lat' dir='ltr'><strong>videntur.</strong></span> 
     </span>
    </p>
   </div>
   <div class='ocr_carea' id='block_1_7' title="bbox 0 0 1242 3909">
    <p class='ocr_par' dir='ltr' id='par_1_11' title="bbox 0 0 1242 3909">
     <span class='ocr_line' id='line_1_38' title="bbox 0 0 1242 3909; baseline 0 1"><span class='ocrx_word' id='word_1_273' title='bbox 0 0 1242 3909; x_wconf 95' lang='lat' dir='ltr'><strong> </strong></span> 
     </span>
    </p>
   </div>
  </div>
 </body>
</html>
