2475 3909
158 172 220 237 290
526 188 800 239 snrunoeosoom

120 274 257 339 undeet
279 272 467 358 aliqualiter
487 294 591 359 poene
611 273 738 340 infinite
760 274 791 337 ei
813 270 959 337 debetur.
983 271 1057 337 Non
1082 282 1193 339 eutem

121 367 315 453 potestesse
339 376 442 439 poene
466 357 590 423 iniinita
614 356 800 431 intensive,
826 356 904 439 quia
934 355 1014 420 nihii
1045 369 1195 423 ereetum

120 438 284 503 miinitnm
304 458 375 502 esse
391 449 506 524 potest.
525 439 612 507 Unde
628 438 838 521 relinquitur,
852 437 939 522 quod
956 449 1092 522 peceato
1108 458 1195 501 mor-

119 520 175 586 teii
198 519 356 585 debentur
378 540 478 605 poene
501 519 628 585 iniinite
649 520 820 584 duratione
840 519 896 582 ¹».

274 654 343 707 Aur.
364 652 623 707 tv.-iteruontur
642 662 798 720 argumenta
818 660 909 706 contre
930 658 1036 705 animae

543 732 772 779 immorteirtaiem

160 834 234 901 223.
257 834 552 903 Obiic.1⁰Forme
573 858 638 901 uon
660 835 758 903 hebet
778 858 850 911 esse,
867 838 928 902 nisi
952 839 985 900 in
1008 859 1061 913 eo,
1080 838 1195 925 inquo

119 928 178 981 est.
204 919 305 1002 Atqui
331 919 438 983 enimn
461 920 600 983 humens
623 929 672 986 est
700 918 805 983 iorme
826 919 984 1004 corporis.
1009 921 1100 1005 Ergo
1131 944 1194 987 non

120 1009 329 1083 potestesse,
354 1000 415 1064 nisi
439 1001 474 1064 in
495 1021 648 1089 corpore,
669 1022 707 1065 ec
729 1000 868 1086 proinde
890 1003 997 1085 perit,
1022 1016 1195 1090 perempto

120 1101 177 1144 eor
201 1102 267 1145 ore.

225 1210 232 1225 .
256 1161 355 1247 Resp.
378 1161 465 1227 not.
488 1165 582 1241 moi,
604 1166 632 1228 si
656 1165 699 1229 sit
722 1161 843 1241 iormn,
859 1184 943 1249 quse
965 1163 1132 1248 dependet
1151 1166 1193 1231 ab

120 1263 171 1318 eo,
194 1246 227 1309 in
250 1265 316 1329 quo
337 1252 405 1319 est,
429 1266 512 1309 cene.
535 1248 627 1321 mei„
651 1266 757 1323 secus,
779 1265 847 1327 nep.
871 1247 968 1322 moi.;
991 1244 1054 1309 sub
1076 1246 1193 1313 eedem

120 1325 192 1389 dist.
215 1346 296 1409 nep,
319 1339 352 1391 et
372 1347 456 1390 none.
480 1328 560 1391 mire.
583 1328 663 1411 Nep.
686 1348 770 1391 emes.
794 1329 938 1407 Anime,
962 1339 1001 1393 ut
1023 1348 1123 1414 seepe
1147 1328 1194 1394 di-

121 1408 243 1483 ximus,
258 1416 307 1473 est
328 1408 400 1472 tuiis
422 1407 539 1485 forme,
555 1431 639 1494 quae
661 1406 758 1475 hebet
779 1430 841 1473 esse
862 1428 925 1473 non
941 1408 1130 1494 dependens
1154 1410 1193 1473 eir

120 1510 170 1567 eo,
187 1492 282 1554 euius
303 1502 353 1555 est
376 1488 499 1565 sorme;
514 1512 552 1555 ee
568 1491 720 1577 proinde,
735 1500 890 1576 corrupto
912 1490 1063 1576 corpore,
1080 1493 1115 1557 iu
1132 1513 1192 1557 sno

121 1592 179 1635 rsse
201 1580 395 1657 perseveret.
420 1572 549 1638 Exinde
571 1574 671 1639 etiem
695 1583 798 1658 petet,
821 1572 908 1657 quod
931 1575 992 1637 etsi
1015 1574 1143 1651 enimn,
1164 1588 1195 1639 et

121 1674 239 1737 eorpus
261 1654 293 1716 in
316 1674 381 1716 uno
401 1675 465 1716 esse
487 1653 629 1719 hominis
651 1656 859 1733 convenient,
883 1663 1015 1728 temen,
1036 1668 1195 1740 corrupto

121 1755 271 1820 corpore,
293 1733 396 1798 adhuc
419 1747 567 1801 remenet
588 1740 710 1813 anime,
756 1737 811 1801 uio
830 1782 839 1812 ,
861 1746 897 1801 ui
919 1738 1019 1800 etium
1041 1736 1124 1801 aiibi
1148 1738 1195 1803 di·

122 1819 231 1881 ximus
244 1819 269 1894 ²,
295 1815 374 1880 iiiud
403 1838 505 1881 unum
526 1839 586 1881 esse
608 1842 625 1879 u
647 1827 695 1882 est
722 1757 763 1883 eir
785 1817 917 1893 anime,
943 1818 987 1881 ite
1015 1817 1104 1902 quod
1128 1822 1194 1884 eui-

122 1920 174 1963 me
196 1900 335 2015 hnmpne
364 1918 432 1963 esse
459 1920 581 1977 suum,
604 1901 638 1964 in
660 1920 726 1985 quo
748 1898 921 1975 subsistit,
949 1901 1080 1985 corpori
1107 1920 1195 1965 com·

122 1983 268 2045 municet
308 2004 336 2043 r.

161 2062 233 2127 225.
255 2060 365 2127 Obiic.
381 2058 417 2123 2⁰
432 2062 599 2127 Naturalis
621 2074 670 2127 est
691 2065 819 2128 unimee
843 2063 921 2126 unio
943 2083 1018 2126 cum
1040 2082 1190 2149 corpore.

121 2146 220 2241 ⁴tiqui
244 2144 321 2208 hoec
344 2143 501 2207 neturuiis
522 2145 710 2211 coniunctio
731 2166 771 2209 ex
796 2144 930 2221 ustulat,
946 2153 983 2208 ut
997 2146 1106 2209 enims
1131 2167 1191 2211 non

122 2228 184 2290 nisi
208 2246 283 2290 cum
304 2244 441 2309 corpore
463 2227 603 2292 existere
626 2227 738 2311 possit.
791 2246 849 2312 rgo
872 2228 980 2290 enims
1001 2238 1153 2312 seperate
1173 2248 1189 2289 a

121 2330 178 2373 eor
202 2329 259 2372 ore
281 2308 315 2371 in
337 2308 510 2372 existentia
534 2306 860 2393 perdurare'nequit.

159 2329 230 2455 236.
255 2387 352 2472 Resp.
379 2389 459 2453 Dist.
484 2389 577 2468 mim,
593 2391 618 2454 si
635 2388 716 2454 nihii
738 2389 882 2455 obstaret
899 2410 941 2453 ex
965 2398 1055 2473 purte
1079 2410 1191 2474 eorpo-

122 2472 180 2547 ris,
202 2492 285 2536 cone.
302 2472 394 2547 min,
417 2491 522 2547 secus,
544 2492 610 2555 nep.
635 2473 712 2536 min.
730 2472 809 2555 Nep.
830 2491 911 2535 cens.
929 2470 1024 2543 Sene,
1046 2490 1124 2535 oum
1140 2490 1194 2533 ue-

120 2554 224 2618 tureie
246 2552 288 2617 sit
300 2553 429 2617 enimse
449 2573 519 2617 esse
541 2556 672 2640 corpori
695 2555 839 2631 unitum,
857 2554 927 2637 ipse
947 2572 989 2617 ex
1011 2553 1062 2616 sui
1080 2564 1193 2620 uetera

124 2818 128 2822 .
159 2783 167 2818 ¹
188 2785 282 2846 opusc.
305 2780 358 2840 iii,
379 2796 405 2833 e.
429 2781 490 2831 183.
510 2780 589 2831 Aiiud
609 2794 657 2844 pro
676 2782 836 2833 aeternitate
864 2782 1066 2843 praemiorum,
1086 2787 1114 2833 et
1136 2798 1195 2847 poe·

120 2869 216 2905 narum
236 2860 422 2918 argumentum
442 2854 544 2904 desumi
564 2854 632 2904 soiet
650 2866 683 2903 ex
701 2867 750 2911 eo,
764 2853 834 2917 quod
853 2852 971 2903 efficacis
991 2858 1140 2905 sanctionis
1159 2860 1194 2905 ie-

121 2929 162 2989 gis
181 2928 289 2977 moratis
315 2928 388 2978 iiiam
409 2926 499 2989 exigit.
520 2920 588 2977 Cum
607 2926 679 2975 euim
700 2922 769 2976 Duos
787 2925 940 2975 homiuibus
960 2927 1031 2989 teges
1048 2930 1151 2987 simut,
1170 2934 1195 2977 et

122 3000 271 3049 libertatem
291 3000 402 3062 iargttus
421 2999 478 3057 sit,
498 3002 707 3049 eonsentaneuru
728 2998 800 3056 iuit,
821 3004 850 3048 ut
869 3011 915 3047 eos
932 3000 1076 3060 aptissimis
1102 3000 1197 3050 incita-

124 3073 230 3131 mentis,
250 3071 323 3122 seira
342 3074 433 3121 tamen
451 3084 546 3121 eorum
566 3072 699 3129 libertate,
712 3069 745 3119 ad
764 3070 867 3134 iegibus
885 3070 1086 3133 obsequentium
1106 3086 1197 3122 more-

123 3150 173 3195 ret.
187 3142 306 3194 Praemia
325 3148 428 3202 autem,
442 3148 470 3193 et
488 3156 589 3205 poenum
608 3146 797 3206 tenporaneae
816 3143 849 3192 ad
869 3143 894 3193 id
913 3142 1087 3194 obtinendum
1106 3145 1196 3209 inepte

122 3223 202 3274 eunte
216 3216 347 3279 siquidem
367 3216 428 3275 ista,
449 3220 541 3277 utpote
560 3221 587 3265 et
605 3214 693 3264 adhue
713 3216 828 3265 muitum
848 3220 962 3271 remota,
983 3220 1011 3265 st
1030 3228 1083 3265 non
1102 3230 1197 3280 perpe·

121 3280 169 3338 ino
187 3288 339 3347 duratura,
360 3285 481 3336 homines
501 3286 580 3337 iaeiie
601 3285 799 3349 posthaberent.
820 3282 988 3350 Quapropter
1004 3300 1114 3339 neeesse
1135 3290 1195 3345 tuit,

123 3366 152 3407 ut
169 3357 241 3409 Dens
261 3359 402 3421 praemia,
421 3362 449 3408 et
469 3370 566 3420 poenas
583 3371 731 3421 numquam
758 3360 889 3411 desituras
914 3358 1037 3411 humanis
1055 3360 1196 3411 animuum

125 3433 378 3491 sternentemque
398 3430 507 3491 proinde
526 3430 691 3480 immortates
709 3428 837 3483 efficeret.
852 3428 888 3483 t'r
902 3428 1019 3493 Nicetes,
1035 3423 1129 3485 &des
1140 3434 1197 3498 pti-

124 3498 174 3546 ter.
194 3514 239 3548 sur
256 3502 280 3550 is
300 3503 506 3559 Christianisma,
527 3506 547 3551 1.
570 3501 603 3560 ii,
624 3516 649 3551 e.
671 3502 699 3551 8.

159 3562 225 3616 ’Cf
241 3585 268 3631 p.
291 3571 352 3629 1111,
373 3578 429 3621 not.
453 3572 480 3621 6.

160 3634 239 3701 ‘op
258 3642 357 3703 dispo,
377 3656 405 3706 q.
426 3657 473 3693 un.
494 3646 532 3695 De
550 3646 655 3705 seim„
675 3660 702 3695 a.
725 3646 758 3696 11
777 3647 810 3697 ad
833 3647 875 3697 it.
