2475 3909
148 165 189 232 96
551 184 755 233 cosnonoura

107 261 220 332 Patres
242 289 259 332 e
282 266 313 334 S.
337 267 363 332 1.
387 266 593 345 Romanus¹,
621 279 654 331 et
674 267 920 354 Tongiorgius²
942 265 1036 334 hodie
1055 287 1178 415 propu-

109 358 218 432 gnant,
242 371 345 434 neque
368 347 410 412 ab
433 351 502 434 ipso
530 350 566 414 P.
591 348 784 415 Ramiereus
806 371 848 414 ex
867 349 981 414 eadem
1002 351 1035 418 S.
1074 354 1179 418 .mul·

107 442 176 493 tum
199 429 372 496 abhorrere
395 433 525 499 vialotnr
541 433 561 493 ⁸.

150 511 198 578 18.
223 513 321 598 Prop.
345 516 369 580 S
392 525 484 577 stenae
504 514 681 598 clymicum
703 535 723 576 o
746 513 872 577 acritate
894 512 1034 576 alienum
1056 529 1111 581 ert.

148 593 319 690 drodntnr.
343 535 511 662 Elementa
531 641 538 670 ,
560 595 599 658 de
628 594 751 678 quibus
782 599 930 678 quaestio
962 606 1035 672 est,
1058 619 1175 684 nempe

108 677 268 761 prrncrpia
284 679 491 744 constitutiva
511 698 568 742 cor
592 697 698 752 orum,
715 697 783 741 esse
798 679 866 763 ipsa
880 698 1009 764 quoque
1024 699 1173 765 corpora,

108 768 293 842 repugnat,
316 761 394 845 quia
416 762 442 826 si
464 696 634 845 quodldret
659 758 857 824 elementum
886 771 935 825 est
963 780 1022 858 per
1043 783 1077 826 se
1106 783 1174 829 cor-

108 856 179 922 pus,
195 861 258 904 non
274 851 379 926 potest
393 862 586 907 concurrere
602 839 642 904 ad
658 841 917 906 constituendam
932 842 1078 928 aliquam
1093 867 1174 922 rem,

108 932 206 1003 prout
226 921 302 987 haec
324 936 372 989 est
394 945 522 1009 corpus.
541 924 640 1008 Atqui
665 923 836 999 elementa,
853 924 894 986 ad
916 945 999 1009 quae
1022 927 1177 994 resolutio

107 1001 251 1088 chymica
274 1003 410 1082 desinit,
426 1007 485 1072 etsi
511 1007 619 1070 minus
642 1003 819 1089 composita
841 1007 917 1081 sint,
933 1019 1029 1093 atque
1051 1006 1094 1074 ob
1117 1011 1175 1075 rni-

108 1102 221 1146 norem
236 1087 506 1174 compositionem
522 1087 666 1172 partium
690 1087 810 1172 analpsi
827 1088 973 1176 chymica
990 1089 1107 1155 resolvi
1123 1114 1176 1156 nc-

107 1177 238 1309 queant,
262 1178 368 1233 tamen
390 1181 465 1236 sunt
485 1170 555 1254 ipsa
577 1187 707 1253 quoque
728 1188 876 1253 corpora.
894 1172 982 1255 Ergo
1005 1171 1173 1251 elementa,

129 1265 146 1309 e
169 1247 288 1331 quihus
310 1254 461 1334 quaestio
483 1263 543 1328 est,
565 1271 602 1314 ea
627 1270 696 1313 esse
723 1264 902 1335 nequeunt,
917 1273 1002 1338 quae
1025 1255 1059 1319 in
1082 1267 1176 1342 syste-

108 1341 191 1393 mate
214 1330 360 1418 chymico
380 1335 595 1420 assignantur.

150 1411 198 1476 19.
217 1413 286 1477 lloc
306 1427 533 1500 argumentum
558 1435 598 1479 ex
621 1431 661 1476 eo
683 1411 907 1489 confirmatur,
922 1416 1009 1500 quod
1032 1415 1170 1503 chymia,

108 1492 240 1574 perinde
263 1515 300 1559 ac
322 1508 448 1563 ceterae
471 1496 629 1581 speciales
651 1496 806 1560 scientiae
830 1494 990 1581 phisicae,
1013 1499 1098 1563 intra
1119 1521 1174 1564 ea·

107 1575 283 1656 parientiae
304 1575 384 1642 fines
405 1601 438 1643 se
460 1581 615 1642 continet.
633 1579 732 1661 Atqui
755 1566 904 1661 quaestio
926 1576 966 1642 de
989 1582 1175 1665 principiis,

106 1674 190 1737 quae
212 1661 360 1744 corporis
392 1659 604 1725 substantiam
638 1658 809 1735 alliciunt,
832 1679 906 1725 cum
940 1659 979 1723 ad
1002 1663 1175 1728 essentiam

107 1741 252 1823 corporis
273 1741 487 1807 definiendam
511 1750 649 1827 spectet,
674 1763 711 1805 ac
732 1740 869 1826 proinde
891 1743 1117 1828 experientiae
1140 1743 1175 1808 li-

108 1838 162 1882 nes
185 1824 494 1920 praetergrediatur,
511 1825 549 1888 ad
572 1823 825 1910 metaphysicam
850 1825 1001 1908 pertinet.
1016 1823 1104 1910 Ergo
1125 1847 1174 1912 sp-

107 1912 206 1966 stema
229 1904 411 1990 chymrcum
440 1906 480 1972 ad
503 1906 725 1991 quaestionem
753 1903 793 1970 de
818 1905 992 1991 principiis
1020 1909 1174 1973 constitn-

106 1986 206 2049 tionis
227 1991 374 2073 corporis
395 1985 616 2054 resolvendam
639 2008 703 2051 non
725 1997 772 2053 est
793 1998 1027 2072 opportunum.

145 2067 196 2132 20.
220 2070 403 2148 Praeterea,
419 2071 594 2156 simplicia,
610 2069 748 2152 adquae
770 2070 908 2156 analysis
929 2068 1075 2157 chyrnica
1104 2092 1176 2156 per·

106 2151 207 2226 venit,
223 2173 286 2216 non
310 2172 369 2236 per
391 2153 555 2250 propriam
572 2151 711 2214 formam
734 2152 924 2238 incorpore
947 2152 1103 2228 existunt,
1120 2152 1174 2218 sed

106 2251 164 2316 per
185 2232 275 2298 aliud
298 2235 499 2320 principium
516 2231 652 2298 formale
676 2231 709 2294 in
732 2253 862 2308 novam,
885 2253 921 2297 ac
946 2233 1077 2297 unicam
1100 2235 1176 2300 suli-

106 2318 255 2381 stantiam
278 2325 545 2383 transmutantur.
570 2337 588 2376 n
610 2313 832 2380 commixtum
855 2335 897 2378 cx
918 2313 1057 2390 duobus,
1074 2335 1175 2403 appo·

106 2398 166 2462 site
189 2398 294 2483 inquit
316 2419 341 2462 s.
365 2395 526 2474 Thomas,
550 2406 704 2462 neutrum
731 2395 944 2460 miscibilium
966 2407 1037 2474 est,
1061 2398 1116 2462 sed
1140 2419 1178 2463 u·

104 2489 257 2567 trumque
273 2481 389 2547 transit
403 2481 436 2545 in
450 2477 612 2565 quoddam
629 2475 761 2544 tertium
775 2499 818 2542 ex
831 2479 880 2544 his
895 2480 1115 2565 compositum
1128 2483 1172 2542 ⁸».

441 2582 795 2603 -.ι-Μ

143 2649 150 2684 ¹
174 2649 223 2710 Op.
243 2649 299 2704 att„
321 2640 446 2699 carmel„
467 2653 525 2703 par.
546 2637 569 2699 l,
588 2651 615 2687 o.
635 2637 663 2696 2,
683 2652 712 2688 n.
733 2639 769 2688 36
787 2651 847 2702 sqq.

144 2719 156 2755 ²
177 2722 240 2769 rau.
259 2717 338 2781 pail..
359 2713 483 2772 cermel„
503 2727 530 2762 c.
550 2711 578 2770 2,
597 2724 625 2760 a.
644 2709 672 2758 Ξ.

144 2791 153 2828 ³
174 2793 212 2841 Lu
231 2787 338 2839 motte're
357 2796 380 2838 at
398 2788 425 2837 lu
442 2787 543 2848 torma,
564 2797 590 2833 a.
611 2781 644 2842 2,
665 2782 692 2832 in
711 2777 827 2846 Ephem.
847 2782 1009 2832 atrebateus.
1030 2785 1114 2836 Ranae
1133 2788 1178 2836 des

105 2867 217 2916 anienem
235 2861 440 2924 eenllrtontquor,
461 2853 568 2908 Octobr.
591 2853 672 2904 tuot.

141 2934 150 2973 t
171 2932 222 2994 ΙΙΙ,
243 2948 270 2997 q.
291 2927 428 2988 Lxxvn,
448 2943 475 2979 a.
496 2929 513 2979 8
532 2943 558 2978 c.
581 2925 607 2976 ld
627 2939 659 2976 ex
679 2939 711 2976 co
731 2927 848 2975 maxime
866 2930 991 2986 conant,
1011 2928 1083 2991 quod
1102 2929 1174 2979 aliae

105 3016 167 3061 sunt
185 3009 274 3066 alren,
295 3004 523 3067 proprietatesque
544 3012 707 3062 corporum,
727 3011 791 3048 cum
809 3011 930 3049 seorsum
949 3002 1086 3062 existunt,
1105 3002 1177 3051 aliae

105 3095 167 3134 rero
186 3079 305 3142 corporis
325 3076 420 3132 minti,
440 3075 509 3137 quod
529 3085 562 3122 ea
577 3071 630 3120 illis
648 3071 828 3132 componitur.
854 3068 880 3121 Si
903 3072 974 3122 enim
999 3075 1177 3137 pmprictatsa

104 3161 166 3206 sunt
184 3154 316 3207 diversae,
335 3147 469 3198 diversum
489 3159 546 3196 esse
564 3144 642 3194 debet
661 3143 833 3206 principium,
853 3157 867 3192 a
887 3157 940 3207 quo
956 3145 1176 3206 proficiscuntur,

105 3240 137 3278 ac
157 3226 266 3291 proinde
285 3219 426 3272 dicendum
446 3223 486 3268 ent
506 3217 577 3266 aliud
596 3229 654 3266 esse
673 3215 845 3278 principium,
859 3216 930 3280 quod
948 3216 1110 3267 determinat
1129 3230 1178 3267 na·

104 3305 192 3350 turam
213 3294 376 3361 singulorum
396 3291 579 3354 simplicium,
599 3301 632 3337 ex
651 3288 748 3352 quibus
766 3287 879 3337 mixtum
898 3289 1089 3352 componitur,
1110 3302 1178 3338 cum

104 3385 224 3423 seorsum
243 3369 369 3420 existunta
389 3362 461 3413 alind
480 3367 571 3412 autam
591 3360 763 3424 principium,
782 3361 853 3424 quod
872 3359 1032 3412 determinat
1050 3368 1178 3413 naturam

105 3443 225 3500 illoram,
238 3455 301 3491 eum
320 3441 348 3488 in
366 3437 448 3487 minio
462 3437 588 3486 existunt.
603 3428 732 3495 Quocirca
746 3433 890 3492 qualitates
902 3433 1097 3485 elementorum
1112 3435 1179 3483 eim-

104 3515 214 3577 pliciurn
227 3527 280 3562 nou
292 3517 350 3561 actu
363 3510 388 3558 ln
401 3519 513 3571 corpore
527 3506 608 3554 mixto
624 3506 805 3561 inveniuntur,
814 3504 859 3554 aad
872 3509 962 3556 uirtute
975 3503 1008 3570 (l,
1018 3503 1175 3570 mlxxvi,

105 3601 131 3644 a,
146 3585 208 3634 lad
222 3581 261 3650 Ι),
282 3583 306 3631 id
326 3585 365 3630 est
384 3581 445 3643 quia
467 3593 532 3629 nrrva
552 3578 668 3640 qualitas
680 3579 799 3639 corporis
812 3577 886 3628 mixti
899 3579 1043 3641 qualitates
1055 3582 1179 3629 elemen—

104 3664 192 3707 torum
212 3654 371 3716 simplicium
391 3655 529 3702 eminenter
548 3649 675 3699 continet.
696 3647 771 3716 (Vid.
791 3647 999 3712 Ferrarienscm,
1022 3655 1053 3703 ln
1070 3653 1118 3702 tto.
1136 3653 1180 3703 m

3 3798 131 3878 Α,
