2475 3909
475 194 706 245 ornaunoum
1026 178 1085 243 175

98 272 171 341 m
194 276 292 362 Prop.
313 275 361 340 2⁴.
388 276 537 345 Voluntas
558 282 643 346 cirea
675 282 752 345 dotto
775 280 987 365 particularia
1014 282 1125 365 pandet

60 358 199 423 libertate
219 358 458 505 indiperentiue.
754 442 761 457 ι

99 442 267 507 Probatur.
307 441 374 506 llud
395 442 560 507 obiectum
581 464 625 507 ex
639 452 829 509 necessitate
846 441 1044 508 voluntatem
1059 464 1127 508 mo-

61 533 124 599 vet,
146 525 235 609 quod
256 532 305 589 eet
326 526 390 608 ipsi
414 524 654 608 adaequatum,
678 546 752 589 uem
778 524 849 588 ein
872 544 937 609 quo
966 524 1055 588 nulla
1076 544 1128 588 ra-

60 607 104 672 tio
126 606 204 671 mali
227 606 425 690 apprehendi
448 617 563 692 potest.
587 608 687 691 Atqui
711 629 728 667 ιι
751 546 938 671 iuiusmodi
966 626 1030 669 non
1052 614 1127 670 sunt

60 686 143 752 bona
167 687 400 775 particularia,
422 690 501 773 quia
522 689 555 752 in
576 687 729 752 omnibus
759 687 1009 773 particularibus
1031 685 1127 750 honis

58 784 166 915 potest
187 772 380 853 (intellector)
402 769 608 833 considerare
630 771 791 834 rationem
812 766 888 831 boni
910 767 1071 843 alicuius,
1094 777 1128 833 et

78 853 225 920 eiectum
246 854 386 919 alieuius
412 852 512 927 honi,
559 850 623 915 uod
652 850 750 915 habet
777 849 938 915 rationem
965 849 1069 913 mali¹
1095 874 1124 914 o.

58 936 147 1020 Ergo
168 937 252 1001 hona
275 933 486 1019 particularia
506 871 706 998 vdluutatem
728 952 769 995 ex
790 931 980 996 necessitate
996 952 1125 996 movere

58 1038 120 1080 non
144 1028 303 1103 possunt;
327 1036 365 1080 ae
386 1014 521 1160 proinde
543 1013 693 1080 voluntas
715 1013 760 1078 ita
774 1034 813 1078 ea
827 1012 908 1089 vult,
930 1024 967 1077 ut
987 1024 1127 1097 potesta-

59 1109 122 1163 tem
144 1120 183 1163 ea
206 1120 268 1162 noa
289 1100 384 1165 velen
410 1100 418 1161 i
441 1096 598 1162 habeat².

94 1180 170 1245 att,
194 1182 380 1255 Praeterea,
397 1179 544 1244 voluntas
559 1174 662 1242 tendit
676 1174 715 1239 ad
731 1174 816 1239 bona
830 1174 1042 1259 particularia
1063 1198 1126 1240 aaa

53 1282 114 1345 per
135 1262 261 1325 modum
276 1271 406 1326 adurae
421 1261 444 1324 ⁸.
468 1260 569 1356 Atqui
584 1258 783 1323 voluntatem
799 1254 930 1320 tendere
945 1256 986 1321 ad
1001 1257 1126 1343 aliquid

56 1366 119 1406 non
136 1365 195 1427 per
216 1345 341 1408 modum
361 1352 503 1416 naturae,
527 1340 615 1405 idem
636 1348 696 1414 est,
719 1358 756 1401 ao
779 1340 883 1420 ipsam
904 1358 966 1401 uon
980 1358 1049 1404 esse
1071 1338 1128 1405 de-

57 1427 263 1490 terminatam
286 1425 327 1490 ad
347 1423 442 1498 illud,
464 1443 503 1485 eo
526 1420 636 1496 modo,
675 1441 716 1486 uo
730 1438 846 1483 causae
866 1420 1030 1485 naturales
1052 1431 1128 1486 sunt

55 1506 292 1572 determinatae
313 1506 353 1571 ad
377 1525 491 1569 unum.
516 1505 604 1588 Ergo
626 1441 775 1566 idomas
807 1500 894 1564 circa
922 1500 1004 1565 bona
1026 1505 1128 1587 parti-

56 1588 182 1653 cularia
226 1588 324 1654 audet
346 1589 380 1652 oi
401 1584 570 1661 electionis,
592 1605 651 1650 seu
672 1581 813 1647 libertate
834 1582 1072 1668 indifferentiae.

94 1671 169 1735 m.
192 1609 302 1735 dator
324 1672 368 1735 ita
390 1668 640 1733 demonstratur.
663 1662 818 1729 Voluntas
841 1684 900 1749 per
928 1666 1051 1728 modum
1071 1686 1127 1729 na-

56 1764 147 1817 turae
171 1751 273 1817 tendit
294 1750 335 1815 ad
355 1749 567 1823 beatitatem,
589 1758 622 1813 ei
645 1747 685 1811 ad
709 1745 840 1823 media,
868 1766 1048 1831 quaecum
1070 1748 1127 1814 illa

57 1834 241 1899 necessario
263 1832 471 1916 colligantur.
494 1831 594 1913 Atqui
615 1827 699 1893 hona
725 1827 934 1913 particularia
961 1849 1026 1893 non
1051 1850 1127 1895 eon·

55 1916 197 1981 stituunt
218 1915 469 1988 beatitudiuem,
491 1913 626 2007 ipsaque
647 1908 696 1975 vel
722 1930 784 1973 non
806 1921 882 1975 suut
901 1910 1021 1986 media,
1043 1932 1127 1996 quae

55 2017 132 2059 enm
154 1994 210 2061 illa
232 1998 415 2061 necessario
436 1992 647 2077 colligantur,
670 1990 732 2067 vel,
752 1992 812 2057 etsi
826 1988 986 2076 quaedam
1009 2012 1127 2057 eorum

55 2076 96 2141 ad
120 2076 211 2141 illam
234 2078 415 2143 necessario
431 2075 625 2149 referantur,
647 2086 754 2138 tamen
770 2073 847 2138 haee
860 2072 979 2139 relatio
995 2074 1127 2140 evidens

55 2158 151 2223 nobis
172 2172 328 2236 nonest,
350 2161 431 2244 quia
451 2177 562 2223 omnes
587 2155 722 2241 quidem
749 2167 867 2222 norunt
893 2155 1128 2223 beatitudinem

55 2260 127 2304 esse
150 2240 331 2325 perlectum
353 2240 486 2315 bonum,
503 2239 557 2303 sed
579 2258 685 2314 nemo,
700 2236 778 2303 dum
799 2238 834 2301 in
856 2238 913 2302 hae
935 2238 1001 2305 vita
1021 2260 1127 2305 versa·

57 2332 123 2395 tur,
140 2323 333 2388 naturaliter
351 2320 594 2408 apprehendere
616 2330 722 2404 potest
738 2318 903 2386 obiectum
922 2320 1003 2385 illud
1025 2322 1125 2399 reale,

55 2402 147 2486 quod
174 2402 408 2470 beatitudinem
429 2405 538 2489 reipsa
560 2404 751 2480 constituit,
782 2423 854 2466 nem
880 2423 898 2465 e
925 2403 1052 2478 Deum,
1076 2408 1126 2470 uti

55 2485 89 2547 in
112 2484 223 2569 seipso
244 2496 313 2563 eet,
337 2485 519 2569 perlectum
544 2484 678 2549 bonum.
702 2486 789 2569 Ergo
812 2424 959 2553 volirntas
981 2484 1022 2550 ad
1041 2484 1128 2551 bona

54 2566 270 2649 particularia
292 2587 356 2632 uon
378 2566 481 2633 tendit
495 2585 555 2650 per
575 2568 700 2630 modum
721 2577 851 2631 noturm
866 2568 890 2630 ⁸.

91 2791 99 2824 ¹
126 2786 269 2853 1¹2²,q.
289 2784 362 2847 illl,
382 2803 409 2840 a.
430 2786 640 2849 de.-²lbid.,
661 2804 689 2853 q.
709 2784 743 2850 X,
763 2802 790 2840 a.
810 2790 826 2840 2
846 2804 871 2841 o.

89 2859 103 2896 ³
124 2861 174 2925 ος.
194 2862 279 2925 dirpp.
300 2864 339 2912 De
361 2863 433 2917 Ver..
453 2876 481 2924 q.
502 2857 597 2919 xxiii,
618 2876 645 2911 a.
665 2860 683 2910 l
702 2876 727 2911 o.

88 2930 101 2969 ⁸
124 2928 145 2990 l,
165 2946 193 2995 q.
216 2928 345 2995 Lllllllll,
365 2947 392 2983 a.
412 2932 428 2983 2
448 2947 474 2983 e.
495 2930 596 2983 Exinde
609 2934 777 2996 intelligitur,
798 2947 847 2983 eur
866 2935 988 2985 voluntas
1002 2936 1125 2996 hominis,

53 3007 119 3055 dnm
139 3004 222 3054 homo
240 3006 267 3054 in
287 3004 337 3056 liae
356 3007 409 3056 vita
429 3010 562 3064 vereatur,
582 3018 635 3055 non
654 3018 685 3054 er
706 3010 817 3055 naturae
836 3008 1009 3067 necessitate,
1030 3011 1073 3058 sed
1092 3020 1127 3059 ex

54 3078 164 3141 propria
184 3076 403 3127 determinatione
426 3078 460 3127 ad
483 3074 531 3127 liei
557 3090 677 3127 amorem
697 3076 811 3127 leretur.
834 3096 845 3123 ι
867 3076 972 3129 Etenim
994 3078 1077 3139 Deua,
1098 3086 1128 3130 ut

52 3150 143 3214 inquit
162 3142 306 3200 Caietanua
323 3145 365 3218 (in
378 3152 425 3202 eit.
440 3154 494 3200 art.
507 3149 523 3199 2
537 3164 566 3213 q.
581 3145 639 3215 ΒΞ),
655 3152 705 3199 etei
719 3151 753 3199 eit
766 3152 792 3200 iu
805 3164 833 3199 ae
846 3153 944 3209 maius,
963 3156 992 3201 at
1009 3154 1129 3202 eminen-

51 3224 108 3273 tiae
129 3220 279 3271 universale
297 3222 413 3281 bonum,
432 3234 513 3286 qnam
533 3220 668 3271 beatitudo
688 3222 714 3271 Ιιι
733 3224 887 3282 communi,
908 3230 996 3273 tamen
1016 3238 1068 3274 non
1087 3231 1127 3275 eet

50 3295 176 3350 evidens,
196 3297 224 3343 et
242 3308 373 3358 apparere
392 3294 466 3344 notite
484 3293 533 3344 snb
554 3292 600 3342 tall
619 3294 733 3354 ratione,
748 3295 818 3345 sieut
829 3294 966 3345 beatitudo
983 3314 1007 3345 ι.
1021 3293 1061 3346 Er
1073 3310 1127 3361 qno

51 3368 99 3426 at,
120 3371 152 3416 nt
171 3366 314 3425 indiciam,
334 3380 388 3430 quo
408 3368 475 3416 ratio
499 3366 618 3415 decernit
642 3364 726 3415 Deam
750 3367 894 3416 amandum
913 3378 985 3426 esse,
1005 3368 1051 3417 liat
1069 3382 1128 3419 oum

49 3438 242 3503 indiffamata,
262 3438 367 3489 tailleet
385 3440 420 3489 ita
440 3441 471 3488 ut
489 3436 569 3488 aliter
586 3437 668 3487 etiam
687 3438 745 3487 lieri
765 3441 858 3501 poeria
878 3440 1003 3501 quooiroa
1023 3441 1125 3491 rolitlo.

52 3524 126 3575 qnae
144 3510 320 3573 consequitur
338 3512 390 3561 hoe
408 3510 547 3569 indiciam,
568 3523 622 3560 non
640 3510 833 3561 determinatur
852 3524 883 3558 ex
904 3511 1061 3561 neoeseitata
1081 3526 1127 3562 na·

53 3588 144 3633 turae.
162 3578 269 3641 -uean
289 3584 376 3647 inquit
393 3597 417 3633 ι.
431 3578 559 3643 Thomas,
578 3582 722 3645 dupliciter
740 3584 827 3645 potest
845 3583 1018 3641 considerari,
1038 3582 1080 3634 rei
1101 3586 1127 3633 in

53 3668 94 3716 ae,
114 3657 160 3709 ret
177 3654 205 3705 ιἰι
223 3653 361 3707 allectione
378 3655 444 3707 raia.
465 3653 495 3706 ln
514 3669 543 3706 ee
561 3655 687 3719 quidem,
708 3666 771 3705 oum
790 3654 824 3705 alt
842 3654 899 3718 ipsa
917 3658 1034 3709 errantia
1053 3656 1129 3707 boui-

1140 3847 1233 3885 A
