2475 3909
117 132 176 196 192
523 142 703 191 vnenaoom

116 234 148 297 d.
172 232 269 315 Prop.
289 228 467 295 Sensimus
488 240 531 291 est
552 239 682 311 systema
703 228 739 291 in
757 247 788 289 se
801 225 983 304 absurdum,
999 230 1025 292 e't
1040 226 1080 292 od
1094 225 1148 291 ub·

78 313 177 377 surdo
197 311 384 377 consectaria
403 311 525 375 ducens.

119 393 274 458 Probatur
297 394 401 477 prima
422 413 508 478 pars.
531 390 691 456 Sensistac
715 389 788 454 ideo
809 388 926 454 docent
946 411 1058 455 sensus
1076 411 1148 455 esse

78 475 208 540 unicam
230 474 354 539 fontem
376 474 571 559 cognitionis
593 471 768 548 humanae,
792 472 869 555 quia
890 492 965 535 cum
986 470 1151 537 Condilla·

80 558 141 622 cbo
168 558 299 621 unicam
327 554 485 619 sentiendi
521 552 708 619 facultatem
741 554 868 618 animae
892 552 1095 630 attribuunt,
1117 566 1152 620 et

78 636 280 703 contendunt
306 646 428 701 ceteras
455 635 645 711 facultates,
691 656 752 700 uae
775 656 793 698 a
815 634 1017 733 Philosopbis
1038 656 1152 701 nume-

79 730 219 795 rantur,
243 740 306 782 non
328 716 418 782 aliud
439 738 530 794 esse,
552 738 651 802 quam
669 656 816 782 diversas
842 718 1064 783 sensibilitatis
1085 718 1154 782 for·

80 821 167 876 mas,
188 819 366 883 earumque
388 800 532 864 actiones
555 821 618 864 nou
640 799 728 863 aliud
751 820 843 877 esse,
867 800 929 864 nisi
953 801 1153 866 sensationes

77 882 353 964 transformasset.
378 881 477 965 atqui
500 901 558 944 nos
581 882 644 945 iam
668 880 834 945 evidenter
855 879 1150 946 demonstravimus

80 964 286 1048 operationes
312 962 495 1027 intellectus
521 973 590 1026 tum
617 984 660 1026 er
686 962 837 1038 obiecto,
860 963 948 1028 circa
969 961 1056 1049 quod
1079 986 1152 1028 ver-

81 1054 206 1122 santur,
228 1055 322 1109 etex
344 1045 463 1119 modo,
491 1064 557 1128 quo
578 1054 784 1121 exercentur,
810 1054 881 1108 tum
903 1066 944 1109 ex
968 1046 1047 1131 ipsis
1069 1044 1153 1110 Gon-

82 1125 215 1191 dillacbi
239 1125 409 1210 principiis
432 1145 495 1188 non
518 1146 609 1211 posse
632 1124 745 1190 reduci
767 1126 806 1189 ad
829 1129 1037 1192 sensationes.
1063 1128 1152 1212 Ergo

82 1207 259 1274 absurdum
280 1218 330 1273 est
350 1209 513 1292 assignare
535 1228 660 1284 sensus,
685 1218 848 1293 tamquam
869 1210 1002 1273 unicam
1024 1219 1153 1274 nostrae

79 1290 278 1374 cognitionis
298 1289 432 1353 sontem.

123 1374 155 1438 5.
179 1370 336 1437 Probatur
357 1371 458 1435 altera
482 1388 567 1453 pars.
591 1366 624 1434 1⁰
647 1369 766 1445 Homo,
789 1392 829 1435 ex
851 1372 1037 1458 cognitione
1061 1371 1154 1436 intel-

83 1453 216 1531 lectiva,
245 1474 311 1549 qua
340 1452 456 1538 pollet,
482 1451 730 1518 discriminatur
751 1472 769 1514 a
791 1449 924 1529 belluis,
947 1452 1067 1538 quibus
1089 1474 1154 1517 non

84 1537 149 1601 nisi
171 1538 317 1622 cognitio
338 1534 492 1597 sensitiva
518 1535 623 1597 inesse
646 1543 761 1618 potest.
788 1534 902 1619 Atqui,
924 1537 950 1599 si
973 1556 1085 1601 sensus
1106 1554 1158 1599 es-

83 1628 156 1683 sent
178 1620 276 1681 unica
297 1614 370 1679 lons
390 1615 585 1698 cognitionis
609 1613 790 1692 humanae,
813 1626 846 1681 et
866 1618 1011 1701 cognitio
1033 1615 1157 1681 intelle-

83 1702 172 1765 ctiva
193 1698 234 1763 ad
256 1697 455 1763 sensationcs
479 1695 712 1774 reduceretur,
743 1696 868 1761 nullum
896 1710 1022 1765 extaret
1041 1697 1158 1763 discri-

85 1802 159 1847 men
182 1784 268 1848 intar
289 1780 506 1864 cognitionem
529 1780 695 1863 propriam
716 1776 868 1857 hominis,
891 1790 923 1845 et
943 1781 1048 1858 illam,
1071 1802 1157 1866 quae

86 1864 229 1949 pertinet
249 1862 290 1927 ad
313 1861 449 1927 belluas.
471 1861 581 1945 Ergo,
607 1862 713 1946 posito
735 1862 905 1938 sensismo,
927 1860 1024 1927 bomo
1045 1886 1086 1928 ex
1108 1862 1158 1927 di·

86 1947 210 2029 gnitate
233 1966 313 2021 sua,
336 1964 401 2029 qua
421 1940 539 2006 belluis
566 1944 708 2007 maxime
735 1952 895 2029 praestat,
923 1944 1099 2011 excideret.
1121 1942 1157 2009 2⁰

85 2028 305 2096 Scientiarum
332 2024 492 2109 principia
512 2022 677 2101 absoluta,
701 2025 899 2091 universalia
921 2036 1017 2111 atquo
1041 2031 1159 2093 immu-

87 2108 201 2173 tabilia
230 2110 295 2172 sint
326 2116 465 2191 oportet.
500 2107 599 2185 Atqui
633 2127 743 2172 sensus
769 2127 831 2171 non
865 2108 927 2172 nisi
959 2119 1157 2183 concretum,

87 2190 290 2273 contingens,
303 2198 337 2253 et
352 2186 508 2252 mutabile
529 2187 654 2252 referre
677 2202 821 2272 possunt.
844 2190 945 2276 Ergo,
968 2192 1075 2276 posito
1090 2212 1160 2255 sen-

87 2273 200 2347 sismo,
222 2271 358 2335 scientia
381 2288 514 2354 prorsus
533 2281 750 2335 evanesceret.

128 2355 159 2419 6.
184 2352 273 2418 llaec
296 2361 404 2415 autem
433 2348 572 2416 absurda
601 2353 798 2417 consectaria
825 2355 973 2419 seusismi
1001 2353 1086 2421 baud
1109 2356 1157 2417 vi-

87 2447 215 2509 tantur,
237 2435 265 2498 si
289 2435 382 2528 origo
403 2430 552 2496 idearum
574 2454 636 2511 eo,
657 2454 722 2518 quo
744 2432 855 2501 docuit
876 2434 1038 2511 Loclrius,
1064 2435 1159 2501 modo

88 2517 284 2602 explicetur.
308 2515 471 2579 Nimirum
497 2513 611 2600 anglus
638 2513 691 2578 bic
719 2515 928 2603 philosophus
956 2516 1037 2584 duas
1060 2516 1160 2583 facul-

90 2611 172 2664 tates
194 2597 234 2662 ad
257 2616 368 2662 rerum
389 2597 612 2690 cognitionem
634 2596 863 2680 assequendam
879 2598 912 2662 in
927 2600 1033 2669 anima
1057 2599 1160 2665 admi-

90 2682 145 2757 sit,
167 2702 283 2765 nempe
306 2691 530 2757 scnsotvouem,
554 2698 612 2763 per
638 2697 737 2764 quam
758 2680 864 2743 anima
892 2702 962 2767 res,
985 2703 1069 2766 quae
1091 2682 1160 2747 sive

89 2776 185 2827 extra
206 2782 252 2837 se,
276 2760 343 2824 sive
367 2760 399 2822 in
421 2781 455 2824 se
470 2759 562 2837 liunt,
578 2781 619 2844 ap
646 2758 802 2837 rehendit,
817 2774 851 2827 et
869 2765 1078 2849 replenionem,
1103 2781 1161 2848 per

114 2864 190 2908 uam
211 2842 252 2906 ad
274 2862 326 2905 res
352 2841 501 2906 sensibus
527 2780 745 2926 apprelaensas
771 2846 838 2909 vim
866 2866 959 2909 suam
985 2843 1159 2910 intendit¹.

90 2865 136 2990 lt
157 2946 231 2991 vern
253 2924 331 2988 baec
352 2922 499 3000 rellexio,
513 2945 613 3009 quam
634 2924 776 2989 Loclrius
798 2936 926 3011 praeter
946 2928 1161 2993 sensationcm

92 3006 254 3083 admittit,
278 3003 318 3068 ad
342 3006 575 3082 sensationcm,
599 3016 637 3072 ut
658 3006 774 3071 merito
801 3006 1026 3073 Condillacbus
1054 3006 1162 3073 obser-

92 3092 194 3166 vavit,
216 3086 396 3153 reducitur.
424 3088 507 3152 Nam
529 3087 717 3153 huiusmodi
739 3086 874 3156 rellexio
895 3112 959 3155 non
981 3102 1161 3167 exercetur,

93 3172 158 3237 nisi
173 3174 324 3245 circaea,
345 3188 427 3252 quae
449 3168 596 3233 sensibus
619 3179 772 3255 percepta
787 3184 873 3248 sunt,
889 3192 925 3235 ac
940 3172 1077 3259 proinde
1093 3173 1161 3257 ipsa

93 3255 273 3319 vividiores
300 3249 408 3315 reddit
439 3251 657 3326 sensatioues,
680 3262 778 3334 atque
804 3252 845 3317 ad
867 3274 1031 3318 summum
1053 3274 1107 3319 eas
1128 3256 1162 3318 in

94 3345 203 3421 partes
224 3335 382 3412 dissolvit,
404 3342 461 3397 aut
482 3333 572 3398 vario
594 3333 691 3399 modo
711 3338 885 3421 componit,
909 3330 964 3400 sed
987 3356 1165 3421 numquam

135 3592 144 3633 ί
165 3589 200 3658 tt
216 3608 243 3657 p.
268 3593 327 3650 too.
350 3622 377 3631 -—
400 3594 516 3643 Nimis
535 3594 606 3649 vtc.,
628 3590 674 3641 tzb.
698 3588 730 3651 ll,
751 3604 777 3642 c.
797 3592 824 3653 Ξ,
847 3598 861 3650 s
885 3594 908 3647 l,
