2475 3909
452 217 710 267 cnrrsnrocoom
1021 193 1083 260 2d3

47 320 128 365 mam
151 296 303 365 leruntur
319 300 342 377 ¹;
365 320 403 363 ac
420 300 558 384 proinde
581 323 647 365 non
669 296 762 369 alibi,
778 317 877 393 quam
900 296 932 359 in
957 295 1026 381 ipsa
1050 297 1120 359 ani·

47 404 96 445 ma
117 383 307 466 contingere
330 392 447 466 potest.
472 382 566 458 Quod
589 384 630 447 ad
654 388 896 479 perceptionem
921 398 1028 439 rerum
1052 398 1120 440 sen-

47 464 155 527 silium
171 464 340 547 speciatim
363 484 378 525 s
402 474 498 540 cetat,
516 463 598 530 illud
618 474 718 529 elram
734 483 775 525 ex
790 459 887 524 dictis
909 459 1120 542 perspicuum

47 558 114 641 est,
129 549 233 643 ipsam
255 566 297 610 ex
318 566 357 609 eo
374 484 460 624 ieri,
475 538 565 630 quod
589 547 699 610 anima
721 545 882 608 actionem
904 541 952 604 rei
975 539 1121 604 obiectae

47 637 179 712 excipit,
196 648 260 690 non
281 647 360 692 vero
382 628 470 714 quod
494 649 546 692 res
569 625 699 693 obiecta
722 625 846 710 excipit
868 625 1027 687 actionem
1051 621 1120 683 ani-

47 729 127 773 mae.
145 707 234 773 Unde
250 710 491 794 agnoscendum
513 720 562 775 est
577 732 640 774 non
655 707 789 793 quidem
804 708 960 771 transitus
981 702 1119 767 subiecti

47 792 86 855 ad
111 790 288 867 obiectum,
318 790 373 855 sed
396 793 506 877 potius
531 790 653 857 obiecti
677 791 717 856 ad
739 788 938 865 subiectum,
961 796 1121 870 quatenus

47 894 162 958 nempe
183 871 265 938 illud
287 874 429 958 speciem
451 875 502 938 sui
524 874 559 937 in
582 874 644 938 hoo
667 872 827 937 immittit.

254 1002 359 1055 Annii.
371 1033 404 1042 -
417 1002 560 1068 Oppositas
580 1006 727 1053 sententiae
748 1003 907 1053 reloltnmnr

84 1111 138 1175 31.
163 1107 362 1194 Philosophi,
384 1110 440 1194 qui
459 1110 610 1173 realismo
632 1109 773 1173 naturali
795 1108 1017 1182 adversantur,
1034 1106 1067 1169 in
1082 1126 1121 1168 oo

49 1192 273 1266 consentiunt,
295 1191 381 1275 quod
405 1190 541 1256 doceant
561 1194 759 1259 sensationes
780 1212 849 1256 esse
879 1202 1001 1256 tantum
1023 1188 1123 1251 sudis-

45 1276 165 1348 etieas,
187 1273 246 1337 hoc
267 1283 332 1349 est,
355 1273 519 1357 simplices
542 1274 670 1339 animae
693 1272 895 1349 affectiones,
921 1270 1059 1356 ideoque
1081 1269 1121 1333 ab

47 1353 223 1421 existentia
240 1355 407 1419 sensilium
429 1354 637 1419 affectionum
659 1355 866 1420 existentiam
889 1375 999 1417 rerum
1015 1367 1123 1419 exter-

47 1459 163 1502 narum
192 1436 323 1500 minime
357 1436 572 1501 manifestari.
602 1436 669 1521 Ipsi
696 1448 807 1501 autem
830 1437 871 1517 ,in
894 1435 973 1499 duas
996 1446 1123 1500 senten-

49 1520 111 1584 tias
133 1516 335 1583 scinduntur.
364 1518 518 1583 Nonnulli
543 1538 667 1594 exeo,
694 1517 781 1601 quod
809 1518 1008 1582 sensationes
1030 1517 1124 1581 ‹luni-

49 1612 139 1666 taxat
161 1598 361 1665 subiectisae
384 1612 470 1677 sunt,
488 1598 634 1666 inferunt
656 1600 733 1665 nihil
750 1609 841 1666 extra
864 1620 922 1663 nos
937 1620 1018 1675 esse,
1034 1600 1124 1683 qnod

49 1684 169 1747 nostris
201 1679 440 1747 sensationibus
454 1680 687 1767 respoudeat,
710 1693 765 1749 aut
791 1682 905 1747 saltem
932 1680 964 1745 id
988 1680 1124 1745 anobis

48 1765 200 1861 cognosci
228 1784 292 1827 non
322 1783 423 1847 posse.
454 1763 579 1827 Horum
605 1764 752 1847 opinatio
778 1762 901 1829 dicitur
927 1762 1122 1838 iocationes,

48 1868 129 1931 quia
159 1846 271 1910 statuit
298 1843 454 1908 mundum
482 1854 655 1909 externum
677 1866 741 1910 non
764 1855 856 1909 extra
880 1864 952 1921 nos,
977 1846 1031 1909 sed
1056 1854 1123 1909 tan-

49 1925 218 1993 tummodo
242 1928 274 1989 in
296 1924 378 1990 ideis
402 1927 520 1992 nostris
541 1928 694 1991 existere.
722 1925 829 1993 Distin
853 1926 945 1989 uitur
966 1940 1074 1993 autem
1099 1928 1125 1990 i-

48 2009 228 2075 dealismus
257 2009 291 2071 in
314 2006 520 2070 sullectinum
547 2018 579 2073 et
606 2008 801 2071 oblecticium.
830 1946 1022 2073 ldealismus
1049 2008 1124 2072 sub-

49 2092 190 2156 iectirus
212 2089 266 2153 ille
287 2098 348 2165 est,
364 2089 397 2151 in
420 2083 485 2172 q'uo
507 2090 734 2175 perceptiones
755 2109 867 2153 rerum
889 2089 1056 2155 sensilium
1077 2090 1125 2155 di-

48 2183 172 2239 cuntur
192 2171 274 2235 oriri
296 2192 337 2235 ex
360 2170 456 2235 unica
490 2171 653 2237 activitate
686 2172 823 2235 animae.
851 2169 1044 2235 ldealismus
1068 2194 1125 2238 au-

49 2268 117 2320 tem
140 2251 323 2318 obiectivus
350 2250 404 2316 ille
430 2261 589 2327 vocatur,
611 2253 645 2317 in
667 2272 732 2335 quo
760 2252 918 2317 asseritur
946 2256 1125 2338 perceptio·

48 2358 107 2403 nes
122 2334 290 2399 sensitiras
305 2354 323 2397 a
339 2331 480 2417 quadam
500 2354 598 2398 causa
621 2344 711 2399 extra
735 2335 878 2399 animam
901 2335 1020 2422 posita,
1037 2356 1126 2400 nem-

51 2442 91 2505 pe
116 2438 135 2480 a
157 2415 237 2491 Deo,
261 2413 417 2479 derivari.

89 2500 143 2568 35.
169 2497 236 2561 atii
260 2518 347 2573 vero,
371 2498 519 2581 quamvis
541 2496 739 2561 sensationes
760 2496 955 2561 subiectivas
977 2518 1046 2562 esse
1069 2498 1126 2562 do-

48 2590 164 2657 ceant,
188 2599 226 2642 ac
246 2577 381 2663 proinde
408 2577 521 2642 mundi
547 2578 753 2643 existentiam
781 2600 843 2642 non
865 2579 914 2642 uti
938 2578 1059 2644 lactum
1083 2600 1126 2644 ex

50 2681 209 2729 sensuum
233 2660 419 2725 testimonio
434 2669 636 2745 compertum
656 2658 840 2737 admittant,
859 2669 965 2724 tamen
980 2661 1070 2725 illam
1085 2682 1127 2726 ex

47 2743 191 2811 rationis
211 2741 353 2807 decretis
374 2738 521 2807 stabilire
550 2750 719 2805 conantur.
749 2742 836 2805 llaec
864 2743 1024 2805 sententia
1046 2742 1126 2809 dioi-

50 2841 106 2893 tur
128 2824 293 2890 molismus
315 2822 543 2969 hypotheticus,
565 2822 616 2886 vel
638 2822 886 2887 rationulismus.

91 2908 145 2974 36.
170 2905 239 2969 lam
260 2905 321 2971 etsi
368 2926 405 2971 ae
433 2924 544 2968 omnes
576 2905 756 2970 sententiae
782 2925 823 2969 ex
851 2903 1127 2971 demonstratione

50 2986 281 3075 praecedentis
310 2986 543 3073 propositionis
569 2984 669 3050 falsae
696 3006 765 3051 esse
793 2986 1058 3073 perspiciantur,
1082 2998 1129 3052 ta-

51 3092 130 3136 men
147 3078 292 3155 praestat
312 3068 459 3132 nonnihil
481 3077 593 3132 contra
608 3066 751 3151 singulas
765 3067 934 3154 speciatim
959 3065 1125 3133 adnotare.

93 3154 197 3236 Prop.
222 3150 268 3214 1².
292 3150 487 3216 Sensotiones
508 3149 591 3213 oriri
615 3160 767 3233 nequeunt
788 3148 826 3213 ab
848 3148 944 3213 unica
968 3151 1129 3215 solicitata

50 3234 192 3308 animae,
215 3254 251 3296 nc
268 3232 401 3316 proinde
423 3232 519 3315 falses
540 3241 583 3293 cst
603 3229 787 3296 ldealismus
811 3230 1012 3295 subiectione.

92 3312 268 3379 Probatur.
290 3314 408 3379 Anima
436 3315 469 3379 in
496 3310 737 3378 sensationibus
763 3334 797 3379 se
824 3312 997 3397 experitur
1025 3314 1127 3396 passi·

53 3417 141 3474 ram,
166 3394 251 3461 unde
273 3397 469 3462 sensationes
490 3405 565 3460 sunt
586 3395 791 3477 operationes
814 3394 960 3479 passivae
976 3394 1000 3455 ².
1026 3396 1127 3479 Atqui

396 3527 726 3545 m

91 3612 101 3650 ¹
123 3609 161 3665 Cl
176 3615 305 3679 Duram,
325 3625 350 3662 c.
373 3608 420 3669 lll,
436 3625 463 3661 s.
484 3611 512 3670 l,
533 3624 560 3673 p.
583 3609 646 3660 116.

89 3686 103 3723 ²
125 3682 161 3739 Cl
179 3690 307 3752 laynam,
329 3686 381 3741 loo.
402 3685 461 3745 eit,
483 3699 510 3748 p.
536 3682 663 3733 tratre.
