2475 3909
513 174 744 224 nrunuuouru
1055 161 1116 227 167

89 261 300 341 Huiusmodi,
323 284 352 327 e.
377 282 424 346 g„
448 271 496 326 est
516 262 613 335 actio,
636 279 721 342 quac
743 256 778 323 fit
800 278 860 344 per
875 260 1065 341 violentiam,
1088 267 1155 332 sive

87 347 301 422 coactionem,
324 345 383 409 hoc
405 353 475 422 est,
497 343 539 408 ab
559 340 714 407 exteriori
738 341 842 424 princi
868 341 1048 419 inuritur,
1071 347 1159 413 obsi-

87 435 192 492 stente
215 426 392 501 voluntate,
416 423 597 490 cuiusmodi
621 431 670 487 est
690 430 798 485 motus
819 361 922 500 illlus,
943 425 1000 510 qui
1017 428 1057 491 ab
1072 449 1157 514 equo

87 509 227 594 rapitur,
251 518 288 572 ut
310 509 342 572 in
362 507 491 572 vincula
506 505 713 572 coniiciatur.
729 503 804 568 Noa
817 505 1032 570 uoluntariam
1048 520 1157 576 autem

86 588 331 666 diciturillud,
353 590 439 674 quod
462 611 480 654 a
502 588 667 654 voluntate
689 606 754 650 non
776 587 1010 671 proficiscitur,
1034 591 1089 656 sed
1111 605 1156 659 ta-

86 694 162 736 men
187 668 334 737 voluntas
363 671 393 735 ci
424 693 488 735 non
516 669 706 734 adversatur
719 689 732 745 ;·
758 690 789 733 e.
820 690 865 765 g,
893 689 956 732 non
981 673 1156 740 voluntarii

86 761 164 818 sunt
191 761 281 818 actus
308 753 499 819 facultatum
526 752 772 836 regelantium,
795 750 828 814 ln
851 749 964 828 enim,
987 773 1061 818 cum
1084 756 1153 822 sine

86 835 155 898 ulla
178 839 309 919 praevia
331 836 517 921 cognitione
540 833 628 910 fiant,
645 854 663 896 a
678 831 841 897 voluntate
861 851 924 894 non
946 835 1155 918 proficiscun-

86 926 152 991 tur,
177 937 237 980 ucc
258 927 364 982 tamen
386 916 534 982 voluntas
549 915 629 999 ipsis
643 914 843 978 adversatur.
867 912 1036 1007 Voluntas,
1058 931 1155 1005 prout

85 997 231 1063 relertur
251 999 291 1063 ad
313 1000 586 1074 involuntarium,
609 995 730 1061 dicitur
750 995 853 1070 nolle,
876 993 959 1060 idest
986 1001 1061 1064 celle
1092 1023 1154 1066 aon

84 1079 221 1165 aliquid.
238 1104 254 1142 u
272 1081 354 1146 Nolo
376 1082 447 1159 hoc,
470 1079 564 1155 idest,
587 1078 660 1142 volo
682 1078 743 1141 hoc
762 1098 822 1173 pon
843 1095 905 1139 esse
918 1077 962 1154 Ι»;
979 1092 1077 1164 prout
1097 1105 1155 1150 au·

86 1173 149 1226 tem
173 1161 314 1228 refertur
334 1163 373 1227 ad
398 1185 460 1228 non
486 1163 714 1236 uoluntarium,
737 1158 859 1224 drcrtur
879 1177 940 1221 non
961 1163 1055 1240 velle,
1079 1187 1154 1231 nam

84 1265 146 1308 non
169 1243 380 1308 uoluntarium
403 1247 435 1309 in
459 1265 547 1310 mera
570 1243 740 1328 negatione
762 1241 938 1306 voluntarii
961 1246 1120 1312 consistit.

127 1326 197 1392 198.
221 1327 271 1390 Ex
294 1326 494 1404 delinitione,
516 1346 614 1410 quam
636 1322 841 1400 tradidimus,
864 1330 955 1414 actus
976 1327 1152 1394 voluntarii

85 1406 183 1472 facile
205 1419 254 1473 cst
276 1407 478 1492 intelligere,
502 1405 581 1493 quid
612 1404 955 1484 intercolumnium,
978 1418 1010 1472 et
1031 1423 1153 1492 sponta-

82 1509 175 1552 neum
199 1490 335 1554 intersit.
359 1490 538 1574 Spontanea
568 1489 690 1553 dicitur
710 1488 818 1561 actio,
841 1507 925 1572 quae
953 1486 995 1552 ab
1026 1491 1152 1556 interno

82 1571 218 1654 quidem
233 1572 398 1715 principio
414 1570 644 1654 proficiscitur,
661 1568 791 1654 praevia
806 1571 1003 1655 cognitione,
1019 1592 1081 1656 qua
1096 1596 1151 1660 ap-

105 1651 336 1718 rehendrturo
363 1653 494 1730 lectum,
519 1654 563 1718 ita
586 1662 706 1726 tamen,
727 1660 846 1714 utnon
866 1663 1080 1736 cognoscatur
1102 1678 1152 1720 re-

83 1671 163 1799 latio
188 1737 272 1798 inter
292 1733 479 1810 obiectum,
501 1743 597 1818 atque
621 1734 804 1808 actionem,
827 1752 911 1816 quae
934 1733 974 1797 ad
997 1733 1078 1799 illud
1099 1759 1153 1801 or-

81 1814 193 1879 dinem
216 1814 322 1880 habet.
345 1815 538 1881 Voluntaria
560 1826 681 1890 autom,
704 1814 730 1877 si
777 1814 887 1878 raevia
902 1817 1045 1900 cognitio
1065 1819 1153 1884 eius·

82 1897 171 1962 modi
195 1907 256 1971 esi,
279 1919 296 1958 u
320 1907 433 1962 utnon
455 1897 560 1960 solum
583 1833 844 1981 apprehendatur
865 1915 928 1969 res,
951 1917 1036 1980 quae
1053 1910 1102 1964 est
1117 1902 1152 1966 li·

82 1979 145 2053 nis,
169 1977 222 2042 sed
246 1978 344 2043 etiam
366 1988 581 2059 cognoscatur
603 1980 688 2042 ratio
709 1975 798 2051 linis,
821 1986 853 2040 et
874 1979 1043 2062 proportio
1065 1983 1149 2058 eius,

78 2060 168 2143 quod
192 2060 364 2126 ordinatur
384 2061 423 2124 ad
448 2059 570 2125 linem²
595 2082 624 2121 n.
647 2060 700 2124 Ex
720 2060 771 2123 his
792 2057 959 2142 colligitur
981 2058 1013 2124 1⁰
1034 2061 1151 2128 discri-

80 2162 155 2206 men
180 2143 265 2208 intcr
288 2141 514 2218 uoluntarium,
538 2152 569 2208 et
590 2150 790 2223 spontaneum
819 2161 862 2203 ex
882 2160 922 2205 eo
944 2143 1039 2217 oriri,
1062 2147 1149 2224 quod

78 2225 238 2309 cognitio,
263 2243 346 2307 quae
372 2225 457 2288 actui
483 2223 669 2307 praecedit,
695 2221 861 2306 perlecta,
884 2233 940 2288 aut
961 2224 1149 2308 imperfecta

79 2304 212 2379 es132⁰
236 2306 510 2389 Spontaneitatem
536 2305 568 2368 in
591 2303 719 2370 actibus
740 2324 870 2387 quoque
892 2307 1056 2390 appetitus
1079 2331 1149 2374 sen-

78 2388 169 2452 sitivi
192 2388 261 2451 sine
284 2407 445 2450 concursu
468 2386 644 2452 voluntatis
665 2386 774 2449 locum
796 2383 939 2463 habere,
961 2399 994 2452 et
1015 2393 1150 2455 actioni·

78 2466 141 2532 bus
161 2487 291 2553 quoque
315 2467 484 2532 brutorum
505 2467 665 2542 attribui,
686 2485 717 2531 e.
741 2485 784 2562 g„
810 2468 916 2541 canis,
940 2468 1053 2535 audita
1075 2473 1146 2538 heri

78 2569 171 2627 voce,
194 2570 252 2614 sua
274 2559 388 2634 sponte
404 2547 442 2613 ad
458 2570 532 2612 eum
547 2548 700 2614 accedere
720 2547 864 2625 dreitur3
888 2548 922 2615 3⁰
945 2554 1084 2635 turpiter
1098 2577 1148 2619 er-

77 2651 167 2696 rasse
189 2632 394 2706 Cousinium,
417 2632 473 2726 qui
499 2631 642 2696 actiones
655 2639 847 2716 spontaneas
862 2652 926 2694 non
941 2632 1046 2698 solum
1069 2635 1149 2702 libe-

77 2733 143 2788 ras,
167 2713 222 2777 sed
246 2714 388 2778 maxime
410 2711 531 2776 liberas
545 2732 613 2776 esse
628 2710 793 2777 contendit
808 2713 832 2786 ⁸3
855 2715 1031 2780 cumcuim
1047 2720 1148 2784 actio·

77 2815 134 2859 nes
157 2804 351 2878 spontaneae
373 2796 472 2860 etiam
501 2795 605 2858 brutis
626 2793 843 2869 conveniant,
877 2795 967 2880 ipsae
1002 2800 1146 2883 perlecto

77 2876 280 2942 voluntariae
303 2897 371 2940 esse
396 2897 458 2938 non
486 2887 632 2960 possunu
655 2885 776 2941 tantum
800 2875 918 2953 abest,
940 2887 978 2943 ut
997 2885 1145 2948 omnium

77 2960 223 3022 maxime
245 2957 369 3022 liberae
392 2958 467 3023 sint.

118 3039 188 3106 199.
212 3039 360 3134 Denique
382 3047 472 3104 actus
493 3035 696 3104 voluntarius
723 3038 757 3101 in
779 3038 945 3116 elicitum,
969 3051 1065 3127 atque
1086 3047 1147 3108 im.

96 3132 220 3185 erutum
241 3119 468 3207 distinguitur.
493 3122 592 3183 Actus
614 3117 717 3183 eliciti
739 3130 824 3196 sunt,
839 3122 896 3204 qui
914 3142 971 3206 per
989 3144 1023 3188 se
1038 3125 1078 3190 ad
1093 3148 1148 3191 ro·

72 3139 233 3270 luntatcm
258 3204 433 3287 pertinent,
450 3202 607 3285 abeoquo
629 3211 795 3285 tamquam
816 3204 959 3269 actiones
979 3208 1053 3272 eius
1074 3229 1147 3294 pro

110 3414 120 3450 ¹
141 3413 174 3462 ln
193 3411 238 3460 led.
261 3411 375 3468 lSent„
396 3407 463 3460 Dist.
484 3405 531 3469 Vl,
550 3412 670 3474 Erpoatt.
690 3419 753 3462 teat.

109 3483 123 3520 ²
145 3484 171 3530 1¹
190 3483 241 3538 2¹⁰,
262 3496 290 3544 q.
310 3479 357 3537 Vl,
378 3495 404 3531 a.
424 3481 440 3531 2
461 3495 487 3530 c.

108 3557 121 3592 ³
141 3551 201 3604 pig
224 3556 341 3616 Fretum„
362 3551 433 3604 Pur.
455 3551 469 3602 t
489 3553 513 3600 la
536 3553 578 3600 lr·
596 3551 661 3603 e'dit.
682 3549 807 3608 Cousinio
820 3558 998 3622 adstipulatus
1017 3568 1057 3614 est
1075 3562 1145 3618 Sais-

72 3634 157 3688 suut,
178 3628 291 3680 Dtctton.
310 3625 388 3690 pru..
408 3629 460 3676 art.
483 3623 587 3677 Iabertd.
