2475 3909
440 176 695 228 tarracinensis
1014 160 1076 229 237

54 262 163 328 cienda
183 262 256 327 adeo
278 284 317 325 ec
338 284 368 327 se
389 273 432 326 est
449 265 633 349 perspicua,
656 278 691 329 ut
711 286 804 351 neque
829 265 1119 331 demorutratiarnm

54 345 217 418 admittat,
238 366 275 409 ne
295 366 332 407 ue
353 346 620 412 demonstrationis
643 358 735 431 egeat.

94 427 256 492 Probatur
276 366 311 493 i*
327 449 413 514 pars,
436 448 550 513 nempe
573 450 636 493 non
657 429 793 494 admittit
813 429 910 494 aliam
932 429 1122 493 demonstra-

54 507 181 573 tionem.
197 510 292 575 Nulia
312 521 361 576 est
380 509 622 590 demonstratio,
645 514 679 577 in
701 531 764 596 qua
788 509 834 585 id,
858 509 944 596 qnod
968 512 1000 574 in
1021 530 1123 606 quae·

52 592 191 655 stionem
213 591 399 668 adducitur,
421 614 481 676 pro
503 604 590 659 certo
613 596 754 659 sumitur
769 594 792 655 ¹.
816 594 913 691 Atqui
938 590 1122 657 intaitmiti-

54 681 103 735 tas
126 674 340 740 eonscientiae
372 675 586 741 demonstrari
613 677 751 763 nequit,
773 676 836 740 nisi
863 696 928 740 iam
951 695 1009 760 pro
1031 686 1119 740 certa

54 762 216 821 sumatur.
239 758 338 842 Ergo.

96 834 147 899 16.
171 836 284 902 Minor
311 840 356 904 ita
378 836 632 905 demonstratur:
657 840 690 906 Si
717 838 793 923 quis
817 837 1028 906 veracitatem
1048 857 1122 901 con-

54 916 208 981 scientiae
228 919 509 987 demonstrandam
530 919 731 1007 aggreditur,
748 922 814 986 iam
837 921 1005 1008 percipere
1027 918 1123 985 debet

54 1018 281 1086 quaecumque
308 1001 610 1068 demonstrationem
633 1004 845 1082 constituunt,
866 1014 899 1069 et
920 1013 1043 1067 certum
1057 1002 1122 1088 ipsi

54 1102 127 1145 esse
150 1079 246 1148 debet
267 1105 300 1148 se
328 1107 365 1150 ea
388 1085 569 1172 percipere.
592 1084 692 1171 Atqui
720 1085 751 1150 id
776 1106 838 1151 non
861 1085 956 1152 aliter
975 1093 1122 1151 constare

53 1164 86 1226 ei
111 1173 238 1249 potest,
260 1188 360 1251 quam
386 1189 426 1231 ex
455 1168 642 1233 testimonio
669 1168 892 1235 conscientiae.
920 1170 1007 1253 Erga
1034 1186 1123 1231 vera·

55 1246 139 1310 citas
154 1250 368 1314 conscientiae
390 1248 604 1317 demonstrari
618 1251 745 1335 nequit,
767 1252 848 1335 quin
868 1251 934 1316 iam
957 1270 1017 1336 pro
1037 1259 1124 1313 certa

55 1336 218 1392 sumatur.

98 1409 150 1471 17.
173 1410 333 1477 Probatur
353 1411 389 1476 2·
411 1432 502 1499 pars,
526 1433 642 1499 nempe
667 1412 934 1478 demonstrationis
960 1432 1021 1474 non
1050 1424 1122 1494 eget.

54 1491 131 1556 Non
154 1506 227 1579 eget
248 1492 533 1561 demonstrationis
554 1493 608 1559 iiia
632 1497 761 1573 veritas,
784 1516 866 1580 quae
888 1494 1071 1560 admittitur
1085 1494 1124 1556 ab

55 1594 94 1636 eo
119 1573 203 1668 ipso,
226 1578 283 1661 qui
307 1598 376 1641 eam
399 1588 510 1662 negat,
534 1588 590 1641 aut
611 1576 650 1644 de
672 1599 709 1642 ea
730 1577 868 1645 dubitat.
894 1578 991 1661 Atqui
1015 1577 1125 1641 huius-

54 1653 147 1719 modi
163 1668 210 1723 est
227 1657 445 1724 inialiibiiitas
465 1660 680 1725 conscientiae
697 1663 783 1725 cirea
799 1664 912 1738 nostri,
929 1670 1127 1723 nostrarum-

55 1758 123 1822 que
146 1740 352 1806 affectionum
374 1742 590 1807 existentiam.
614 1743 714 1827 Erga.

99 1820 151 1885 18.
168 1822 280 1889 Minor
301 1822 538 1890 demonstratur
559 1823 619 1890 hac
640 1824 748 1889 mado:
765 1822 829 1901 Qui
851 1845 884 1889 se
907 1824 1047 1889 existere
1071 1843 1125 1884 nn-

56 1912 137 1985 gat,
159 1924 234 1969 sane
261 1906 397 1971 affirmat
422 1928 456 1971 se
483 1907 625 1972 existere
652 1908 684 1971 in
712 1916 794 1972 statu
817 1906 1023 1991 negationis,
1045 1913 1078 1966 et
1099 1904 1126 1967 si

56 1984 205 2064 dubitat,
227 1998 338 2054 utrum
360 1991 415 2065 sit,
437 2009 470 2054 se
492 1991 630 2055 existere
654 1990 686 2053 in
702 1998 786 2056 statu
807 1986 1020 2053 dubitationis
1042 1985 1125 2049 affir-

56 2080 144 2141 mat,
168 2080 200 2134 et
220 2073 247 2135 si
270 2069 357 2136 dicat
382 2092 416 2135 se
437 2072 577 2149 nescire,
600 2094 641 2136 an
664 2071 719 2148 sit,
743 2072 808 2135 iam
826 2091 890 2169 pro
916 2080 1004 2134 certo
1025 2069 1126 2132 sumit

58 2170 94 2214 se
116 2150 259 2218 existere
283 2153 315 2216 in
345 2166 430 2220 statu
453 2155 666 2301 ignorantiae.
689 2153 835 2231 Quodsi
859 2151 956 2219 addat
977 2170 1011 2215 se
1033 2148 1128 2213 dubi-

57 2246 132 2297 tare
153 2235 264 2312 etiam,
288 2245 399 2301 utrum
420 2236 465 2301 du
488 2237 558 2315 itet,
580 2246 613 2301 et
628 2236 764 2314 nescire,
780 2246 890 2301 utrum
914 2236 1046 2311 nesciat,
1063 2232 1127 2299 uti-

56 2336 125 2400 que
147 2316 282 2383 affirmat
310 2340 343 2383 se
367 2318 536 2394 dubitare,
558 2339 596 2384 ac
618 2320 761 2396 nescire,
786 2338 823 2382 ac
845 2314 981 2404 proinde
1004 2337 1037 2381 se
1060 2314 1128 2379 exi·

58 2410 147 2463 stere
167 2400 203 2462 iu
224 2410 308 2466 statu
329 2400 554 2478 dubitationis,
569 2411 627 2467 aut
653 2402 856 2487 ignorantiae
875 2402 899 2463 ².
923 2398 1129 2475 Quinimmo

58 2480 86 2545 si
108 2481 184 2565 quis
206 2480 343 2549 obiiciat
366 2487 465 2549 vitam
480 2495 621 2550 nostram
643 2504 711 2548 esse
736 2494 928 2571 perpetuum
951 2480 1126 2572 somnium,

57 2562 335 2647 quemadmodum
355 2568 413 2631 hac
446 2577 607 2652 postrema
629 2574 732 2631 aetate
755 2565 904 2631 Fietheus
937 2569 1126 2636 autumavit,

58 2646 130 2713 iaus
146 2645 265 2713 fatetur
287 2669 344 2712 uos
365 2650 473 2713 risere
489 2650 522 2714 in
538 2659 623 2715 statu
637 2649 770 2723 somnii,
787 2647 924 2732 ideoque
947 2644 1088 2710 existere
1104 2642 1126 2704 ⁸.

457 2822 765 2835 „wa-—

100 2927 111 2963 ¹
133 2918 169 2976 Ci
186 2924 282 2987 capia,
303 2938 329 2985 p.
353 2920 385 2980 it,
405 2936 431 2973 e.
453 2919 519 2981 1,).
540 2921 615 2986 3,p.
637 2921 671 2972 tit
690 2936 732 2987 sq.

97 2998 112 3035 ²
135 3016 146 3042 ι
169 2993 195 3047 Si
215 2996 314 3054 taitar,
335 2994 470 3057 inanitati
491 2995 559 3045 naua
585 3008 642 3044 rem
660 3008 684 3043 s.
704 2994 885 3060 Augustinus,
905 3010 984 3053 sums
1006 3008 1066 3045 nam
1086 2994 1133 3056 qui

61 3086 117 3124 non
136 3073 188 3126 est,
208 3070 300 3131 utique
319 3082 368 3118 nea
387 3068 445 3118 tatii
464 3073 551 3131 potest
572 3086 597 3127 η
617 3070 654 3119 tie
674 3070 728 3119 Ciu.
751 3072 808 3128 tiri,
830 3069 875 3119 111).
891 3066 936 3127 itt,
957 3084 982 3119 a.
1003 3068 1049 3118 26.
1065 3065 1132 3117 item

62 3161 86 3195 s.
108 3138 206 3193 Thous.
225 3143 287 3210 toa.
308 3142 406 3204 diturus
422 3143 460 3191 De
476 3141 549 3199 Ver..
569 3154 597 3202 q.
617 3136 658 3197 11,
678 3150 704 3189 a.
728 3140 759 3189 te
780 3142 812 3191 ui
834 3140 875 3209 i):
900 3162 911 3187 ι
933 3138 1027 3191 Nuiius
1047 3142 1133 3202 potest

63 3218 195 3280 cogitare,
215 3228 243 3263 se
262 3227 315 3262 aon
335 3226 408 3273 esse,
429 3226 637 3270 eenamcenam
657 3213 684 3263 in
704 3212 754 3263 hoc
772 3216 855 3275 einim,
876 3215 947 3278 qnod
966 3213 1065 3277 cogitat
1083 3213 1134 3262 aii·

63 3291 142 3355 quid,
163 3288 275 3351 percipit
294 3299 321 3335 se
341 3299 398 3335 essa
421 3304 446 3344 s,
467 3279 503 3335 Ci
518 3284 580 3334 ibid.
601 3299 628 3334 a.
649 3286 665 3335 8
684 3286 716 3334 ad
737 3286 764 3336 Ξ.
784 3284 855 3338 idam
875 3286 980 3337 dicatur
998 3286 1030 3335 de
1050 3285 1135 3334 inter-

65 3366 107 3412 nis
126 3361 209 3411 animi
228 3357 421 3408 affectionibus.
435 3354 501 3407 Nam
520 3358 565 3420 qui
585 3358 660 3421 ponit
673 3358 780 3409 dubium
799 3360 981 3409 testimonium
994 3356 1133 3407 eonscien-
1187 3400 1191 3403 .

66 3438 121 3486 tiae
147 3434 264 3495 atiquam
290 3434 420 3481 internam
440 3428 605 3479 affectionem
632 3428 790 3489 referentis,
810 3431 890 3481 simul
913 3444 1010 3495 ponere
1029 3432 1135 3494 cogitur

65 3507 240 3559 veracitatem
260 3504 438 3554 eonscientiae
460 3503 533 3553 cirea
554 3503 627 3552 itiam
647 3504 726 3553 animi
746 3503 923 3563 affectionem,
944 3518 1012 3569 quae
1032 3509 1071 3553 est
1086 3504 1133 3555 du·

66 3580 173 3631 bitatio.

102 3646 171 3703 ici
185 3662 208 3699 t.
229 3648 312 3713 Attg„
333 3650 371 3699 De
391 3649 473 3709 Trita,
494 3647 540 3697 111).
562 3644 621 3704 ΧΥ,
643 3661 668 3697 c.
692 3648 734 3709 ti,
755 3662 782 3699 u.
804 3648 849 3699 ut.
