2475 3909
494 168 765 216 aurunorosocrs
1051 148 1112 211 279

81 251 260 317 bumanam
275 252 452 338 pertiuet¹,
467 272 552 335 quae
576 250 712 338 proinde
729 247 923 313 immortalis
945 246 1070 313 dicitur
1085 258 1152 313 tum

82 335 285 409 intrinsecus,
300 346 459 417 quatenus
481 332 607 397 nulium
631 331 694 397 sibi
718 330 937 415 corruptionis
953 331 1152 415 principium

86 415 220 480 insitum
242 426 315 489 est,
337 424 406 480 tum
425 417 644 491 extrinsecus,
667 425 827 499 quatenus
848 432 866 474 a
888 410 921 475 vi
942 424 1076 476 esterna
1099 409 1154 473 de-

82 496 167 560 strui
192 518 255 561 uon
278 506 393 581 potest.

125 576 198 642 203.
222 579 290 641 lam
313 578 497 640 animarum
519 574 760 641 immortalitati
784 571 997 637 adversantur
1019 593 1082 637 uon
1105 591 1154 633 so-

83 658 155 721 lum
177 670 303 723 veteres
324 668 535 740 recentesque
558 656 813 730 materialium,
836 656 893 740 qui
917 654 1057 718 animam
1079 673 1153 715 cum

81 758 223 822 corpore
240 741 374 804 interire
396 752 539 817 censent,
555 738 610 803 sed
626 741 725 804 etiam
748 757 859 801 omnes
882 735 922 811 ii,
938 737 996 819 qui
1014 734 1153 797 animam

84 830 157 965 post
178 821 259 885 banc
283 822 381 886 vitam
404 820 636 887 conscientiam
659 820 709 884 sui
729 867 737 899 ‚
761 818 1077 903 praeteritorumque
1107 811 1155 877 ai·

100 902 262 966 ectiouum
284 901 436 966 amittere
453 900 671 979 arbitrantur;
685 920 772 977 nam,
789 897 969 964 secundum
990 896 1071 961 banc
1085 916 1156 959 sen-

85 984 232 1058 teutiam,
245 985 353 1046 anima
370 1002 475 1066 neque
487 984 588 1047 vitam
603 1004 695 1048 suam
711 983 928 1055 continuaret,
942 999 1047 1063 neque
1062 997 1156 1064 prae-

84 1064 173 1141 mii,
196 1074 254 1129 aut
277 1083 399 1149 poenae
421 1083 525 1148 capax
547 1075 643 1130 esset.
667 1066 702 1127 in
725 1063 841 1128 borum
863 1081 995 1125 censum
1021 1059 1156 1124 veniunt

86 1144 122 1209 1⁰
145 1146 346 1228 pantbeisiae
365 1192 374 1220 ‚
395 1146 452 1227 qui
476 1146 618 1209 animam
637 1192 646 1223 ,
668 1144 825 1210 dissoluto
853 1164 910 1208 cor
934 1164 1016 1219 ore,
1040 1141 1156 1207 Divina

85 1225 269 1293 substantia
292 1224 461 1290 absorberi
483 1225 706 1304 contendunt,
732 1228 776 1292 ita
808 1236 845 1291 ut
865 1163 1043 1311 veiipsam
1068 1222 1155 1287 iliam

90 1308 298 1373 individuam
320 1308 621 1390 existentiamque
646 1310 678 1372 in
694 1308 744 1371 bis
767 1310 862 1373 terris
885 1306 951 1372 irui
974 1306 1086 1371 sallem
1109 1306 1157 1367 vi·

82 1389 235 1466 debatur,
262 1408 396 1476 prorsus
410 1390 539 1453 amittat
555 1390 580 1465 ’ς
594 1387 629 1451 2⁰
644 1388 792 1455 hodierni
808 1399 1067 1475 propugnatores
1082 1407 1157 1450 con·

80 1699 110 1734 a.
131 1686 147 1734 3
168 1688 200 1734 arl
221 1685 260 1756 9).
279 1710 288 1734 ι
306 1689 361 1741 lius
381 1693 470 1749 modo.
491 1692 578 1742 subdit
596 1690 667 1741 idem
687 1696 794 1739 sanctus
813 1686 922 1748 Ductor.
940 1690 1020 1741 bomo
1040 1694 1065 1742 in
1086 1698 1157 1743 statu

82 1760 251 1808 innocentiae
271 1761 365 1813 inisset
386 1765 604 1827 incorruptibilis,
625 1772 651 1812 et
672 1762 876 1812 immortalis...
897 1760 954 1812 Nou
973 1764 1044 1813 euim
1059 1778 1156 1827 corpus·

81 1830 140 1877 eius
159 1836 218 1880 erat
238 1833 418 1886 indissolubile
439 1851 486 1899 per
504 1838 620 1900 aliquem
641 1834 850 1884 immortalitslis
865 1836 983 1897 rigorem
1004 1838 1029 1885 in
1049 1850 1082 1885 oo
1101 1826 1158 1887 oii-

82 1905 217 1955 stentem.
242 1906 287 1954 sed
312 1910 398 1958 inerat
423 1910 527 1958 animae
553 1909 593 1957 ris
615 1907 747 1970 quaedam
772 1908 1009 1968 supernaturaliter
1028 1909 1159 1959 diuinitus

80 1976 164 2030 data.
192 1990 239 2038 per
263 1992 343 2040 quarn
370 1986 474 2042 poterat
498 1994 597 2043 corpus
623 1979 656 2028 ab
681 1978 753 2027 omni
778 1980 949 2039 corruptione
975 1994 1157 2041 praeservare.

79 2047 209 2111 quamdiu
229 2048 283 2109 ipsa
306 2048 360 2102 Deo
380 2054 500 2103 subiecta
521 2054 661 2101 mansisset
684 2068 709 2107 ις
732 2046 751 2105 Ι.
771 2064 800 2111 tl·
822 2044 927 2107 xcvtt.
948 2066 975 2101 ὃ·
1000 2052 1008 2100 ¹
1032 2067 1059 2102 ὓ·

119 2114 130 2154 ¹
150 2116 273 2170 ,inimum
293 2123 439 2173 arimannis
459 2132 566 2181 nutura,
580 2137 632 2173 uon
646 2126 735 2171 autem
756 2124 853 2184 pratia,
869 2135 916 2172 seu
935 2125 993 2173 solo
1013 2124 1096 2175 libero
1117 2122 1159 2173 lli-

81 2192 160 2239 rinae
174 2194 318 2243 voluntatis
338 2196 458 2254 arbitrio,
473 2194 635 2259 biriaucque
654 2196 754 2257 gratiae
775 2206 884 2244 munere
904 2194 1084 2245 immortalem
1099 2210 1159 2245 esee

80 2264 206 2313 dicimus.
226 2260 317 2327 Neque
338 2268 402 2317 illud
422 2282 586 2333 quemquam
605 2270 722 2317 moreat.
737 2266 805 2329 quod
821 2266 847 2315 ln
862 2264 939 2316 Sexta
952 2265 1056 2331 Synodo
1071 2264 1160 2329 Capo-

81 2336 164 2383 titaua
186 2333 218 2385 ili
239 2338 401 2399 approbatae
422 2340 531 2389 luerunt
550 2338 678 2402 epistolae
698 2332 849 2398 sophronii.
874 2336 1043 2389 Patriarobae
1066 2338 1159 2391 {liero-

81 2406 247 2469 solymitani‚
268 2413 296 2459 ira
315 2412 411 2473 quibua
430 2412 585 2461 tradebatur
603 2410 802 2467 intellectualia.
823 2414 905 2472 alque
925 2412 1085 2470 irauiatbiiio,
1107 2410 1160 2464 bn·

80 2480 155 2541 gelos
174 2479 290 2541 scilicet,
310 2488 338 2532 et
358 2484 475 2533 animam
496 2485 666 2540 rationalem,
689 2482 851 2531 immortalia
871 2495 929 2531 ease
949 2495 1000 2531 non
1019 2498 1066 2547 par
1085 2492 1161 2534 nutu-

79 2565 153 2604 runa.
173 2550 218 2599 aed
237 2566 282 2615 par
302 2560 427 2618 pretium.
441 2552 549 2605 Etenim
564 2557 624 2613 bae,
639 2556 762 2615 aliaeque
776 2553 876 2603 similer
892 2555 1018 2617 loquendi
1033 2558 1158 2614 rationes.

80 2634 152 2683 quae
170 2625 240 2685 apud
262 2623 311 2677 er.
331 2635 488 2686 occurrunt,
509 2643 559 2677 uon
579 2626 652 2677 aliud
674 2622 868 2689 praeseferunt,
884 2638 965 2689 quam
980 2628 1160 2678 immortalem

78 2707 136 2745 uon
156 2707 232 2758 posse
251 2710 308 2749 essa
329 2700 459 2755 animaru,
479 2701 528 2750 uisi
550 2700 632 2749 libera
652 2698 790 2747 uoluntate
810 2693 856 2746 bei
876 2702 1025 2757 crearetur,
1045 2712 1159 2763 eamque

79 2767 225 2816 sortiretur
245 2776 381 2827 naturam,
396 2773 439 2821 cui
454 2773 640 2822 immortalitas
658 2770 810 2819 necessario
830 2771 996 2828 conventren
1010 2776 1038 2819 et
1052 2774 1161 2834 proinde

80 2838 232 2901 significant
259 2844 436 2893 amovendam
456 2858 546 2894 osaea
567 2849 662 2893 natura
687 2842 793 2890 animae
819 2838 892 2889 iilam
919 2842 1160 2902 immortalitatem,

80 2924 153 2974 qnae
172 2911 254 2960 solius
274 2910 321 2962 Dei
343 2917 446 2977 propria
461 2921 512 2974 est3
528 2916 657 2979 siquidem
678 2915 755 2962 sicuti
774 2909 844 2962 Deus
864 2912 944 2962 babet
963 2927 1017 2963 asae
1036 2928 1051 2963 a
1070 2928 1109 2974 se,
1125 2917 1162 2966 itu

81 2994 192 3046 quoque
213 2984 421 3045 independenter
439 2987 472 3035 ab
492 2988 545 3037 aiio
564 2993 604 3037 eat
624 2986 799 3043 immortalia;
815 2984 901 3033 suima
923 2998 986 3035 sero
1006 2988 1084 3035 sicuti
1105 3002 1164 3051 pro-

81 3056 174 3118 prium
195 3068 249 3105 am
268 3059 371 3119 recepit
390 3072 404 3107 a
425 3055 490 3117 Deo,
507 3060 543 3108 ita
564 3070 671 3124 quoque
690 3057 723 3105 ab
742 3053 782 3108 Eo
803 3058 951 3106 naturalem
965 3070 1041 3107 suam
1056 3060 1164 3109 immor-

81 3128 218 3176 talitatem
237 3130 348 3191 recepit;
369 3143 485 3192 eamque
503 3145 566 3181 curu
586 3128 761 3191 dependentia
780 3128 813 3177 ab
835 3127 892 3191 ipso
913 3130 1017 3179 retinet.

119 3196 133 3232 ²
154 3193 318 3250 incredibilia
339 3214 451 3265 prorsus
469 3204 601 3261 sidentur,
616 3213 685 3265 quae
700 3200 740 3250 bis
754 3202 893 3261 postremis
906 3204 992 3259 anuis,
1007 3206 1165 3265 praesertim

79 3269 116 3319 ab
136 3266 301 3332 Hegeliauia.
322 3278 413 3323 contra
435 3277 586 3323 animorum
606 3272 836 3323 immortalitatem
858 3274 991 3335 disputata
1007 3278 1078 3331 suut,
1093 3275 1166 3325 adla-

79 3341 259 3400 boraniibus,
281 3344 350 3394 dure
369 3340 462 3408 linge,
483 3348 627 3396 Annalium
646 3356 831 3408 permanerem
855 3345 1038 3409 scriptoribus.
1059 3343 1166 3398 Straoss

78 3418 175 3477 aperte
194 3414 330 3476 protessus
344 3422 385 3466 est
397 3420 548 3467 animorum
569 3415 797 3467 immortalitatem
811 3428 869 3467 esre
883 3423 1046 3480 postremum
1061 3417 1166 3473 bostem

81 3490 109 3535 ln
131 3485 260 3536 scientiae
287 3486 469 3549 speculativae
494 3503 590 3552 eampo
615 3486 820 3552 profligandum.
842 3486 941 3540 Eorum
961 3491 1084 3541 emulum
1112 3504 1166 3544 una

79 3557 185 3613 terme,
204 3558 354 3623 eademque
373 3562 516 3621 sententia,
536 3576 606 3625 qnae
625 3576 658 3612 ex
678 3561 835 3623 pantheiasrl
856 3563 991 3625 principiis
1010 3562 1078 3621 duit.
1098 3564 1166 3615 baro

79 3637 139 3685 est:
160 3625 242 3683 Unica
262 3637 302 3682 est
324 3634 461 3694 omnium,
481 3648 551 3701 quaa
571 3641 648 3695 suut,
669 3634 732 3695 rita,
753 3648 839 3703 eaque
859 3634 976 3699 infinita,
997 3638 1164 3702 universalis,
