2475 3909
116 145 177 212 23i
472 157 746 208 asrnaorococri

101 247 281 332 rincipium
302 243 549 318 intellectivam,
571 263 645 307 curn
668 243 716 308 eis
738 241 907 318 consentit;
929 263 1001 308 nam
1016 241 1145 312 animae
1226 274 1228 344 p

77 266 239 394 bumanae
260 348 304 392 en
324 347 387 403 eo,
409 325 495 411 quod
520 324 714 391 intellectiva
736 335 805 402 est,
828 324 908 391 illud
927 373 935 402 ,
957 334 993 390 ut
1014 348 1090 391 mox
1111 347 1147 390 o-

79 411 287 488 stendemus,
308 411 471 485 convenit,
494 429 557 474 non
580 407 697 473 babere
719 427 783 471 esee
802 417 976 472 concretum
997 408 1032 470 ia
1055 422 1148 472 mnte-

77 494 131 556 ric
145 493 179 569 ¹,
202 513 240 557 ac
262 492 396 577 proinde
417 512 436 554 a
462 509 599 574 corpore
627 499 807 575 separatam
836 490 1011 556 subsistere
1039 511 1145 577 posse.
1229 517 1230 526 2

78 576 166 658 Ergo
187 575 326 640 essentia
349 572 476 638 animae
497 574 657 637 humanae
684 572 718 636 in
739 594 778 637 eo
800 573 966 648 consistit,
987 572 1074 658 quod
1098 583 1149 639 est
1230 584 1231 608 ³

80 656 280 752 principium
312 654 570 730 intellectivam,
597 665 631 720 ct
660 653 756 720 simul
789 652 895 718 lorma
927 655 1149 720 substantialis
1231 686 1232 698 ¹

77 758 136 803 cor
181 759 236 802 ns.

121 759 189 888 ibit.
214 821 265 884 Ex
286 819 337 884 bis
357 817 539 903 colligitur,
560 815 725 903 quomodo
746 819 850 886 anima
873 817 1010 883 bumana
1032 821 1076 884 sit
1095 819 1152 885 de-

80 899 232 966 linienda.
256 902 357 966 Porro
379 900 505 964 animae
520 899 739 964 communiter
752 912 903 984 acceptae
920 899 1065 966 delinitio
1086 913 1148 966 est:

79 984 176 1048 Actus
192 986 320 1068 primur
339 982 480 1066 corporis
500 980 628 1064 physici
649 983 790 1064 erponici
810 983 950 1066 potentio
976 984 1073 1048 oitcna
1095 985 1151 1048 bn-
1234 996 1235 1004 ’

79 1064 179 1129 brutis
192 1069 217 1129 ².
238 1065 343 1130 Voces
365 1067 456 1140 iliae,
480 1074 568 1127 octor
583 1064 729 1146 primus,
753 1064 893 1128 animam
915 1085 984 1130 esse
1007 1065 1150 1130 sormam
1235 1100 1236 1118 κ

80 1145 334 1223 substantialem,
357 1169 394 1213 ac
418 1144 552 1232 proinde
575 1165 593 1209 a
616 1142 732 1209 lormis
756 1144 1011 1212 accidentalibus
1033 1147 1151 1213 distin·
1236 1203 1237 1218 ,

81 1229 138 1314 gui
160 1229 332 1315 designant
350 1231 374 1294 ⁸.
397 1229 527 1294 Dicitur
558 1237 666 1291 autem
688 1238 775 1290 ocius
795 1229 935 1311 eorporis
953 1229 1077 1314 physici
1099 1250 1153 1293 or-

79 1313 199 1394 portici,
221 1313 298 1396 quia
320 1337 337 1373 a
359 1313 465 1377 anima
488 1310 567 1375 lacit
591 1310 698 1393 ipsum
724 1329 842 1394 corpus
867 1313 1084 1396 organicum,
1107 1311 1153 1376 si-

81 1403 138 1459 cat
157 1394 266 1460 lumen
289 1394 368 1460 iacit
388 1390 510 1477 aliquid
534 1412 603 1455 esse
626 1389 802 1455 lucidum⁸
826 1415 854 1454 a.
877 1393 921 1457 lis
943 1393 1075 1468 verbis,
1096 1411 1153 1477 po-

80 1478 177 1542 tentin
197 1478 295 1540 citam
316 1476 463 1550 babentia,
486 1473 690 1558 significatur
714 1474 879 1550 animam,
901 1476 1039 1540 comsit
1061 1485 1153 1541 actus

83 1561 209 1644 primus
228 1559 374 1644 corporis
394 1557 554 1642 organici,
576 1555 715 1630 efficere,
739 1565 775 1622 ut
796 1557 904 1640 ipsum
919 1554 959 1620 ad
979 1555 1096 1623 vitales
1117 1577 1155 1621 o-

83 1643 267 1724 perationes
286 1638 425 1705 edendas
458 1637 633 1722 potentiam
655 1635 771 1705 babeat
784 1639 809 1702 ⁸.
831 1639 899 1703 lam
923 1647 1019 1724 prout
1038 1638 1154 1703 buius-

406 1765 434 1778 Q

119 1834 129 1871 i
149 1827 185 1885 Cl
199 1847 227 1897 p.
250 1833 311 1884 191.
331 1831 373 1886 Ex
390 1834 451 1894 boc,
471 1835 540 1898 quot
559 1835 649 1884 anima
668 1833 783 1885 bumana
803 1848 855 1885 non
875 1834 954 1886 babet
972 1851 1027 1886 eree
1049 1851 1156 1889 concre-

82 1916 137 1958 tum
156 1911 182 1956 in
201 1908 323 1966 materia,
337 1909 510 1971 consequitur
527 1906 597 1971 qnod
616 1909 684 1970 ipsa.
698 1909 746 1958 etsi
766 1907 800 1956 ait
812 1909 957 1958 substantia
979 1910 1154 1974 incompleta,

82 1981 166 2044 qaia,
186 1992 248 2029 curn
267 1982 302 2030 eit
320 1995 381 2044 pars
400 1980 533 2030 hnmanae
559 1984 687 2038 naturae,
708 1993 759 2030 uon
778 1980 857 2030 babet
876 1981 1069 2043 perlectionem
1088 1996 1155 2034 snae

83 2058 205 2109 naturae,
224 2054 275 2103 nisi
293 2053 319 2102 in
339 2055 436 2103 unione
453 2052 486 2102 ad
505 2065 602 2114 corpus
620 2047 683 2118 (Op.
701 2053 800 2116 capp,
819 2067 848 2116 q.
868 2067 915 2103 un.
937 2055 977 2104 De
994 2056 1105 2115 Aelio„
1125 2071 1154 2106 a.

84 2124 100 2175 2
120 2125 154 2176 ati
171 2123 211 2192 ti),
227 2131 314 2174 tamen
332 2131 373 2174 eet
392 2127 418 2174 in
436 2137 532 2188 genere
551 2125 712 2174 substantiae
732 2136 783 2174 uon
801 2125 888 2174 aoiurn
901 2128 966 2174 etcart
982 2129 1155 2192 principiani.

84 2197 154 2262 quod
167 2211 262 2260 nempe
275 2201 361 2246 totum
373 2198 544 2248 substantiale
557 2197 704 2254 constituit,
718 2196 762 2246 aeti
776 2197 857 2246 etiarn
873 2200 938 2246 aient
949 2203 1055 2262 speeies.
1071 2195 1155 2250 Cuius

85 2272 123 2320 rel
142 2269 209 2320 ratio
228 2270 294 2319 baec
313 2276 362 2319 est:
384 2267 534 2319 Substantia
554 2269 652 2318 dicitur
670 2281 729 2328 ene,
742 2268 785 2318 cni
799 2271 923 2319 convenit
941 2282 999 2320 esee
1012 2271 1039 2320 ic
1052 2283 1092 2322 ae.
1107 2270 1156 2322 At-

85 2343 130 2407 qui
149 2355 203 2400 este
216 2345 243 2391 in
256 2357 283 2392 ee
295 2355 347 2391 non
360 2341 478 2404 ipserum
497 2341 653 2397 formarum,
667 2341 688 2390 ai
703 2342 853 2392 materiales
872 2343 935 2401 sint,
955 2355 1049 2406 nempe
1068 2355 1084 2393 a
1099 2355 1157 2394 ma-

85 2415 152 2465 teria
172 2415 311 2478 pendeant,
325 2415 369 2464 eed
383 2416 464 2464 totius
482 2414 621 2476 compositi
641 2412 821 2463 substantialis
841 2417 977 2477 proprium
995 2425 1046 2476 est,
1060 2429 1076 2465 e
1089 2429 1155 2466 con·

86 2489 167 2538 trario
184 2488 291 2537 animae
309 2488 452 2545 bumenae,
466 2487 562 2549 quippe
580 2497 650 2548 qnae
669 2489 710 2534 eet
728 2485 812 2534 iorma
826 2499 840 2534 a
856 2487 965 2536 matoria
986 2501 1038 2538 non
1055 2489 1157 2551 depen-

86 2561 163 2619 rinne,
182 2561 316 2623 proprium
335 2565 376 2610 eet
394 2574 448 2609 eeu
464 2561 494 2606 tn
512 2573 554 2614 ae,
574 2557 645 2621 qnod
665 2559 720 2618 ipsa
740 2559 844 2620 corpori
869 2561 1058 2612 communicat.
1082 2557 1156 2626 Ergo

86 2638 192 2684 ceterae
211 2633 312 2683 formae
329 2645 382 2682 non
400 2638 461 2681 ruet
478 2633 610 2694 trapeam
623 2633 789 2688 auirtcntioe,
802 2634 865 2680 aient
877 2635 986 2694 spectes,
1006 2635 1052 2682 reri
1070 2635 1157 2684 mium

85 2707 152 2757 elcut
166 2707 315 2769 principio3
334 2705 424 2756 anime
442 2709 533 2755 autern
557 2703 673 2752 humana
692 2707 734 2752 eat
753 2703 893 2766 inponere
918 2703 1081 2762 substantiae
1099 2721 1158 2757 non

86 2778 171 2829 colom
188 2781 252 2828 aient
267 2781 433 2843 principium.
453 2781 482 2828 tn
493 2783 609 2842 caenon
627 2781 664 2824 ert
681 2775 769 2838 formu
786 2776 860 2826 breim
878 2779 1008 2840 eorporis,
1022 2779 1066 2828 aad
1078 2783 1159 2829 marn

87 2853 153 2901 alent
169 2852 273 2913 species,
292 2853 352 2914 preto
369 2851 444 2901 iiobet
460 2863 514 2899 eree
532 2848 684 2904 obsoletam,
705 2862 758 2898 non
774 2849 919 2912 ἀῳωὼω
941 2863 960 2899 n
977 2853 1106 2914 moterinp
1124 2853 1160 2902 in

87 2923 135 2973 ro.
156 2923 184 2972 ii
200 2921 284 2979 Serri„
305 2920 370 2972 bist.
392 2919 437 2980 lii,
458 2935 486 2985 q.
508 2919 529 2978 i,
550 2934 576 2969 a.
596 2918 613 2968 t'i
632 2919 682 2968 aci.

124 2993 137 3031 ²
155 2994 175 3044 i.
195 3007 222 3057 q.
242 2989 360 3052 cxxvi,
379 3007 406 3043 a.
427 2994 444 3044 1
462 2993 496 3042 ad
517 2993 543 3042 1.
557 2990 616 3029 -1
636 2985 803 3049 Cchrmoi„
816 3007 843 3042 e.
858 2989 879 3052 l,
893 3007 921 3044 a.
941 2993 969 3050 5,
982 3007 1010 3057 p.
1026 2993 1160 3046 tot-iot.

124 3065 136 3104 ⁴
156 3070 205 3131 (iq.
225 3068 324 3131 diepp„
342 3081 370 3129 q.
390 3079 438 3116 un.
459 3067 498 3116 De
516 3067 604 3115 Arnim.
624 3075 652 3112 a.
674 3063 685 3110 i
707 3063 740 3112 ad
762 3063 805 3114 15.

124 3141 138 3177 ⁸
157 3139 178 3199 i,
198 3141 250 3190 ioc.
265 3141 313 3189 cli.
334 3136 455 3189 Proiecto
472 3138 563 3187 eirene
580 3135 727 3186 substantie
745 3135 916 3185 constituitur
934 3137 960 3186 in
978 3149 1026 3188 auo
1044 3153 1110 3197 erae,
1124 3150 1160 3190 ao

90 3212 200 3277 proinde
218 3212 379 3274 principium
399 3211 467 3260 ritae
485 3209 574 3267 babet,
588 3209 652 3256 (tum
665 3208 775 3256 materia
794 3208 889 3271 recipit
902 3207 1015 3259 sormam
1033 3211 1161 3262 ecbatan-

91 3286 203 3344 tiaiem3
222 3288 302 3348 atque
320 3285 373 3334 inco
391 3282 440 3340 lit,
460 3285 604 3344 antequam
624 3281 679 3341 ipsa
697 3281 865 3340 operationes
884 3279 933 3329 eibi
958 3283 1088 3343 propriae,
1109 3297 1160 3334 een

91 3356 195 3412 ritaiee,
214 3357 316 3406 eiiciat.
336 3353 465 3420 Quocirca
486 3355 585 3408 anime,
605 3364 668 3400 oum
688 3355 764 3400 antus
783 3351 900 3414 primur,
924 3366 973 3402 een
992 3352 1076 3403 iorma
1095 3355 1162 3404 sub-

92 3429 224 3474 stantialia
242 3429 362 3490 corporis
378 3424 495 3488 organici
508 3426 553 3476 ait.
568 3422 616 3484 ipsi
635 3423 816 3472 eommunicet
834 3425 992 3488 principium
1005 3426 1085 3484 ritae,
1104 3439 1163 3490 nno

93 3507 190 3553 corpus
208 3497 300 3548 ritate·
317 3498 485 3558 operationes
497 3495 593 3543 eiicere
604 3497 704 3554 potest.
719 3491 785 3544 ilinc
797 3508 820 3543 e.
834 3491 958 3546 rsonae:
972 3514 983 3541 a
997 3495 1099 3547 Dicitur
1110 3499 1164 3547 ati-

93 3564 157 3628 nnio
179 3576 235 3612 eece
249 3569 275 3615 in
289 3569 405 3629 potentia
417 3567 567 3628 dupliciter:
583 3576 637 3613 uno
650 3565 738 3624 modo,
766 3579 828 3617 oum
842 3581 894 3617 non
907 3567 986 3617 babet
999 3569 1163 3632 principium

93 3634 263 3702 operationis,
283 3638 337 3697 aiio
355 3639 443 3697 molo,
461 3649 524 3688 cnm
543 3635 623 3688 babet
641 3635 763 3703 quidem,
784 3638 830 3691 sed
848 3651 901 3692 non
919 3645 1045 3707 operatur
1063 3653 1164 3696 scono-
