2475 3909
476 168 706 217 nvnanrcoma
1036 154 1097 219 189

111 256 286 322 Probatur.
310 256 429 319 Anima
455 255 604 319 nonnisi
633 275 692 340 per
717 252 861 338 aliquam
886 255 1063 338 potentiam
1085 277 1139 321 or·

69 341 218 435 punicam
245 346 355 432 potest
375 356 493 422 corpus
524 356 622 432 suum
650 356 790 401 movere.
819 338 919 421 atqui
947 337 1138 404 huiusmodi

66 429 1140 588 litttttit'ttatti.tittttttttttttttttcttt

66 582 226 649 confundi
248 603 313 645 non
336 590 451 665 potest.
476 582 564 667 Ergo
590 578 790 647 admittenda
812 593 860 647 cst
882 582 915 647 in
938 582 1047 668 anima
1068 602 1141 667 spe-

67 665 165 730 cialis
186 664 324 730 facultas
345 662 521 747 organica,
544 684 608 747 qua
633 683 751 748 corpus
773 683 868 727 suum
891 674 1020 740 movet,
1041 685 1141 749 quac·

66 766 133 831 que
148 768 190 811 ex
206 767 351 823 munere,
374 765 440 829 quo
463 744 623 830 fungitur,
646 745 830 809 loaomatrio
853 745 924 809 iure
945 746 1139 830 appellatur.

107 828 181 896 260.
206 828 317 892 Minor
340 828 383 892 ita
404 825 655 892 demonstratur:
669 826 819 892 facultas
842 828 901 891 ista
924 846 987 892 nan
1010 838 1059 894 est
1072 826 1141 891 ulla

68 930 112 973 ex
134 908 344 974 facultatibus
366 906 547 993 vegetandi,
563 930 637 973 uam
661 908 802 992 plautae,
824 910 859 973 in
880 908 1002 1055 quibus
1023 910 1073 975 vis
1089 930 1143 974 ve·

70 989 202 1076 getandi
226 992 322 1069 inest,
339 1012 514 1074 numquam
538 990 703 1067 incedunt,
727 1011 830 1075 neque
853 990 886 1055 ul
903 1010 957 1053 um
979 1012 1141 1077 organum

72 1071 113 1137 ad
135 1070 345 1137 incidendum
374 1071 406 1135 in
433 1072 498 1137 illis
528 1071 703 1137 invenitur.
726 1070 840 1157 Neque
869 1082 918 1136 est
945 1072 1010 1138 ulla
1032 1094 1072 1137 ex
1095 1072 1143 1137 fa·

71 1152 250 1221 cultatibus
279 1151 492 1239 cognoscendi
521 1154 695 1219 sensitivis.
720 1154 851 1219 Etenim
881 1163 987 1219 motus
1009 1154 1142 1221 deloco

69 1238 105 1301 in
127 1235 236 1301 locum
258 1236 294 1303 fit
314 1236 355 1301 ab
377 1234 526 1309 animali,
542 1243 578 1299 ut
591 1246 809 1321 consequatur
831 1235 877 1313 id,
898 1234 984 1319 quod
1007 1236 1144 1322 appetit,

72 1328 131 1383 aut
153 1315 260 1401 fugiat
282 1316 329 1395 id,
349 1315 434 1404 quad
457 1315 520 1381 sibi
535 1317 708 1383 molestum
730 1328 779 1383 est
794 1318 818 1395 l,
841 1317 919 1381 dum
941 1319 1144 1384 econtrario

71 1398 243 1466 facultates
258 1399 470 1485 cognoscendi
486 1400 520 1462 iu
540 1419 653 1465 rerum
675 1400 931 1486 apprehensione
952 1402 1144 1476 consistunt,

71 1497 180 1567 neque
203 1480 241 1544 ad
266 1481 394 1545 illarum
427 1481 662 1546 assecutionem
696 1480 962 1568 progrediuntur.
997 1481 1145 1565 Denique

71 1564 115 1629 acl
137 1566 318 1651 appetitum
346 1563 537 1628 sensitivam
565 1560 701 1631 facultas
729 1562 880 1629 movendi
908 1584 1025 1650 corpus
1053 1585 1147 1629 revo-

72 1647 143 1711 cari
169 1668 231 1710 nou
254 1655 370 1733 potest,
393 1646 470 1730 quia
492 1644 681 1730 aliquando,
704 1646 831 1712 etiamsi
854 1657 943 1712 extet
963 1658 1065 1721 actus,
1081 1667 1146 1730 quo

72 1729 240 1825 appetitas
262 1729 296 1793 iu
319 1728 462 1812 aliquem
489 1726 626 1793 localem
657 1730 804 1814 eorporis
838 1738 964 1794 motum
997 1728 1146 1803 inclinat,

67 1810 129 1897 lana
152 1820 259 1877 tamen
282 1818 390 1875 motus
412 1811 557 1874 exerceri
580 1830 645 1875 uon
667 1820 773 1897 potest
785 1812 810 1875 ¹.

324 1938 393 1994 Aac.
405 1941 492 1993 lll.·-
504 1940 540 1993 lla
554 1948 650 1995 natura
671 1945 750 1995 huius
768 1944 904 1996 facultatis

117 2052 200 2197 fficio
208 2048 303 2117 Circa
325 2060 474 2117 naturam
488 2048 654 2118 facultatis
676 2050 895 2117 locomotricis
917 2050 994 2117 haec
1008 2049 1073 2117 cluo
1088 2062 1149 2119 sta-

74 2150 157 2202 tuen
221 2143 311 2198 sunt:

118 2214 151 2281 1ο
172 2216 365 2299 Principia,
392 2213 576 2298 exquibus
603 2213 740 2280 facultas
768 2214 965 2280 lacomotrix
993 2213 1150 2281 adactus

76 2318 155 2364 suos
177 2306 337 2371 movetur,
360 2304 435 2361 sunt
455 2296 671 2374 aestimativa,
686 2297 738 2363 vel
760 2296 955 2369 intellectus,
980 2298 1007 2362 si
1030 2296 1151 2362 animal

75 2382 122 2447 sit
141 2378 313 2457 rationale,
334 2387 367 2444 et
388 2378 561 2462 appetitus.
577 2379 709 2443 Etenim
730 2377 917 2445 huiusmodi
934 2377 1069 2443 facultas
1084 2391 1152 2446 teu·

75 2462 128 2529 (lit
147 2462 189 2527 ad
211 2458 446 2547 assequentium
467 2458 610 2546 aliquid,
633 2460 720 2544 quod
749 2461 931 2547 appetitur,
954 2480 991 2524 ac
1014 2458 1152 2545 proinde

77 2544 123 2611 acl
143 2565 240 2610 suum
263 2556 369 2609 actum
391 2537 432 2605 ab
454 2542 603 2626 appetitu
624 2540 872 2618 determinatum
888 2550 920 2607 et
933 2543 1090 2626 quoniam
1104 2540 1153 2607 fa·

78 2628 223 2692 cultasa
250 2621 380 2709 petendi
402 2622 471 2686 sine
493 2623 604 2720 aliquo
624 2631 696 2689 actu
719 2624 913 2723 cognitionis
935 2624 1083 2689 exerceri
1098 2645 1154 2690 ue·

77 2712 176 2807 quit,
199 2710 210 2773 i
234 2727 273 2771 eo
294 2716 385 2772 actus
412 2700 578 2771 facultatis
607 2704 826 2771 locomotrvcis
848 2706 1020 2793 praevium
1041 2706 1153 2791 cogui-

79 2792 179 2859 ttouis
201 2799 307 2855 actum
328 2806 460 2872 quoque
482 2787 679 2872 expostulat.
697 2788 758 2853 llic
780 2810 817 2853 co
842 2788 977 2857 nitianis
1000 2797 1091 2853 actus
1105 2799 1156 2854 est

79 2875 139 2959 qui
161 2871 212 2937 vel
235 2892 293 2957 per
313 2868 572 2942 aestimativam,
596 2868 645 2933 vel
665 2888 727 2965 per
749 2809 947 2935 intellectum
969 2871 1151 2967 practicam

79 2956 259 3023 obtinetur.
282 2952 346 3016 Per
365 2950 593 3016 aestimativam
615 2950 767 3036 quidem,
791 2974 864 3019 uam
889 2972 948 3037 per
970 2971 1074 3036 ipsam
1096 2970 1153 3037 ap-

121 3192 129 3230 ¹
150 3192 173 3251 l,
193 3206 222 3255 q.
242 3184 388 3244 millii,
407 3198 434 3233 a.
458 3184 468 3233 t
492 3196 518 3231 a.

118 3262 300 3315 ²litttorentia
320 3262 389 3309 tator
408 3256 564 3307 tacuttatem
582 3252 795 3313 lacamatriaam,
815 3255 841 3303 at
861 3253 1003 3305 facultates
1015 3252 1159 3303 intellecti.

83 3350 132 3388 vaa
149 3343 208 3387 tum
228 3330 414 3398 cognoscendi,
435 3332 492 3377 tam
510 3325 650 3389 appetenti
669 3325 873 3376 demonstranda
893 3326 937 3377 laic
956 3339 1009 3375 nan
1027 3331 1079 3383 eat,
1093 3326 1157 3388 quia

84 3412 184 3462 haam
204 3389 364 3459 facultatum
383 3400 502 3454 actiones
520 3403 583 3449 aunt
602 3396 787 3461 inorgautaaa,
807 3397 870 3447 dittu
890 3399 1080 3449 locamationaa
1099 3399 1158 3465 atqu

88 3495 186 3547 arpano
206 3489 334 3542 corporeo
353 3473 471 3525 exerceri
488 3474 638 3534 nequeunt.
658 3464 784 3521 Ceterum
804 3469 849 3527 id,
869 3470 940 3534 quod
960 3470 1010 3520 hac
1030 3470 1057 3519 iu
1075 3482 1103 3520 ra
1122 3470 1156 3521 da

88 3554 218 3606 facultate
236 3546 411 3615 cognoscendi
430 3544 566 3600 sensitiva,
579 3546 607 3591 at
619 3542 651 3590 cla
665 3543 783 3603 appetitu
797 3542 923 3593 unaittva
936 3543 1060 3602 diximus,
1076 3541 1157 3591 ctiam

86 3628 116 3679 in
133 3626 310 3682 tntattaotam,
330 3625 358 3671 et
376 3620 403 3670 iu
421 3616 586 3670 voluntatem
605 3612 729 3678 quadrat.
