<?xml version="1.0" encoding="UTF-8"?>
<!DOCTYPE html PUBLIC "-//W3C//DTD XHTML 1.0 Transitional//EN"
    "http://www.w3.org/TR/xhtml1/DTD/xhtml1-transitional.dtd">
<html xmlns="http://www.w3.org/1999/xhtml" xml:lang="en" lang="en">
 <head>
  <title>
</title>
<meta http-equiv="Content-Type" content="text/html;charset=utf-8" />
  <meta name='ocr-system' content='tesseract 3.04.00' />
  <meta name='ocr-capabilities' content='ocr_page ocr_carea ocr_par ocr_line ocrx_word'/>
</head>
<body>
  <div class='ocr_page' id='page_1' title='image "./philosophiachri00sansgoog_0092.png"; bbox 0 0 2475 3909; ppageno 0'>
   <div class='ocr_carea' id='block_1_1' title="bbox 134 147 724 215">
    <p class='ocr_par' dir='ltr' id='par_1_1' title="bbox 134 147 724 215">
     <span class='ocr_line' id='line_1_1' title="bbox 134 147 724 215; baseline 0 -3"><span class='ocrx_word' id='word_1_1' title='bbox 134 147 177 215; x_wconf 81' lang='lat'><em>78</em></span> <span class='ocrx_word' id='word_1_2' title='bbox 524 163 724 212; x_wconf 79' lang='lat' dir='ltr'><em>convene</em></span> 
     </span>
    </p>
   </div>
   <div class='ocr_carea' id='block_1_2' title="bbox 94 247 1163 740">
    <p class='ocr_par' dir='ltr' id='par_1_2' title="bbox 94 247 1163 740">
     <span class='ocr_line' id='line_1_2' title="bbox 94 247 1162 335; baseline -0.001 -23"><span class='ocrx_word' id='word_1_3' title='bbox 94 249 305 335; x_wconf 76' lang='lat' dir='ltr'><em>syntheticam</em></span> <span class='ocrx_word' id='word_1_4' title='bbox 327 268 360 312; x_wconf 89' lang='lat' dir='ltr'><em>se</em></span> <span class='ocrx_word' id='word_1_5' title='bbox 384 259 523 325; x_wconf 86' lang='lat' dir='ltr'><em>uantur,</em></span> <span class='ocrx_word' id='word_1_6' title='bbox 536 249 613 330; x_wconf 90' lang='lat' dir='ltr'><em>quia</em></span> <span class='ocrx_word' id='word_1_7' title='bbox 629 249 703 313; x_wconf 91' lang='lat' dir='ltr'><em>illae</em></span> <span class='ocrx_word' id='word_1_8' title='bbox 725 247 812 332; x_wconf 88' lang='lat' dir='ltr'><em>leges</em></span> <span class='ocrx_word' id='word_1_9' title='bbox 833 267 947 312; x_wconf 89' lang='lat' dir='ltr'><em>causae</em></span> <span class='ocrx_word' id='word_1_10' title='bbox 970 247 1162 333; x_wconf 85' lang='lat' dir='ltr'><em>phaenome-</em></span> 
     </span>
     <span class='ocr_line' id='line_1_3' title="bbox 98 329 1161 416; baseline -0.002 -22"><span class='ocrx_word' id='word_1_11' title='bbox 98 351 213 397; x_wconf 88' lang='lat' dir='ltr'><em>norum</em></span> <span class='ocrx_word' id='word_1_12' title='bbox 235 341 319 397; x_wconf 90' lang='lat' dir='ltr'><em>sunt.</em></span> <span class='ocrx_word' id='word_1_13' title='bbox 379 329 513 396; x_wconf 88' lang='lat' dir='ltr'><em>ethedus</em></span> <span class='ocrx_word' id='word_1_14' title='bbox 535 330 710 416; x_wconf 77' lang='lat' dir='ltr'><em>sgntbetica</em></span> <span class='ocrx_word' id='word_1_15' title='bbox 730 342 864 395; x_wconf 85' lang='lat' dir='ltr'><em>vocatur</em></span> <span class='ocrx_word' id='word_1_16' title='bbox 886 351 1014 416; x_wconf 88' lang='lat' dir='ltr'><em>qnoque</em></span> <span class='ocrx_word' id='word_1_17' title='bbox 1035 329 1161 393; x_wconf 88' lang='lat' dir='ltr'><em>metho—</em></span> 
     </span>
     <span class='ocr_line' id='line_1_4' title="bbox 94 411 1160 498; baseline -0.001 -24"><span class='ocrx_word' id='word_1_18' title='bbox 94 411 157 477; x_wconf 90' lang='lat' dir='ltr'><em>dus</em></span> <span class='ocrx_word' id='word_1_19' title='bbox 189 415 444 498; x_wconf 78' lang='lat' dir='ltr'><em>compositionis,</em></span> <span class='ocrx_word' id='word_1_20' title='bbox 466 415 542 498; x_wconf 89' lang='lat' dir='ltr'><em>quia</em></span> <span class='ocrx_word' id='word_1_21' title='bbox 563 413 711 478; x_wconf 86' lang='lat' dir='ltr'><em>ciiectum</em></span> <span class='ocrx_word' id='word_1_22' title='bbox 734 433 776 476; x_wconf 90' lang='lat' dir='ltr'><em>ex</em></span> <span class='ocrx_word' id='word_1_23' title='bbox 797 412 924 489; x_wconf 89' lang='lat' dir='ltr'><em>causis,</em></span> <span class='ocrx_word' id='word_1_24' title='bbox 947 433 1030 497; x_wconf 89' lang='lat' dir='ltr'><em>quae</em></span> <span class='ocrx_word' id='word_1_25' title='bbox 1052 413 1160 496; x_wconf 80' lang='lat' dir='ltr'>ipsam</span> 
     </span>
     <span class='ocr_line' id='line_1_5' title="bbox 97 493 1163 582; baseline -0.003 -22"><span class='ocrx_word' id='word_1_26' title='bbox 97 497 290 579; x_wconf 85' lang='lat' dir='ltr'><em>producunt,</em></span> <span class='ocrx_word' id='word_1_27' title='bbox 313 495 476 580; x_wconf 59' lang='lat' dir='ltr'><em>componit</em></span> <span class='ocrx_word' id='word_1_28' title='bbox 501 495 657 582; x_wconf 77' lang='lat' dir='ltr'>analytica</span> <span class='ocrx_word' id='word_1_29' title='bbox 678 517 696 559; x_wconf 89' lang='lat' dir='ltr'><em>e</em></span> <span class='ocrx_word' id='word_1_30' title='bbox 717 494 879 561; x_wconf 89' lang='lat' dir='ltr'><em>contrario</em></span> <span class='ocrx_word' id='word_1_31' title='bbox 894 493 1015 559; x_wconf 89' lang='lat' dir='ltr'><em>dicitur</em></span> <span class='ocrx_word' id='word_1_32' title='bbox 1036 493 1163 560; x_wconf 88' lang='lat' dir='ltr'><em>metho-</em></span> 
     </span>
     <span class='ocr_line' id='line_1_6' title="bbox 98 576 1162 664; baseline -0.003 -22"><span class='ocrx_word' id='word_1_33' title='bbox 98 578 157 643; x_wconf 90' lang='lat' dir='ltr'><em>dus</em></span> <span class='ocrx_word' id='word_1_34' title='bbox 179 578 400 655; x_wconf 82' lang='lat' dir='ltr'><em>resolutionis,</em></span> <span class='ocrx_word' id='word_1_35' title='bbox 421 577 499 662; x_wconf 90' lang='lat' dir='ltr'><em>quia</em></span> <span class='ocrx_word' id='word_1_36' title='bbox 522 578 672 644; x_wconf 86' lang='lat' dir='ltr'><em>eliectum</em></span> <span class='ocrx_word' id='word_1_37' title='bbox 695 578 728 641; x_wconf 92' lang='lat' dir='ltr'><em>in</em></span> <span class='ocrx_word' id='word_1_38' title='bbox 750 597 882 654; x_wconf 85' lang='lat' dir='ltr'><em>causas,</em></span> <span class='ocrx_word' id='word_1_39' title='bbox 905 598 922 640; x_wconf 93' lang='lat' dir='ltr'><em>c</em></span> <span class='ocrx_word' id='word_1_40' title='bbox 945 576 1063 664; x_wconf 88' lang='lat' dir='ltr'><em>quibus</em></span> <span class='ocrx_word' id='word_1_41' title='bbox 1084 597 1162 642; x_wconf 90' lang='lat' dir='ltr'><em>ena-</em></span> 
     </span>
     <span class='ocr_line' id='line_1_7' title="bbox 95 661 367 740; baseline -0.007 -16"><span class='ocrx_word' id='word_1_42' title='bbox 95 662 219 740; x_wconf 62' lang='lat' dir='ltr'><em>scitur,</em></span> <span class='ocrx_word' id='word_1_43' title='bbox 232 661 367 725; x_wconf 84' lang='lat' dir='ltr'><em>resolvit.</em></span> 
     </span>
    </p>
   </div>
   <div class='ocr_carea' id='block_1_3' title="bbox 159 777 1095 923">
    <p class='ocr_par' dir='ltr' id='par_1_3' title="bbox 159 777 1095 923">
     <span class='ocr_line' id='line_1_8' title="bbox 159 777 1095 851; baseline -0.004 -11"><span class='ocrx_word' id='word_1_44' title='bbox 159 788 227 840; x_wconf 78' lang='lat' dir='ltr'><em>Aer.</em></span> <span class='ocrx_word' id='word_1_45' title='bbox 240 777 360 840; x_wconf 78' lang='lat' dir='ltr'><em>tt-ne</em></span> <span class='ocrx_word' id='word_1_46' title='bbox 381 787 504 838; x_wconf 76' lang='lat' dir='ltr'><em>methodo</em></span> <span class='ocrx_word' id='word_1_47' title='bbox 524 787 719 851; x_wconf 75' lang='lat' dir='ltr'><em>psychniogica,</em></span> <span class='ocrx_word' id='word_1_48' title='bbox 739 795 766 838; x_wconf 86' lang='lat' dir='ltr'><em>et</em></span> <span class='ocrx_word' id='word_1_49' title='bbox 785 789 900 850; x_wconf 90' lang='lat' dir='ltr'><em>primum</em></span> <span class='ocrx_word' id='word_1_50' title='bbox 919 790 951 838; x_wconf 90' lang='lat' dir='ltr'><em>de</em></span> <span class='ocrx_word' id='word_1_51' title='bbox 971 787 1095 838; x_wconf 76' lang='lat' dir='ltr'><em>methodo</em></span> 
     </span>
     <span class='ocr_line' id='line_1_9' title="bbox 352 859 901 923; baseline 0 -13"><span class='ocrx_word' id='word_1_52' title='bbox 352 862 495 923; x_wconf 82' lang='lat' dir='ltr'><em>empirica,</em></span> <span class='ocrx_word' id='word_1_53' title='bbox 516 859 593 910; x_wconf 89' lang='lat' dir='ltr'><em>etde</em></span> <span class='ocrx_word' id='word_1_54' title='bbox 614 861 738 910; x_wconf 82' lang='lat' dir='ltr'><em>methodo</em></span> <span class='ocrx_word' id='word_1_55' title='bbox 756 862 901 910; x_wconf 86' lang='lat' dir='ltr'><em>idealistiea</em></span> 
     </span>
    </p>
   </div>
   <div class='ocr_carea' id='block_1_4' title="bbox 97 964 1162 1358">
    <p class='ocr_par' dir='ltr' id='par_1_4' title="bbox 97 964 1162 1358">
     <span class='ocr_line' id='line_1_10' title="bbox 139 964 1161 1064; baseline -0.003 -32"><span class='ocrx_word' id='word_1_56' title='bbox 139 968 186 1032; x_wconf 90' lang='lat'><em>11.</em></span> <span class='ocrx_word' id='word_1_57' title='bbox 210 966 381 1032; x_wconf 87' lang='lat' dir='ltr'><em>Methodus</em></span> <span class='ocrx_word' id='word_1_58' title='bbox 402 967 556 1064; x_wconf 77' lang='lat' dir='ltr'><em>empirice</em></span> <span class='ocrx_word' id='word_1_59' title='bbox 581 986 618 1031; x_wconf 92' lang='lat' dir='ltr'><em>ea</em></span> <span class='ocrx_word' id='word_1_60' title='bbox 639 976 856 1052; x_wconf 87' lang='lat' dir='ltr'><em>nuncupatur,</em></span> <span class='ocrx_word' id='word_1_61' title='bbox 878 987 961 1051; x_wconf 86' lang='lat' dir='ltr'><em>quae</em></span> <span class='ocrx_word' id='word_1_62' title='bbox 988 964 1161 1032; x_wconf 87' lang='lat' dir='ltr'><em>scientiam</em></span> 
     </span>
     <span class='ocr_line' id='line_1_11' title="bbox 97 1046 1159 1134; baseline -0.002 -20"><span class='ocrx_word' id='word_1_63' title='bbox 97 1051 186 1114; x_wconf 90' lang='lat' dir='ltr'><em>reia</em></span> <span class='ocrx_word' id='word_1_64' title='bbox 215 1050 310 1134; x_wconf 90' lang='lat' dir='ltr'><em>nobis</em></span> <span class='ocrx_word' id='word_1_65' title='bbox 337 1050 463 1134; x_wconf 83' lang='lat' dir='ltr'><em>acquiri</em></span> <span class='ocrx_word' id='word_1_66' title='bbox 493 1049 604 1114; x_wconf 85' lang='lat' dir='ltr'><em>statuit</em></span> <span class='ocrx_word' id='word_1_67' title='bbox 630 1046 799 1114; x_wconf 81' lang='lat' dir='ltr'><em>dumtaxat</em></span> <span class='ocrx_word' id='word_1_68' title='bbox 825 1069 884 1133; x_wconf 88' lang='lat' dir='ltr'><em>per</em></span> <span class='ocrx_word' id='word_1_69' title='bbox 909 1049 1159 1133; x_wconf 81' lang='lat' dir='ltr'><em>experientiam,</em></span> 
     </span>
     <span class='ocr_line' id='line_1_12' title="bbox 97 1129 1162 1218; baseline 0 -23"><span class='ocrx_word' id='word_1_70' title='bbox 97 1153 161 1218; x_wconf 88' lang='lat' dir='ltr'><em>qua</em></span> <span class='ocrx_word' id='word_1_71' title='bbox 183 1131 265 1196; x_wconf 86' lang='lat' dir='ltr'><em>iacta</em></span> <span class='ocrx_word' id='word_1_72' title='bbox 287 1133 460 1205; x_wconf 88' lang='lat' dir='ltr'><em>exteriora,</em></span> <span class='ocrx_word' id='word_1_73' title='bbox 482 1131 531 1194; x_wconf 88' lang='lat' dir='ltr'><em>rel</em></span> <span class='ocrx_word' id='word_1_74' title='bbox 553 1133 652 1196; x_wconf 89' lang='lat' dir='ltr'><em>etiam</em></span> <span class='ocrx_word' id='word_1_75' title='bbox 672 1131 830 1196; x_wconf 74' lang='lat' dir='ltr'><em>interiora</em></span> <span class='ocrx_word' id='word_1_76' title='bbox 852 1131 862 1169; x_wconf 78' lang='lat'>¹</span> <span class='ocrx_word' id='word_1_77' title='bbox 886 1129 1106 1207; x_wconf 76' lang='lat' dir='ltr'><em>observantur,</em></span> <span class='ocrx_word' id='word_1_78' title='bbox 1127 1139 1162 1195; x_wconf 87' lang='lat' dir='ltr'><em>ct</em></span> 
     </span>
     <span class='ocr_line' id='line_1_13' title="bbox 98 1211 1162 1358; baseline -0.002 -80"><span class='ocrx_word' id='word_1_79' title='bbox 98 1235 157 1300; x_wconf 88' lang='lat' dir='ltr'><em>per</em></span> <span class='ocrx_word' id='word_1_80' title='bbox 177 1213 417 1292; x_wconf 87' lang='lat' dir='ltr'><em>inductionem,</em></span> <span class='ocrx_word' id='word_1_81' title='bbox 445 1232 509 1358; x_wconf 68' lang='lat' dir='ltr'><em>tgna</em></span> <span class='ocrx_word' id='word_1_82' title='bbox 538 1213 594 1276; x_wconf 90' lang='lat' dir='ltr'><em>illa</em></span> <span class='ocrx_word' id='word_1_83' title='bbox 622 1211 706 1278; x_wconf 89' lang='lat' dir='ltr'><em>facta</em></span> <span class='ocrx_word' id='word_1_84' title='bbox 734 1212 815 1281; x_wconf 87' lang='lat' dir='ltr'><em>liunt</em></span> <span class='ocrx_word' id='word_1_85' title='bbox 841 1213 1048 1278; x_wconf 84' lang='lat' dir='ltr'><em>universalia.</em></span> <span class='ocrx_word' id='word_1_86' title='bbox 1071 1212 1162 1288; x_wconf 85' lang='lat' dir='ltr'><em>Qua-</em></span> 
     </span>
    </p>
   </div>
   <div class='ocr_carea' id='block_1_5' title="bbox 54 1293 1165 3024">
    <p class='ocr_par' dir='ltr' id='par_1_5' title="bbox 54 1293 1165 3024">
     <span class='ocr_line' id='line_1_14' title="bbox 99 1293 1160 1382; baseline -0.004 -21"><span class='ocrx_word' id='word_1_87' title='bbox 99 1306 230 1382; x_wconf 87' lang='lat' dir='ltr'><em>propter</em></span> <span class='ocrx_word' id='word_1_88' title='bbox 251 1297 283 1360; x_wconf 92' lang='lat' dir='ltr'><em>in</em></span> <span class='ocrx_word' id='word_1_89' title='bbox 305 1297 364 1361; x_wconf 92' lang='lat' dir='ltr'><em>bac</em></span> <span class='ocrx_word' id='word_1_90' title='bbox 386 1307 451 1360; x_wconf 90' lang='lat' dir='ltr'><em>met</em></span> <span class='ocrx_word' id='word_1_91' title='bbox 472 1294 534 1361; x_wconf 90' lang='lat' dir='ltr'><em>odo</em></span> <span class='ocrx_word' id='word_1_92' title='bbox 556 1296 763 1381; x_wconf 87' lang='lat' dir='ltr'><em>investigatio</em></span> <span class='ocrx_word' id='word_1_93' title='bbox 777 1316 962 1373; x_wconf 88' lang='lat' dir='ltr'><em>causarum,</em></span> <span class='ocrx_word' id='word_1_94' title='bbox 977 1315 1019 1359; x_wconf 90' lang='lat' dir='ltr'><em>ex</em></span> <span class='ocrx_word' id='word_1_95' title='bbox 1038 1293 1160 1380; x_wconf 81' lang='lat' dir='ltr'><em>quibus</em></span> 
     </span>
     <span class='ocr_line' id='line_1_15' title="bbox 99 1377 576 1462; baseline -0.006 -20"><span class='ocrx_word' id='word_1_96' title='bbox 99 1399 151 1444; x_wconf 90' lang='lat' dir='ltr'><em>res</em></span> <span class='ocrx_word' id='word_1_97' title='bbox 172 1379 366 1453; x_wconf 86' lang='lat' dir='ltr'><em>efficiuntur,</em></span> <span class='ocrx_word' id='word_1_98' title='bbox 389 1377 475 1462; x_wconf 81' lang='lat' dir='ltr'><em>negti</em></span> <span class='ocrx_word' id='word_1_99' title='bbox 501 1380 576 1442; x_wconf 89' lang='lat' dir='ltr'><em>itur.</em></span> 
     </span>
     <span class='ocr_line' id='line_1_16' title="bbox 140 1399 1160 1544; baseline -0.002 -19"><span class='ocrx_word' id='word_1_100' title='bbox 140 1461 188 1525; x_wconf 79' lang='lat'><em>12.</em></span> <span class='ocrx_word' id='word_1_101' title='bbox 212 1459 382 1526; x_wconf 87' lang='lat' dir='ltr'><em>Methodus</em></span> <span class='ocrx_word' id='word_1_102' title='bbox 398 1399 800 1544; x_wconf 75' lang='lat' dir='ltr'><em>psgclolopico-idcolisticc</em></span> <span class='ocrx_word' id='word_1_103' title='bbox 820 1457 968 1524; x_wconf 91' lang='lat' dir='ltr'><em>methodo</em></span> <span class='ocrx_word' id='word_1_104' title='bbox 981 1459 1160 1544; x_wconf 90' lang='lat' dir='ltr'><em>empiricae</em></span> 
     </span>
     <span class='ocr_line' id='line_1_17' title="bbox 98 1541 1160 1639; baseline -0.004 -31"><span class='ocrx_word' id='word_1_105' title='bbox 98 1565 117 1607; x_wconf 94' lang='lat' dir='ltr'><em>e</em></span> <span class='ocrx_word' id='word_1_106' title='bbox 138 1544 270 1627; x_wconf 90' lang='lat' dir='ltr'><em>regione</em></span> <span class='ocrx_word' id='word_1_107' title='bbox 293 1545 478 1639; x_wconf 85' lang='lat' dir='ltr'><em>opponitur.</em></span> <span class='ocrx_word' id='word_1_108' title='bbox 502 1541 634 1608; x_wconf 82' lang='lat' dir='ltr'><em>Scilicet</em></span> <span class='ocrx_word' id='word_1_109' title='bbox 653 1561 692 1604; x_wconf 92' lang='lat' dir='ltr'><em>ea</em></span> <span class='ocrx_word' id='word_1_110' title='bbox 713 1551 773 1613; x_wconf 90' lang='lat' dir='ltr'><em>est,</em></span> <span class='ocrx_word' id='word_1_111' title='bbox 797 1542 916 1624; x_wconf 86' lang='lat' dir='ltr'><em>inqua</em></span> <span class='ocrx_word' id='word_1_112' title='bbox 942 1542 1160 1627; x_wconf 80' lang='lat' dir='ltr'><em>experientia,</em></span> 
     </span>
     <span class='ocr_line' id='line_1_18' title="bbox 99 1623 1161 1701; baseline -0.002 -13"><span class='ocrx_word' id='word_1_113' title='bbox 99 1625 168 1690; x_wconf 86' lang='lat' dir='ltr'><em>sive</em></span> <span class='ocrx_word' id='word_1_114' title='bbox 190 1623 370 1690; x_wconf 82' lang='lat' dir='ltr'><em>observatio</em></span> <span class='ocrx_word' id='word_1_115' title='bbox 386 1623 557 1701; x_wconf 84' lang='lat' dir='ltr'><em>lectorum,</em></span> <span class='ocrx_word' id='word_1_116' title='bbox 574 1633 644 1688; x_wconf 89' lang='lat' dir='ltr'><em>tum</em></span> <span class='ocrx_word' id='word_1_117' title='bbox 657 1623 869 1700; x_wconf 86' lang='lat' dir='ltr'><em>exteriorum,</em></span> <span class='ocrx_word' id='word_1_118' title='bbox 884 1635 954 1690; x_wconf 90' lang='lat' dir='ltr'><em>tum</em></span> <span class='ocrx_word' id='word_1_119' title='bbox 969 1624 1161 1689; x_wconf 89' lang='lat' dir='ltr'><em>interiorum</em></span> 
     </span>
     <span class='ocr_line' id='line_1_19' title="bbox 98 1703 1162 1784; baseline -0.002 -14"><span class='ocrx_word' id='word_1_120' title='bbox 98 1707 266 1784; x_wconf 86' lang='lat' dir='ltr'><em>reiicitur,</em></span> <span class='ocrx_word' id='word_1_121' title='bbox 282 1717 315 1770; x_wconf 88' lang='lat' dir='ltr'><em>et</em></span> <span class='ocrx_word' id='word_1_122' title='bbox 329 1708 498 1773; x_wconf 84' lang='lat' dir='ltr'><em>scientiam</em></span> <span class='ocrx_word' id='word_1_123' title='bbox 519 1727 631 1771; x_wconf 92' lang='lat' dir='ltr'><em>rerum</em></span> <span class='ocrx_word' id='word_1_124' title='bbox 657 1703 834 1771; x_wconf 89' lang='lat' dir='ltr'><em>cruendam</em></span> <span class='ocrx_word' id='word_1_125' title='bbox 855 1726 924 1770; x_wconf 87' lang='lat' dir='ltr'><em>esse</em></span> <span class='ocrx_word' id='word_1_126' title='bbox 945 1705 1100 1770; x_wconf 87' lang='lat' dir='ltr'><em>statuitur</em></span> <span class='ocrx_word' id='word_1_127' title='bbox 1119 1727 1162 1771; x_wconf 87' lang='lat' dir='ltr'><em>cx</em></span> 
     </span>
     <span class='ocr_line' id='line_1_20' title="bbox 100 1786 1161 1874; baseline -0.003 -21"><span class='ocrx_word' id='word_1_128' title='bbox 100 1787 351 1874; x_wconf 80' lang='lat' dir='ltr'><em>cogitationibus</em></span> <span class='ocrx_word' id='word_1_129' title='bbox 372 1791 459 1854; x_wconf 90' lang='lat' dir='ltr'><em>omni</em></span> <span class='ocrx_word' id='word_1_130' title='bbox 487 1789 635 1853; x_wconf 88' lang='lat' dir='ltr'><em>realitate</em></span> <span class='ocrx_word' id='word_1_131' title='bbox 655 1787 829 1863; x_wconf 89' lang='lat' dir='ltr'><em>destitutis,</em></span> <span class='ocrx_word' id='word_1_132' title='bbox 851 1787 910 1852; x_wconf 90' lang='lat' dir='ltr'><em>hoc</em></span> <span class='ocrx_word' id='word_1_133' title='bbox 931 1798 990 1864; x_wconf 90' lang='lat' dir='ltr'><em>est,</em></span> <span class='ocrx_word' id='word_1_134' title='bbox 1014 1808 1056 1852; x_wconf 89' lang='lat' dir='ltr'><em>ex</em></span> <span class='ocrx_word' id='word_1_135' title='bbox 1076 1786 1161 1854; x_wconf 90' lang='lat' dir='ltr'><em>ideis</em></span> 
     </span>
     <span class='ocr_line' id='line_1_21' title="bbox 101 1868 1161 1966; baseline -0.002 -30"><span class='ocrx_word' id='word_1_136' title='bbox 101 1872 199 1936; x_wconf 90' lang='lat' dir='ltr'><em>menti</em></span> <span class='ocrx_word' id='word_1_137' title='bbox 212 1871 369 1937; x_wconf 91' lang='lat' dir='ltr'><em>humanae</em></span> <span class='ocrx_word' id='word_1_138' title='bbox 384 1873 501 1948; x_wconf 76' lang='lat' dir='ltr'><em>insitiS,</em></span> <span class='ocrx_word' id='word_1_139' title='bbox 515 1872 563 1936; x_wconf 85' lang='lat' dir='ltr'><em>vel</em></span> <span class='ocrx_word' id='word_1_140' title='bbox 574 1893 616 1936; x_wconf 84' lang='lat' dir='ltr'><em>ex</em></span> <span class='ocrx_word' id='word_1_141' title='bbox 627 1869 822 1966; x_wconf 80' lang='lat' dir='ltr'><em>quibasdam</em></span> <span class='ocrx_word' id='word_1_142' title='bbox 837 1868 1005 1936; x_wconf 88' lang='lat' dir='ltr'><em>abstractis</em></span> <span class='ocrx_word' id='word_1_143' title='bbox 1017 1890 1161 1955; x_wconf 88' lang='lat' dir='ltr'><em>pronun·</em></span> 
     </span>
     <span class='ocr_line' id='line_1_22' title="bbox 102 1950 1140 2040; baseline -0.004 -21"><span class='ocrx_word' id='word_1_144' title='bbox 102 1955 190 2019; x_wconf 88' lang='lat' dir='ltr'><em>tiatis</em></span> <span class='ocrx_word' id='word_1_145' title='bbox 210 1953 358 2032; x_wconf 90' lang='lat' dir='ltr'><em>rationis,</em></span> <span class='ocrx_word' id='word_1_146' title='bbox 374 1974 457 2038; x_wconf 90' lang='lat' dir='ltr'><em>quae</em></span> <span class='ocrx_word' id='word_1_147' title='bbox 479 1953 520 2018; x_wconf 93' lang='lat' dir='ltr'><em>ab</em></span> <span class='ocrx_word' id='word_1_148' title='bbox 541 1955 740 2040; x_wconf 80' lang='lat' dir='ltr'><em>experientia</em></span> <span class='ocrx_word' id='word_1_149' title='bbox 757 1951 847 2018; x_wconf 91' lang='lat' dir='ltr'><em>nullo</em></span> <span class='ocrx_word' id='word_1_150' title='bbox 870 1951 965 2017; x_wconf 89' lang='lat' dir='ltr'><em>modo</em></span> <span class='ocrx_word' id='word_1_151' title='bbox 987 1950 1140 2038; x_wconf 86' lang='lat' dir='ltr'><em>pendent.</em></span> 
     </span>
     <span class='ocr_line' id='line_1_23' title="bbox 141 2032 1161 2122; baseline -0.002 -22"><span class='ocrx_word' id='word_1_152' title='bbox 141 2034 189 2101; x_wconf 90' lang='grc'><em>13.</em></span> <span class='ocrx_word' id='word_1_153' title='bbox 213 2034 387 2122; x_wconf 80' lang='lat' dir='ltr'><em>Utramque</em></span> <span class='ocrx_word' id='word_1_154' title='bbox 413 2035 598 2102; x_wconf 88' lang='lat' dir='ltr'><em>methodum</em></span> <span class='ocrx_word' id='word_1_155' title='bbox 625 2033 836 2101; x_wconf 88' lang='lat' dir='ltr'><em>reiiciendam</em></span> <span class='ocrx_word' id='word_1_156' title='bbox 862 2055 931 2098; x_wconf 91' lang='lat' dir='ltr'><em>esse</em></span> <span class='ocrx_word' id='word_1_157' title='bbox 959 2055 1000 2100; x_wconf 87' lang='lat' dir='ltr'><em>ex</em></span> <span class='ocrx_word' id='word_1_158' title='bbox 1027 2032 1161 2100; x_wconf 90' lang='lat' dir='ltr'><em>demon·</em></span> 
     </span>
     <span class='ocr_line' id='line_1_24' title="bbox 100 2117 1087 2204; baseline -0.004 -21"><span class='ocrx_word' id='word_1_159' title='bbox 100 2118 252 2183; x_wconf 84' lang='lat' dir='ltr'><em>stratione</em></span> <span class='ocrx_word' id='word_1_160' title='bbox 272 2120 476 2201; x_wconf 88' lang='lat' dir='ltr'><em>sequentium</em></span> <span class='ocrx_word' id='word_1_161' title='bbox 498 2118 757 2204; x_wconf 90' lang='lat' dir='ltr'><em>propositionum</em></span> <span class='ocrx_word' id='word_1_162' title='bbox 777 2117 952 2182; x_wconf 86' lang='lat' dir='ltr'><em>evincitur:</em></span> <span class='ocrx_word' id='word_1_163' title='bbox 1083 2127 1087 2135; x_wconf 91' lang='grc'><strong>“</strong></span> 
     </span>
     <span class='ocr_line' id='line_1_25' title="bbox 142 2197 1163 2284; baseline -0.001 -22"><span class='ocrx_word' id='word_1_164' title='bbox 142 2199 238 2284; x_wconf 89' lang='lat' dir='ltr'><em>Prop.</em></span> <span class='ocrx_word' id='word_1_165' title='bbox 262 2197 307 2262; x_wconf 75' lang='lat'><em>1⁸.</em></span> <span class='ocrx_word' id='word_1_166' title='bbox 331 2199 496 2265; x_wconf 84' lang='lat' dir='ltr'><em>Mctbodus</em></span> <span class='ocrx_word' id='word_1_167' title='bbox 516 2201 667 2284; x_wconf 85' lang='lat' dir='ltr'><em>empirice</em></span> <span class='ocrx_word' id='word_1_168' title='bbox 680 2199 719 2264; x_wconf 81' lang='lat' dir='ltr'><em>at</em></span> <span class='ocrx_word' id='word_1_169' title='bbox 732 2200 892 2263; x_wconf 60' lang='lat' dir='ltr'><em>sarmium</em></span> <span class='ocrx_word' id='word_1_170' title='bbox 906 2198 1089 2281; x_wconf 78' lang='lat' dir='ltr'><em>gignendum</em></span> <span class='ocrx_word' id='word_1_171' title='bbox 1103 2198 1163 2261; x_wconf 86' lang='lat' dir='ltr'><em>im-</em></span> 
     </span>
     <span class='ocr_line' id='line_1_26' title="bbox 122 2293 233 2345; baseline 0 0"><span class='ocrx_word' id='word_1_172' title='bbox 122 2303 161 2345; x_wconf 92' lang='lat' dir='ltr'><em>or</em></span> <span class='ocrx_word' id='word_1_173' title='bbox 180 2293 233 2345; x_wconf 86' lang='lat' dir='ltr'><em>ost.</em></span> 
     </span>
     <span class='ocr_line' id='line_1_27' title="bbox 97 2299 1164 2447; baseline -0.004 -19"><span class='ocrx_word' id='word_1_174' title='bbox 97 2299 122 2364; x_wconf 69' lang='lat' dir='ltr'><em>P</em></span> <span class='ocrx_word' id='word_1_175' title='bbox 144 2362 314 2430; x_wconf 86' lang='lat' dir='ltr'><em>Probatur.</em></span> <span class='ocrx_word' id='word_1_176' title='bbox 338 2364 520 2430; x_wconf 81' lang='lat' dir='ltr'><em>Secundtmi</em></span> <span class='ocrx_word' id='word_1_177' title='bbox 535 2363 721 2429; x_wconf 87' lang='lat' dir='ltr'><em>methodum</em></span> <span class='ocrx_word' id='word_1_178' title='bbox 736 2363 926 2447; x_wconf 89' lang='lat' dir='ltr'><em>empiricam</em></span> <span class='ocrx_word' id='word_1_179' title='bbox 940 2363 1164 2447; x_wconf 87' lang='lat' dir='ltr'><em>experimento</em></span> 
     </span>
     <span class='ocr_line' id='line_1_28' title="bbox 102 2441 1161 2533; baseline 0 -25"><span class='ocrx_word' id='word_1_180' title='bbox 102 2445 267 2533; x_wconf 88' lang='lat' dir='ltr'><em>detegitur</em></span> <span class='ocrx_word' id='word_1_181' title='bbox 288 2444 412 2531; x_wconf 90' lang='lat' dir='ltr'><em>aliquid</em></span> <span class='ocrx_word' id='word_1_182' title='bbox 435 2443 629 2530; x_wconf 90' lang='lat' dir='ltr'><em>quibusdam</em></span> <span class='ocrx_word' id='word_1_183' title='bbox 650 2441 827 2511; x_wconf 88' lang='lat' dir='ltr'><em>individuis</em></span> <span class='ocrx_word' id='word_1_184' title='bbox 843 2445 958 2519; x_wconf 90' lang='lat' dir='ltr'><em>inesse,</em></span> <span class='ocrx_word' id='word_1_185' title='bbox 974 2443 1161 2510; x_wconf 88' lang='lat' dir='ltr'><em>inductione</em></span> 
     </span>
     <span class='ocr_line' id='line_1_29' title="bbox 103 2526 1165 2612; baseline 0 -22"><span class='ocrx_word' id='word_1_186' title='bbox 103 2538 210 2594; x_wconf 89' lang='lat' dir='ltr'><em>autem</em></span> <span class='ocrx_word' id='word_1_187' title='bbox 232 2528 310 2592; x_wconf 91' lang='lat' dir='ltr'><em>illud</em></span> <span class='ocrx_word' id='word_1_188' title='bbox 330 2529 454 2593; x_wconf 89' lang='lat' dir='ltr'><em>cunctis</em></span> <span class='ocrx_word' id='word_1_189' title='bbox 469 2527 690 2612; x_wconf 87' lang='lat' dir='ltr'><em>singularibus</em></span> <span class='ocrx_word' id='word_1_190' title='bbox 703 2526 818 2591; x_wconf 89' lang='lat' dir='ltr'><em>eadem</em></span> <span class='ocrx_word' id='word_1_191' title='bbox 831 2529 939 2610; x_wconf 90' lang='lat' dir='ltr'><em>specie</em></span> <span class='ocrx_word' id='word_1_192' title='bbox 954 2527 1165 2612; x_wconf 88' lang='lat' dir='ltr'><em>comprehen-</em></span> 
     </span>
     <span class='ocr_line' id='line_1_30' title="bbox 103 2607 1165 2708; baseline -0.001 -35"><span class='ocrx_word' id='word_1_193' title='bbox 103 2610 146 2674; x_wconf 91' lang='lat' dir='ltr'><em>sis</em></span> <span class='ocrx_word' id='word_1_194' title='bbox 168 2613 270 2676; x_wconf 90' lang='lat' dir='ltr'><em>inesse</em></span> <span class='ocrx_word' id='word_1_195' title='bbox 292 2609 563 2708; x_wconf 84' lang='lat' dir='ltr'><em>apprehenditur,</em></span> <span class='ocrx_word' id='word_1_196' title='bbox 593 2609 646 2674; x_wconf 89' lang='lat' dir='ltr'><em>sed</em></span> <span class='ocrx_word' id='word_1_197' title='bbox 675 2630 794 2686; x_wconf 90' lang='lat' dir='ltr'><em>causa,</em></span> <span class='ocrx_word' id='word_1_198' title='bbox 822 2629 864 2672; x_wconf 88' lang='lat' dir='ltr'><em>ex</em></span> <span class='ocrx_word' id='word_1_199' title='bbox 891 2629 957 2690; x_wconf 88' lang='lat' dir='ltr'><em>qua</em></span> <span class='ocrx_word' id='word_1_200' title='bbox 986 2607 1066 2673; x_wconf 91' lang='lat' dir='ltr'><em>illud</em></span> <span class='ocrx_word' id='word_1_201' title='bbox 1088 2609 1165 2672; x_wconf 88' lang='lat' dir='ltr'><em>huic</em></span> 
     </span>
     <span class='ocr_line' id='line_1_31' title="bbox 103 2690 1164 2778; baseline -0.001 -21"><span class='ocrx_word' id='word_1_202' title='bbox 103 2714 213 2758; x_wconf 89' lang='lat' dir='ltr'><em>rerum</em></span> <span class='ocrx_word' id='word_1_203' title='bbox 234 2695 354 2778; x_wconf 79' lang='lat' dir='ltr'><em>speciei</em></span> <span class='ocrx_word' id='word_1_204' title='bbox 376 2693 468 2768; x_wconf 85' lang='lat' dir='ltr'><em>insit,</em></span> <span class='ocrx_word' id='word_1_205' title='bbox 491 2692 626 2756; x_wconf 89' lang='lat' dir='ltr'><em>minime</em></span> <span class='ocrx_word' id='word_1_206' title='bbox 647 2692 871 2777; x_wconf 86' lang='lat' dir='ltr'><em>investigatur,</em></span> <span class='ocrx_word' id='word_1_207' title='bbox 894 2711 931 2755; x_wconf 92' lang='lat' dir='ltr'><em>ac</em></span> <span class='ocrx_word' id='word_1_208' title='bbox 953 2690 1089 2776; x_wconf 87' lang='lat' dir='ltr'><em>proinde</em></span> <span class='ocrx_word' id='word_1_209' title='bbox 1110 2711 1164 2756; x_wconf 87' lang='lat' dir='ltr'><em>res</em></span> 
     </span>
     <span class='ocr_line' id='line_1_32' title="bbox 103 2769 1165 2858; baseline -0.002 -20"><span class='ocrx_word' id='word_1_210' title='bbox 103 2795 146 2838; x_wconf 89' lang='lat' dir='ltr'><em>ex</em></span> <span class='ocrx_word' id='word_1_211' title='bbox 167 2775 270 2838; x_wconf 90' lang='lat' dir='ltr'><em>causis</em></span> <span class='ocrx_word' id='word_1_212' title='bbox 292 2775 358 2839; x_wconf 89' lang='lat' dir='ltr'><em>suis</em></span> <span class='ocrx_word' id='word_1_213' title='bbox 381 2795 444 2839; x_wconf 90' lang='lat' dir='ltr'><em>non</em></span> <span class='ocrx_word' id='word_1_214' title='bbox 466 2775 683 2858; x_wconf 88' lang='lat' dir='ltr'><em>cognoscitur.</em></span> <span class='ocrx_word' id='word_1_215' title='bbox 706 2775 806 2858; x_wconf 82' lang='lat' dir='ltr'><em>Atqui</em></span> <span class='ocrx_word' id='word_1_216' title='bbox 828 2774 961 2839; x_wconf 89' lang='lat' dir='ltr'><em>scientia</em></span> <span class='ocrx_word' id='word_1_217' title='bbox 988 2792 1054 2836; x_wconf 89' lang='lat' dir='ltr'><em>nou</em></span> <span class='ocrx_word' id='word_1_218' title='bbox 1080 2769 1165 2836; x_wconf 89' lang='lat' dir='ltr'><em>obti-</em></span> 
     </span>
     <span class='ocr_line' id='line_1_33' title="bbox 104 2855 1165 2940; baseline -0.002 -18"><span class='ocrx_word' id='word_1_219' title='bbox 104 2865 214 2930; x_wconf 89' lang='lat' dir='ltr'><em>netur,</em></span> <span class='ocrx_word' id='word_1_220' title='bbox 240 2856 300 2919; x_wconf 91' lang='lat' dir='ltr'><em>nisi</em></span> <span class='ocrx_word' id='word_1_221' title='bbox 323 2877 397 2921; x_wconf 92' lang='lat' dir='ltr'><em>cnm</em></span> <span class='ocrx_word' id='word_1_222' title='bbox 420 2877 471 2920; x_wconf 89' lang='lat' dir='ltr'><em>res</em></span> <span class='ocrx_word' id='word_1_223' title='bbox 495 2874 553 2938; x_wconf 88' lang='lat' dir='ltr'><em>per</em></span> <span class='ocrx_word' id='word_1_224' title='bbox 574 2877 664 2921; x_wconf 91' lang='lat' dir='ltr'><em>snam</em></span> <span class='ocrx_word' id='word_1_225' title='bbox 687 2877 816 2921; x_wconf 88' lang='lat' dir='ltr'><em>cansam</em></span> <span class='ocrx_word' id='word_1_226' title='bbox 837 2857 1053 2940; x_wconf 86' lang='lat' dir='ltr'><em>cognoscitur.</em></span> <span class='ocrx_word' id='word_1_227' title='bbox 1075 2855 1165 2938; x_wconf 86' lang='lat' dir='ltr'><em>Erga</em></span> 
     </span>
     <span class='ocr_line' id='line_1_34' title="bbox 54 2936 1128 3024; baseline -0.002 -22"><span class='ocrx_word' id='word_1_228' title='bbox 54 2965 57 2972; x_wconf 92' lang='lat'>·</span> <span class='ocrx_word' id='word_1_229' title='bbox 105 2937 273 3004; x_wconf 87' lang='lat' dir='ltr'><em>methodus</em></span> <span class='ocrx_word' id='word_1_230' title='bbox 294 2938 453 3023; x_wconf 91' lang='lat' dir='ltr'><em>empirica</em></span> <span class='ocrx_word' id='word_1_231' title='bbox 475 2936 516 3001; x_wconf 92' lang='lat' dir='ltr'><em>ad</em></span> <span class='ocrx_word' id='word_1_232' title='bbox 537 2939 707 3005; x_wconf 90' lang='lat' dir='ltr'><em>scientiam</em></span> <span class='ocrx_word' id='word_1_233' title='bbox 730 2936 923 3024; x_wconf 89' lang='lat' dir='ltr'><em>gignendam</em></span> <span class='ocrx_word' id='word_1_234' title='bbox 945 2937 1051 3020; x_wconf 89' lang='lat' dir='ltr'><em>impar</em></span> <span class='ocrx_word' id='word_1_235' title='bbox 1070 2948 1128 3001; x_wconf 86' lang='lat' dir='ltr'><em>est.</em></span> 
     </span>
    </p>
   </div>
   <div class='ocr_carea' id='block_1_6' title="bbox 104 3128 1170 3702">
    <p class='ocr_par' dir='ltr' id='par_1_6' title="bbox 104 3128 1170 3702">
     <span class='ocr_line' id='line_1_35' title="bbox 142 3128 1167 3196; baseline 0.002 -14"><span class='ocrx_word' id='word_1_236' title='bbox 142 3129 152 3168; x_wconf 79' lang='lat'>¹</span> <span class='ocrx_word' id='word_1_237' title='bbox 173 3131 244 3182; x_wconf 88' lang='lat' dir='ltr'><em>Haee</em></span> <span class='ocrx_word' id='word_1_238' title='bbox 264 3131 403 3181; x_wconf 89' lang='lat' dir='ltr'><em>methodus</em></span> <span class='ocrx_word' id='word_1_239' title='bbox 423 3130 539 3180; x_wconf 86' lang='lat' dir='ltr'><em>lautores</em></span> <span class='ocrx_word' id='word_1_240' title='bbox 559 3129 639 3180; x_wconf 90' lang='lat' dir='ltr'><em>hahet</em></span> <span class='ocrx_word' id='word_1_241' title='bbox 656 3128 852 3190; x_wconf 81' lang='lat' dir='ltr'><em>Materialistas,</em></span> <span class='ocrx_word' id='word_1_242' title='bbox 871 3135 917 3196; x_wconf 88' lang='lat' dir='ltr'><em>qui</em></span> <span class='ocrx_word' id='word_1_243' title='bbox 936 3133 1002 3183; x_wconf 88' lang='lat' dir='ltr'><em>nihii</em></span> <span class='ocrx_word' id='word_1_244' title='bbox 1017 3132 1100 3191; x_wconf 84' lang='lat' dir='ltr'><em>atiud,</em></span> <span class='ocrx_word' id='word_1_245' title='bbox 1116 3135 1167 3184; x_wconf 88' lang='lat' dir='ltr'><em>nisi</em></span> 
     </span>
     <span class='ocr_line' id='line_1_36' title="bbox 104 3200 1167 3267; baseline 0.004 -14"><span class='ocrx_word' id='word_1_246' title='bbox 104 3208 245 3254; x_wconf 87' lang='lat' dir='ltr'><em>materiam</em></span> <span class='ocrx_word' id='word_1_247' title='bbox 264 3217 321 3254; x_wconf 85' lang='lat' dir='ltr'><em>asse</em></span> <span class='ocrx_word' id='word_1_248' title='bbox 340 3207 472 3261; x_wconf 84' lang='lat' dir='ltr'><em>sentiunt,</em></span> <span class='ocrx_word' id='word_1_249' title='bbox 492 3209 520 3253; x_wconf 90' lang='lat' dir='ltr'><em>et</em></span> <span class='ocrx_word' id='word_1_250' title='bbox 536 3200 680 3262; x_wconf 82' lang='lat' dir='ltr'><em>Sensietas,</em></span> <span class='ocrx_word' id='word_1_251' title='bbox 707 3206 751 3267; x_wconf 86' lang='lat' dir='ltr'><em>qui</em></span> <span class='ocrx_word' id='word_1_252' title='bbox 776 3218 868 3255; x_wconf 87' lang='lat' dir='ltr'><em>omnes</em></span> <span class='ocrx_word' id='word_1_253' title='bbox 892 3206 1035 3256; x_wconf 79' lang='lat' dir='ltr'><em>facultates</em></span> <span class='ocrx_word' id='word_1_254' title='bbox 1059 3207 1167 3257; x_wconf 90' lang='lat' dir='ltr'><em>animae</em></span> 
     </span>
     <span class='ocr_line' id='line_1_37' title="bbox 105 3275 1168 3346; baseline 0.003 -20"><span class='ocrx_word' id='word_1_255' title='bbox 105 3278 138 3326; x_wconf 89' lang='lat' dir='ltr'><em>ad</em></span> <span class='ocrx_word' id='word_1_256' title='bbox 157 3277 314 3328; x_wconf 77' lang='lat' dir='ltr'><em>facultatem</em></span> <span class='ocrx_word' id='word_1_257' title='bbox 333 3277 461 3328; x_wconf 88' lang='lat' dir='ltr'><em>sentiendi</em></span> <span class='ocrx_word' id='word_1_258' title='bbox 481 3276 613 3338; x_wconf 87' lang='lat' dir='ltr'><em>redigunt.</em></span> <span class='ocrx_word' id='word_1_259' title='bbox 635 3275 686 3339; x_wconf 87' lang='lat' dir='ltr'><em>ipsi</em></span> <span class='ocrx_word' id='word_1_260' title='bbox 705 3278 787 3336; x_wconf 90' lang='lat' dir='ltr'><em>enim,</em></span> <span class='ocrx_word' id='word_1_261' title='bbox 807 3291 869 3328; x_wconf 92' lang='lat' dir='ltr'><em>cum</em></span> <span class='ocrx_word' id='word_1_262' title='bbox 888 3279 1043 3329; x_wconf 77' lang='lat' dir='ltr'><em>facultatem</em></span> <span class='ocrx_word' id='word_1_263' title='bbox 1067 3280 1168 3346; x_wconf 83' lang='lat' dir='ltr'><em>inteili-</em></span> 
     </span>
     <span class='ocr_line' id='line_1_38' title="bbox 104 3349 1169 3413; baseline 0.005 -15"><span class='ocrx_word' id='word_1_264' title='bbox 104 3350 181 3412; x_wconf 82' lang='lat' dir='ltr'><em>gandi</em></span> <span class='ocrx_word' id='word_1_265' title='bbox 201 3351 300 3400; x_wconf 91' lang='lat' dir='ltr'><em>homini</em></span> <span class='ocrx_word' id='word_1_266' title='bbox 321 3351 406 3413; x_wconf 85' lang='lat' dir='ltr'><em>reipsa</em></span> <span class='ocrx_word' id='word_1_267' title='bbox 425 3350 535 3406; x_wconf 86' lang='lat' dir='ltr'><em>tollant,</em></span> <span class='ocrx_word' id='word_1_268' title='bbox 556 3349 783 3412; x_wconf 84' lang='lat' dir='ltr'><em>investigationem</em></span> <span class='ocrx_word' id='word_1_269' title='bbox 803 3365 945 3401; x_wconf 87' lang='lat' dir='ltr'><em>causarum</em></span> <span class='ocrx_word' id='word_1_270' title='bbox 957 3365 973 3401; x_wconf 91' lang='lat' dir='ltr'><em>e</em></span> <span class='ocrx_word' id='word_1_271' title='bbox 985 3353 1103 3402; x_wconf 87' lang='lat' dir='ltr'><em>scientiis</em></span> <span class='ocrx_word' id='word_1_272' title='bbox 1122 3365 1169 3403; x_wconf 85' lang='lat' dir='ltr'><em>ex·</em></span> 
     </span>
     <span class='ocr_line' id='line_1_39' title="bbox 107 3419 1169 3487; baseline 0.003 -16"><span class='ocrx_word' id='word_1_273' title='bbox 107 3425 258 3472; x_wconf 88' lang='lat' dir='ltr'><em>terminant.</em></span> <span class='ocrx_word' id='word_1_274' title='bbox 279 3419 331 3472; x_wconf 87' lang='lat' dir='ltr'><em>Nisi</em></span> <span class='ocrx_word' id='word_1_275' title='bbox 351 3424 421 3487; x_wconf 88' lang='lat' dir='ltr'><em>quod</em></span> <span class='ocrx_word' id='word_1_276' title='bbox 441 3419 629 3472; x_wconf 83' lang='lat' dir='ltr'><em>Materialistae</em></span> <span class='ocrx_word' id='word_1_277' title='bbox 654 3423 710 3470; x_wconf 89' lang='lat' dir='ltr'><em>sota</em></span> <span class='ocrx_word' id='word_1_278' title='bbox 739 3422 871 3473; x_wconf 86' lang='lat' dir='ltr'><em>iacturum</em></span> <span class='ocrx_word' id='word_1_279' title='bbox 896 3425 1055 3474; x_wconf 90' lang='lat' dir='ltr'><em>exteriorum</em></span> <span class='ocrx_word' id='word_1_280' title='bbox 1077 3424 1169 3475; x_wconf 85' lang='lat' dir='ltr'><em>ohser-</em></span> 
     </span>
     <span class='ocr_line' id='line_1_40' title="bbox 105 3492 1170 3560; baseline 0.006 -18"><span class='ocrx_word' id='word_1_281' title='bbox 105 3495 222 3554; x_wconf 84' lang='lat' dir='ltr'><em>vatione;</em></span> <span class='ocrx_word' id='word_1_282' title='bbox 243 3492 373 3546; x_wconf 86' lang='lat' dir='ltr'><em>Sensistae</em></span> <span class='ocrx_word' id='word_1_283' title='bbox 386 3499 477 3546; x_wconf 87' lang='lat' dir='ltr'><em>autem</em></span> <span class='ocrx_word' id='word_1_284' title='bbox 491 3496 571 3544; x_wconf 89' lang='lat' dir='ltr'><em>etiam</em></span> <span class='ocrx_word' id='word_1_285' title='bbox 584 3507 616 3544; x_wconf 90' lang='lat' dir='ltr'><em>ex</em></span> <span class='ocrx_word' id='word_1_286' title='bbox 629 3495 811 3545; x_wconf 85' lang='lat' dir='ltr'><em>obsecratione</em></span> <span class='ocrx_word' id='word_1_287' title='bbox 825 3498 943 3554; x_wconf 88' lang='lat' dir='ltr'><em>illorum,</em></span> <span class='ocrx_word' id='word_1_288' title='bbox 957 3511 1025 3560; x_wconf 89' lang='lat' dir='ltr'><em>quae</em></span> <span class='ocrx_word' id='word_1_289' title='bbox 1037 3499 1065 3547; x_wconf 92' lang='lat' dir='ltr'><em>in</em></span> <span class='ocrx_word' id='word_1_290' title='bbox 1077 3499 1170 3548; x_wconf 88' lang='lat' dir='ltr'><em>anima</em></span> 
     </span>
     <span class='ocr_line' id='line_1_41' title="bbox 106 3566 1170 3630; baseline 0.004 -13"><span class='ocrx_word' id='word_1_291' title='bbox 106 3567 190 3626; x_wconf 84' lang='lat' dir='ltr'><em>liunt,</em></span> <span class='ocrx_word' id='word_1_292' title='bbox 210 3567 262 3617; x_wconf 95' lang='lat' dir='ltr'><em>hoc</em></span> <span class='ocrx_word' id='word_1_293' title='bbox 280 3572 337 3626; x_wconf 84' lang='lat' dir='ltr'><em>est,</em></span> <span class='ocrx_word' id='word_1_294' title='bbox 358 3567 543 3626; x_wconf 78' lang='lat' dir='ltr'><em>allectionem,</em></span> <span class='ocrx_word' id='word_1_295' title='bbox 568 3579 637 3630; x_wconf 88' lang='lat' dir='ltr'><em>quae</em></span> <span class='ocrx_word' id='word_1_296' title='bbox 660 3566 693 3615; x_wconf 87' lang='lat' dir='ltr'><em>ab</em></span> <span class='ocrx_word' id='word_1_297' title='bbox 718 3571 878 3619; x_wconf 88' lang='lat' dir='ltr'><em>exteriorum</em></span> <span class='ocrx_word' id='word_1_298' title='bbox 903 3583 992 3620; x_wconf 86' lang='lat' dir='ltr'><em>rernm</em></span> <span class='ocrx_word' id='word_1_299' title='bbox 1016 3571 1121 3621; x_wconf 87' lang='lat' dir='ltr'><em>actione</em></span> <span class='ocrx_word' id='word_1_300' title='bbox 1141 3572 1170 3621; x_wconf 89' lang='lat' dir='ltr'><em>in</em></span> 
     </span>
     <span class='ocr_line' id='line_1_42' title="bbox 107 3639 837 3702; baseline 0.003 -12"><span class='ocrx_word' id='word_1_301' title='bbox 107 3642 196 3691; x_wconf 85' lang='lat' dir='ltr'><em>anima</em></span> <span class='ocrx_word' id='word_1_302' title='bbox 216 3639 377 3702; x_wconf 82' lang='lat' dir='ltr'><em>efficiuntur,</em></span> <span class='ocrx_word' id='word_1_303' title='bbox 397 3640 520 3694; x_wconf 83' lang='lat' dir='ltr'><em>scientias</em></span> <span class='ocrx_word' id='word_1_304' title='bbox 539 3639 646 3690; x_wconf 83' lang='lat' dir='ltr'><em>conflari</em></span> <span class='ocrx_word' id='word_1_305' title='bbox 665 3642 837 3692; x_wconf 84' lang='lat' dir='ltr'><em>contendunt.</em></span> 
     </span>
    </p>
   </div>
   <div class='ocr_carea' id='block_1_7' title="bbox 0 0 1253 3909">
    <p class='ocr_par' dir='ltr' id='par_1_7' title="bbox 0 0 1253 3909">
     <span class='ocr_line' id='line_1_43' title="bbox 0 0 1253 3909; baseline 0 0"><span class='ocrx_word' id='word_1_306' title='bbox 0 0 1253 3909; x_wconf 95' lang='lat' dir='ltr'><em> </em></span> 
     </span>
    </p>
   </div>
  </div>
 </body>
</html>
