2475 3909
424 198 699 247 svrnnoronoors
1011 179 1069 243 titt

36 295 172 357 unicum
188 288 231 352 sit
244 307 305 350 esse
327 283 549 358 substantiale,
567 281 683 359 forma,
700 301 783 366 quae
807 281 855 343 rei
879 278 934 345 dat
956 302 1018 344 esse
1034 279 1108 345 sub-

37 369 203 445 stantiale,
220 389 285 433 una
306 368 407 432 etiam
432 366 467 428 in
488 362 635 449 qnalibet
648 384 684 429 re
699 383 768 426 esse
783 359 879 427 debet
894 364 917 437 ¹,
930 383 1109 447 omnesque

37 454 125 519 aliae
141 453 278 528 lormae,
297 468 382 535 quae
403 460 443 517 za
464 467 524 511 esse
539 445 746 512 substantiali
762 443 1112 518 adiiciuntur,nonnisi

34 531 258 599 accidentales
279 551 349 596 esse
372 531 546 614 possunt².

78 617 130 683 33.
155 613 259 679 Cuius
275 613 411 677 rationis
433 613 500 676 vim
521 611 590 693 ipse
612 610 726 674 Scelus
747 607 867 673 sentire
882 605 1022 683 videtur,
1041 615 1110 672 tum

34 699 115 783 quia
139 699 174 760 in
195 695 292 759 rebus
327 693 526 779 inorganicis
552 711 650 754 unam
684 689 824 753 formam
850 687 1109 763 substantialem,

34 776 219 844 secundum
240 799 265 839 s.
281 774 422 839 Thomae
446 772 611 860 principia
633 769 787 847 admittit,
805 781 873 834 tom
888 770 965 864 quia
989 792 1029 832 ex
1046 770 1110 832 ior-

34 882 89 924 ma
113 858 360 954 corporeitatiS,
383 876 481 940 quam
505 854 537 917 in
561 853 748 936 compositis
775 852 927 916 animatis
953 850 1109 947 agnoscit,

35 963 102 1006 non
126 939 260 1026 quidem
288 958 409 1024 corpus
436 935 687 1000 determinatum
711 936 743 996 in
768 933 878 1017 aliqua
900 954 1031 1020 specie,
1056 931 1111 996 sed

34 1045 160 1109 corpus
180 1021 357 1103 penericum
381 1018 533 1083 constitui
557 1014 661 1080 docet.
685 1013 778 1090 Quod
804 1015 950 1099 prolecto
974 1015 1080 1080 manis
1097 1051 1111 1062 -

35 1117 125 1170 stum
148 1101 326 1167 absurdum
348 1109 408 1175 cst,
424 1100 502 1184 quia
518 1097 643 1162 nullum
666 1117 785 1182 corpus
805 1099 980 1178 penerioom
1002 1099 1110 1182 reipsa

33 1188 179 1251 existere
204 1194 319 1269 potest,
336 1179 423 1268 quod
448 1201 510 1243 non
532 1181 576 1244 sit
598 1181 631 1243 in
655 1177 764 1262 aliqua
787 1180 895 1264 specie
918 1178 1111 1243 determina-

36 1280 110 1333 turn
135 1287 253 1352 corpus
266 1267 291 1327 ⁸.

80 1413 149 1466 Aur.
164 1411 198 1466 V.
212 1439 242 1452 -
256 1410 397 1464 Ecclesiae
416 1404 574 1460 i'atiiotieae
595 1408 714 1457 doctrina
735 1409 805 1458 circa
828 1409 951 1457 unionem
971 1411 1076 1458 animae

398 1496 460 1532 enm
481 1495 597 1544 corpore
617 1479 758 1530 exhibetur

78 1596 132 1662 3l.
155 1595 189 1661 Si
214 1592 253 1657 de
276 1589 481 1656 substantiali
504 1592 627 1656 unione
650 1589 775 1654 animae
799 1609 872 1654 cum
896 1610 1031 1674 corpore
1046 1609 1111 1654 non

33 1697 113 1742 cnm
130 1673 335 1772 Philosophis
356 1672 594 1748 Rationalistis,
618 1681 651 1736 ei
672 1670 941 1749 protestantibus,
959 1671 1014 1735 sed
1037 1691 1111 1736 curn

31 1756 435 1840 Catholicis'drspntetnr,
460 1764 590 1837 praeter
612 1764 776 1817 momenta
800 1754 976 1830 rationum,
1000 1775 1041 1819 ex
1063 1753 1114 1816 di-

36 1842 116 1905 vina
138 1840 331 1904 anctoritate
355 1835 522 1901 Ecclesiae
548 1835 649 1900 etiam
672 1834 878 1920 comprobari
901 1836 971 1920 ipsa
995 1846 1110 1921 potest.

35 1923 123 1988 Nam
144 1916 336 1985 ClemensV
360 1919 392 1980 in
416 1916 545 1983 S‘oodo
564 1917 786 1982 Oecumenica
808 1917 984 1982 Viennensi
1011 1917 1112 1982 veluti

33 2022 210 2076 erroneum,
224 2011 251 2064 et
277 2001 409 2064 ceritati
481 1997 610 2062 tirolieoe
631 1999 795 2062 inimicam
811 1998 905 2062 Fidei
925 1993 1114 2084 reprobavit

33 2111 53 2147 a
80 2082 262 2146 doctrinam
287 2101 434 2156 omnem,
457 2101 515 2143 seu
539 2081 735 2165 positionem
762 2090 880 2145 temere
904 2092 1111 2156 asserentem,

34 2178 96 2231 aut
118 2176 297 2230 vertentem
324 2165 356 2226 in
379 2160 529 2239 dubium,
552 2161 639 2246 quod
662 2159 842 2227 substantia
865 2163 993 2226 animae
1017 2163 1114 2231 ratio-

35 2246 144 2322 nalis,
176 2267 233 2309 sen
263 2244 480 2310 intellectivae
509 2264 582 2306 vere
609 2265 648 2307 ac
718 2263 787 2307 rse
810 2245 943 2307 hnmani
966 2245 1113 2330 eorporis

33 2328 166 2394 nonsit
191 2326 298 2391 iorma
326 2349 355 2399 s,
378 2325 642 2410 haereticumque
685 2325 851 2403 eclaravit,
874 2325 931 2410 qui
955 2341 1113 2394 assereret

32 2435 54 2473 a
79 2406 168 2495 quod
201 2410 310 2472 anima
341 2407 503 2483 bumana,
525 2427 582 2470 sen
611 2406 831 2482 intellectiva,
856 2427 918 2471 non
941 2409 983 2472 sit
1006 2407 1111 2473 lorma

420 2521 750 2539 —n—-nu--n-

74 2585 84 2621 ¹
106 2578 143 2634 cr
160 2581 282 2640 cosmos,
304 2595 330 2631 e.
346 2579 366 2641 l,
387 2595 414 2630 a.
435 2582 463 2638 li,
484 2597 511 2643 p.
536 2581 586 2632 tritt
605 2596 664 2646 sqq.

73 2655 86 2692 ²
107 2651 144 2706 Gi
159 2668 182 2705 s.
203 2651 312 2710 livam..
333 2650 355 2710 1,
376 2668 403 2717 q.
424 2649 542 2711 ttttvt,
561 2668 589 2702 a.
609 2656 638 2705 Ι.

71 2728 83 2764 ⁸
105 2723 177 2777 Srotl
198 2726 357 2775 sententiaro
387 2727 506 2775 nonnulli
526 2731 648 2776 recentes
668 2724 843 2788 Philosophi,
864 2725 932 2774 inter
956 2737 1022 2788 quoa
1042 2723 1111 2780 'lon-

34 2800 132 2864 giorgi,
152 2795 286 2856 Bamiere.
308 2794 432 2855 Bottalia,
452 2796 588 2857 latraturi,
608 2795 744 2856 Fredauit,
766 2799 948 2859 propugnant,
968 2802 995 2846 at
1014 2799 1114 2851 isumu-

34 2877 121 2922 tatam
135 2870 281 2921 meantium
300 2884 377 2919 suam
392 2870 423 2919 le
436 2871 574 2933 principiis
591 2870 770 2924 constitutivis
782 2882 927 2932 corporum
939 2873 1111 2932 sententiam,

36 2943 109 2994 ande
130 2944 259 2992 unitatem
280 2942 482 2992 substantialem
503 2943 529 2993 in
547 2942 655 2994 homine
675 2941 783 2994 diversis
803 2940 950 2992 rationibus
973 2943 1112 2996 adstruere

37 3019 182 3066 conantur.
199 3012 331 3064 Adversus
350 3028 396 3062 eos
416 3015 535 3076 apposita
556 3029 636 3075 opera
656 3016 822 3076 scripserunt
843 3011 862 3062 Ι.
879 3007 1014 3072 carnotas,
1036 3019 1109 3067 Com·

36 3095 119 3138 ment.
140 3088 166 3137 in
187 3088 280 3150 opusc.
303 3087 338 3136 D.
354 3087 466 3136 Thomna
485 3087 525 3137 De
541 3088 690 3150 pluralitate
708 3087 867 3145 formarum,
888 3081 1001 3148 liologna
1024 3089 1113 3148 18765

35 3155 101 3211 Em.
122 3153 202 3210 Carti.
221 3156 336 3221 ligitare
354 3194 361 3214 ,
382 3159 421 3208 Da
440 3165 524 3208 mente
543 3161 650 3210 Consilii
673 3159 825 3208 Viennensis
844 3159 871 3205 io
891 3159 1033 3223 definiendo
1052 3163 1113 3224 ‹top-

33 3239 106 3282 mole
130 3232 236 3280 unionis
254 3232 361 3280 animae
385 3245 442 3279 eum
461 3244 593 3294 rumore,
613 3226 712 3282 llornae
734 3231 820 3287 i8'18;
840 3226 922 3279 llenr.
944 3225 1052 3290 Santi,
1074 3235 1112 3284 De

36 3305 145 3354 Panion
163 3302 336 3352 substantteile
353 3303 384 3350 ria
403 3303 499 3361 Poma,
519 3309 543 3352 at
560 3305 595 3352 du
612 3317 698 3365 corps,
718 3304 833 3367 lle'ponae
845 3316 879 3350 an
893 3303 925 3352 tt.
939 3303 972 3351 P.
986 3303 1111 3362 Bottollu.

33 3373 112 3427 Paria
138 3373 220 3424 tata.
246 3373 308 3424 Viri.
333 3373 416 3423 etiam
441 3387 511 3436 qnae
534 3374 661 3425 adversus
685 3371 872 3438 'longiorgiom
893 3373 1065 3423 disseruimus
1085 3377 1111 3426 in

34 3448 121 3502 Elem.
140 3458 187 3496 seu
210 3448 292 3496 instit.
310 3446 393 3503 Pili..
415 3447 498 3495 Cirtae
513 3481 520 3504 ,
536 3448 589 3496 voi.
605 3444 653 3501 ill.
669 3461 729 3508 pars
749 3447 845 3510 prima,
860 3459 886 3494 e.
902 3441 935 3503 ll,
950 3458 976 3495 a.
993 3447 1019 3504 l,
1035 3461 1061 3508 p.
1076 3447 1112 3498 tt

37 3533 100 3581 sqq,
120 3515 231 3581 Neapoli
255 3517 383 3572 tata-to.
400 3517 445 3566 nbi
463 3518 545 3567 etiam
565 3521 665 3568 solutas
686 3521 802 3569 invenies
822 3517 982 3566 abiectiones
1002 3515 1109 3570 llenrtoi

36 3587 237 3650 (landavensis,
258 3588 342 3647 Scott,
362 3602 467 3638 necnon
486 3590 592 3640 iliorum
613 3593 781 3654 recentium,
795 3593 841 3656 qut
860 3587 956 3641 herum
975 3590 1111 3646 theoriam

34 3661 187 3716 mallum
205 3663 339 3714 atomismi
358 3661 458 3725 placita
477 3669 654 3728 propugnant.
