<?xml version="1.0" encoding="UTF-8"?>
<!DOCTYPE html PUBLIC "-//W3C//DTD XHTML 1.0 Transitional//EN"
    "http://www.w3.org/TR/xhtml1/DTD/xhtml1-transitional.dtd">
<html xmlns="http://www.w3.org/1999/xhtml" xml:lang="en" lang="en">
 <head>
  <title>
</title>
<meta http-equiv="Content-Type" content="text/html;charset=utf-8" />
  <meta name='ocr-system' content='tesseract 3.04.00' />
  <meta name='ocr-capabilities' content='ocr_page ocr_carea ocr_par ocr_line ocrx_word'/>
</head>
<body>
  <div class='ocr_page' id='page_1' title='image "./philosophiachri00sansgoog_0168.png"; bbox 0 0 2475 3909; ppageno 0'>
   <div class='ocr_carea' id='block_1_1' title="bbox 125 141 740 206">
    <p class='ocr_par' dir='ltr' id='par_1_1' title="bbox 125 141 740 206">
     <span class='ocr_line' id='line_1_1' title="bbox 125 141 740 206; baseline 0.002 -3"><span class='ocrx_word' id='word_1_1' title='bbox 125 141 183 204; x_wconf 71' lang='lat'><em>154</em></span> <span class='ocrx_word' id='word_1_2' title='bbox 509 159 740 206; x_wconf 76' lang='lat' dir='ltr'><em>nuusuuoom</em></span> 
     </span>
    </p>
   </div>
   <div class='ocr_carea' id='block_1_2' title="bbox 82 242 1159 1312">
    <p class='ocr_par' dir='ltr' id='par_1_2' title="bbox 82 242 1157 406">
     <span class='ocr_line' id='line_1_2' title="bbox 126 242 1157 324; baseline 0 -19"><span class='ocrx_word' id='word_1_3' title='bbox 126 242 196 306; x_wconf 88' lang='lat'>161.</span> <span class='ocrx_word' id='word_1_4' title='bbox 219 243 409 320; x_wconf 76' lang='lat' dir='ltr'><strong><em>Intellectus,</em></strong></span> <span class='ocrx_word' id='word_1_5' title='bbox 431 254 458 308; x_wconf 86' lang='lat' dir='ltr'><em>ct</em></span> <span class='ocrx_word' id='word_1_6' title='bbox 479 247 562 308; x_wconf 87' lang='lat' dir='ltr'><em>ratio</em></span> <span class='ocrx_word' id='word_1_7' title='bbox 583 266 645 308; x_wconf 86' lang='lat' dir='ltr'><em>non</em></span> <span class='ocrx_word' id='word_1_8' title='bbox 667 255 738 308; x_wconf 84' lang='lat' dir='ltr'><em>eunt</em></span> <span class='ocrx_word' id='word_1_9' title='bbox 763 245 839 307; x_wconf 85' lang='lat' dir='ltr'><em>duae</em></span> <span class='ocrx_word' id='word_1_10' title='bbox 859 243 1018 324; x_wconf 75' lang='lat' dir='ltr'><em>facultates</em></span> <span class='ocrx_word' id='word_1_11' title='bbox 1039 243 1157 307; x_wconf 86' lang='lat' dir='ltr'><em>intelli-</em></span> 
     </span>
     <span class='ocr_line' id='line_1_3' title="bbox 82 324 1015 406; baseline 0.001 -21"><span class='ocrx_word' id='word_1_12' title='bbox 82 324 185 405; x_wconf 79' lang='lat' dir='ltr'><em>9emli‚</em></span> <span class='ocrx_word' id='word_1_13' title='bbox 210 326 262 388; x_wconf 80' lang='lat' dir='ltr'><em>sed</em></span> <span class='ocrx_word' id='word_1_14' title='bbox 283 327 359 390; x_wconf 86' lang='lat' dir='ltr'><em>dnae</em></span> <span class='ocrx_word' id='word_1_15' title='bbox 386 327 645 393; x_wconf 72' lang='lat' dir='ltr'><em>denominationes</em></span> <span class='ocrx_word' id='word_1_16' title='bbox 666 325 800 389; x_wconf 71' lang='lat' dir='ltr'><em>eosdem</em></span> <span class='ocrx_word' id='word_1_17' title='bbox 821 325 978 406; x_wconf 79' lang='lat' dir='ltr'><em>[acuitatis</em></span> <span class='ocrx_word' id='word_1_18' title='bbox 992 327 1015 386; x_wconf 87' lang='lat'><em>¹.</em></span> 
     </span>
    </p>

    <p class='ocr_par' dir='ltr' id='par_1_3' title="bbox 83 405 1157 904">
     <span class='ocr_line' id='line_1_4' title="bbox 127 405 1156 505; baseline 0.001 -38"><span class='ocrx_word' id='word_1_19' title='bbox 127 405 297 472; x_wconf 81' lang='lat' dir='ltr'><em>Probatur.</em></span> <span class='ocrx_word' id='word_1_20' title='bbox 321 406 419 472; x_wconf 83' lang='lat' dir='ltr'><em>Ratio</em></span> <span class='ocrx_word' id='word_1_21' title='bbox 443 419 607 505; x_wconf 82' lang='lat' dir='ltr'><strong>tamquam</strong></span> <span class='ocrx_word' id='word_1_22' title='bbox 632 407 768 472; x_wconf 77' lang='lat' dir='ltr'><em>facultas</em></span> <span class='ocrx_word' id='word_1_23' title='bbox 790 406 941 471; x_wconf 82' lang='lat' dir='ltr'><em>distincte</em></span> <span class='ocrx_word' id='word_1_24' title='bbox 965 406 1005 470; x_wconf 86' lang='lat' dir='ltr'><em>ab</em></span> <span class='ocrx_word' id='word_1_25' title='bbox 1029 405 1156 470; x_wconf 88' lang='lat' dir='ltr'><em>intelle·</em></span> 
     </span>
     <span class='ocr_line' id='line_1_5' title="bbox 83 487 1153 567; baseline 0 -18"><span class='ocrx_word' id='word_1_26' title='bbox 83 494 136 550; x_wconf 91' lang='lat' dir='ltr'><em>ctu</em></span> <span class='ocrx_word' id='word_1_27' title='bbox 160 487 305 554; x_wconf 80' lang='lat' dir='ltr'><em>habenda</em></span> <span class='ocrx_word' id='word_1_28' title='bbox 327 493 456 566; x_wconf 90' lang='lat' dir='ltr'><em>esset,si</em></span> <span class='ocrx_word' id='word_1_29' title='bbox 472 491 697 567; x_wconf 70' lang='lat' dir='ltr'><em>obiectumst</em></span> <span class='ocrx_word' id='word_1_30' title='bbox 711 498 801 554; x_wconf 86' lang='lat' dir='ltr'><em>actus</em></span> <span class='ocrx_word' id='word_1_31' title='bbox 826 488 951 553; x_wconf 80' lang='lat' dir='ltr'><em>eiusad</em></span> <span class='ocrx_word' id='word_1_32' title='bbox 975 488 1153 560; x_wconf 90' lang='lat' dir='ltr'><em>obiectum,</em></span> 
     </span>
     <span class='ocr_line' id='line_1_6' title="bbox 83 568 1157 657; baseline 0 -26"><span class='ocrx_word' id='word_1_33' title='bbox 83 578 116 632; x_wconf 89' lang='lat' dir='ltr'><em>et</em></span> <span class='ocrx_word' id='word_1_34' title='bbox 138 581 246 636; x_wconf 84' lang='lat' dir='ltr'><em>actum</em></span> <span class='ocrx_word' id='word_1_35' title='bbox 269 570 452 638; x_wconf 87' lang='lat' dir='ltr'><em>intellectus</em></span> <span class='ocrx_word' id='word_1_36' title='bbox 475 572 586 639; x_wconf 86' lang='lat' dir='ltr'><strong>reduci</strong></span> <span class='ocrx_word' id='word_1_37' title='bbox 611 595 674 639; x_wconf 90' lang='lat' dir='ltr'><em>non</em></span> <span class='ocrx_word' id='word_1_38' title='bbox 694 580 834 657; x_wconf 83' lang='lat' dir='ltr'><em>possent,</em></span> <span class='ocrx_word' id='word_1_39' title='bbox 850 570 919 634; x_wconf 84' lang='lat' dir='ltr'><em>sive</em></span> <span class='ocrx_word' id='word_1_40' title='bbox 935 568 1084 656; x_wconf 81' lang='lat' dir='ltr'><em>specifice</em></span> <span class='ocrx_word' id='word_1_41' title='bbox 1107 571 1157 632; x_wconf 93' lang='lat' dir='ltr'><em>in-</em></span> 
     </span>
     <span class='ocr_line' id='line_1_7' title="bbox 84 650 1155 740; baseline 0.002 -28"><span class='ocrx_word' id='word_1_42' title='bbox 84 660 133 712; x_wconf 88' lang='lat' dir='ltr'><em>ter</em></span> <span class='ocrx_word' id='word_1_43' title='bbox 160 672 194 714; x_wconf 91' lang='lat' dir='ltr'><em>se</em></span> <span class='ocrx_word' id='word_1_44' title='bbox 222 652 390 717; x_wconf 77' lang='lat' dir='ltr'><em>differrent</em></span> <span class='ocrx_word' id='word_1_45' title='bbox 404 657 428 718; x_wconf 83' lang='lat'><em>².</em></span> <span class='ocrx_word' id='word_1_46' title='bbox 456 657 554 740; x_wconf 82' lang='lat' dir='ltr'>Atqui</span> <span class='ocrx_word' id='word_1_47' title='bbox 579 654 765 728; x_wconf 89' lang='lat' dir='ltr'><em>obiectum,</em></span> <span class='ocrx_word' id='word_1_48' title='bbox 790 665 820 718; x_wconf 91' lang='lat' dir='ltr'><em>et</em></span> <span class='ocrx_word' id='word_1_49' title='bbox 842 665 933 717; x_wconf 82' lang='lat' dir='ltr'><em>aetus</em></span> <span class='ocrx_word' id='word_1_50' title='bbox 957 653 1093 716; x_wconf 79' lang='lat' dir='ltr'><em>rationis</em></span> <span class='ocrx_word' id='word_1_51' title='bbox 1113 650 1155 714; x_wconf 84' lang='lat' dir='ltr'><em>ud</em></span> 
     </span>
     <span class='ocr_line' id='line_1_8' title="bbox 83 731 1154 814; baseline 0.003 -21"><span class='ocrx_word' id='word_1_52' title='bbox 83 731 260 808; x_wconf 87' lang='lat' dir='ltr'><em>obiectum,</em></span> <span class='ocrx_word' id='word_1_53' title='bbox 284 733 377 801; x_wconf 83' lang='lat' dir='ltr'><em>etad</em></span> <span class='ocrx_word' id='word_1_54' title='bbox 403 747 509 801; x_wconf 80' lang='lat' dir='ltr'><em>ectum</em></span> <span class='ocrx_word' id='word_1_55' title='bbox 534 737 719 802; x_wconf 89' lang='lat' dir='ltr'><em>intellectus</em></span> <span class='ocrx_word' id='word_1_56' title='bbox 747 735 960 800; x_wconf 81' lang='lat' dir='ltr'><em>reducuntur.</em></span> <span class='ocrx_word' id='word_1_57' title='bbox 977 735 1065 814; x_wconf 85' lang='lat' dir='ltr'><em>Ergo</em></span> <span class='ocrx_word' id='word_1_58' title='bbox 1089 754 1154 796; x_wconf 90' lang='lat' dir='ltr'><em>non</em></span> 
     </span>
     <span class='ocr_line' id='line_1_9' title="bbox 84 814 1152 904; baseline -0.001 -26"><span class='ocrx_word' id='word_1_59' title='bbox 84 825 132 878; x_wconf 85' lang='lat' dir='ltr'><em>est</em></span> <span class='ocrx_word' id='word_1_60' title='bbox 155 814 219 878; x_wconf 83' lang='lat' dir='ltr'><em>nlin</em></span> <span class='ocrx_word' id='word_1_61' title='bbox 242 815 378 880; x_wconf 80' lang='lat' dir='ltr'><em>facultas</em></span> <span class='ocrx_word' id='word_1_62' title='bbox 403 817 604 904; x_wconf 85' lang='lat' dir='ltr'><em>intelligendi</em></span> <span class='ocrx_word' id='word_1_63' title='bbox 628 819 730 894; x_wconf 89' lang='lat' dir='ltr'><em>ratio,</em></span> <span class='ocrx_word' id='word_1_64' title='bbox 753 817 814 882; x_wconf 85' lang='lat' dir='ltr'><em>alin</em></span> <span class='ocrx_word' id='word_1_65' title='bbox 838 827 948 881; x_wconf 84' lang='lat' dir='ltr'><em>nutem</em></span> <span class='ocrx_word' id='word_1_66' title='bbox 970 816 1152 880; x_wconf 85' lang='lat' dir='ltr'><em>intellectus.</em></span> 
     </span>
    </p>

    <p class='ocr_par' dir='ltr' id='par_1_4' title="bbox 84 895 1159 1312">
     <span class='ocr_line' id='line_1_10' title="bbox 125 895 1156 985; baseline 0.003 -28"><span class='ocrx_word' id='word_1_67' title='bbox 125 895 194 960; x_wconf 77' lang='lat'><strong>162.</strong></span> <span class='ocrx_word' id='word_1_68' title='bbox 222 898 377 978; x_wconf 76' lang='lat' dir='ltr'><em>Probatur</em></span> <span class='ocrx_word' id='word_1_69' title='bbox 407 902 510 984; x_wconf 83' lang='lat' dir='ltr'><em>prima</em></span> <span class='ocrx_word' id='word_1_70' title='bbox 543 921 617 985; x_wconf 84' lang='lat' dir='ltr'><em>pars</em></span> <span class='ocrx_word' id='word_1_71' title='bbox 639 901 783 963; x_wconf 83' lang='lat' dir='ltr'><em>minoris.</em></span> <span class='ocrx_word' id='word_1_72' title='bbox 807 896 981 964; x_wconf 88' lang='lat' dir='ltr'><em>Obiectum</em></span> <span class='ocrx_word' id='word_1_73' title='bbox 1017 897 1156 961; x_wconf 85' lang='lat' dir='ltr'><em>rationis</em></span> 
     </span>
     <span class='ocr_line' id='line_1_11' title="bbox 84 977 1156 1066; baseline 0.001 -27"><span class='ocrx_word' id='word_1_74' title='bbox 84 987 133 1040; x_wconf 84' lang='lat' dir='ltr'><em>est</em></span> <span class='ocrx_word' id='word_1_75' title='bbox 154 977 257 1046; x_wconf 87' lang='lat' dir='ltr'><em>intelli</em></span> <span class='ocrx_word' id='word_1_76' title='bbox 284 978 374 1055; x_wconf 89' lang='lat' dir='ltr'><em>ibile,</em></span> <span class='ocrx_word' id='word_1_77' title='bbox 398 1001 499 1066; x_wconf 83' lang='lat' dir='ltr'><em>aeque</em></span> <span class='ocrx_word' id='word_1_78' title='bbox 523 1003 560 1046; x_wconf 85' lang='lat' dir='ltr'><em>ac</em></span> <span class='ocrx_word' id='word_1_79' title='bbox 583 980 794 1060; x_wconf 68' lang='lat' dir='ltr'><em>intelligibile</em></span> <span class='ocrx_word' id='word_1_80' title='bbox 816 989 864 1044; x_wconf 83' lang='lat' dir='ltr'><em>est</em></span> <span class='ocrx_word' id='word_1_81' title='bbox 878 979 1040 1045; x_wconf 86' lang='lat' dir='ltr'><em>obiectum</em></span> <span class='ocrx_word' id='word_1_82' title='bbox 1062 977 1156 1042; x_wconf 86' lang='lat' dir='ltr'><em>intel-</em></span> 
     </span>
     <span class='ocr_line' id='line_1_12' title="bbox 87 1001 1156 1149; baseline 0 -28"><span class='ocrx_word' id='word_1_83' title='bbox 87 1059 198 1124; x_wconf 86' lang='lat' dir='ltr'><em>lectus.</em></span> <span class='ocrx_word' id='word_1_84' title='bbox 224 1085 240 1124; x_wconf 84' lang='lat' dir='ltr'><em>n</em></span> <span class='ocrx_word' id='word_1_85' title='bbox 262 1001 479 1140; x_wconf 70' lang='lat' dir='ltr'><em>ltatioemnri,</em></span> <span class='ocrx_word' id='word_1_86' title='bbox 504 1063 612 1149; x_wconf 90' lang='lat' dir='ltr'><em>inquit</em></span> <span class='ocrx_word' id='word_1_87' title='bbox 634 1085 659 1127; x_wconf 89' lang='lat' dir='ltr'><em>s.</em></span> <span class='ocrx_word' id='word_1_88' title='bbox 681 1061 831 1133; x_wconf 81' lang='lat' dir='ltr'><em>Thomas,</em></span> <span class='ocrx_word' id='word_1_89' title='bbox 854 1071 902 1127; x_wconf 88' lang='lat' dir='ltr'><em>est</em></span> <span class='ocrx_word' id='word_1_90' title='bbox 930 1058 1092 1124; x_wconf 71' lang='lat' dir='ltr'><em>»recedere</em></span> <span class='ocrx_word' id='word_1_91' title='bbox 1114 1058 1156 1122; x_wconf 86' lang='lat' dir='ltr'><em>de</em></span> 
     </span>
     <span class='ocr_line' id='line_1_13' title="bbox 84 1083 1159 1286; baseline 0 -82"><span class='ocrx_word' id='word_1_92' title='bbox 84 1161 150 1204; x_wconf 90' lang='lat' dir='ltr'><em>uno</em></span> <span class='ocrx_word' id='word_1_93' title='bbox 175 1143 337 1208; x_wconf 85' lang='lat' dir='ltr'><em>intellecto</em></span> <span class='ocrx_word' id='word_1_94' title='bbox 361 1143 399 1208; x_wconf 84' lang='lat' dir='ltr'><em>ad</em></span> <span class='ocrx_word' id='word_1_95' title='bbox 421 1143 522 1220; x_wconf 85' lang='lat' dir='ltr'><em>aliud,</em></span> <span class='ocrx_word' id='word_1_96' title='bbox 539 1145 578 1209; x_wconf 83' lang='lat' dir='ltr'><em>ad</em></span> <span class='ocrx_word' id='word_1_97' title='bbox 596 1146 765 1210; x_wconf 84' lang='lat' dir='ltr'><em>veritatem</em></span> <span class='ocrx_word' id='word_1_98' title='bbox 782 1083 1022 1228; x_wconf 69' lang='lat' dir='ltr'><em>intelligibilem</em></span> <span class='ocrx_word' id='word_1_99' title='bbox 1038 1160 1159 1286; x_wconf 66' lang='lat' dir='ltr'><em>cogno·</em></span> 
     </span>
     <span class='ocr_line' id='line_1_14' title="bbox 86 1222 1157 1312; baseline 0.001 -27"><span class='ocrx_word' id='word_1_100' title='bbox 86 1223 264 1288; x_wconf 73' lang='lat' dir='ltr'><em>secudum8</em></span> <span class='ocrx_word' id='word_1_101' title='bbox 290 1249 317 1288; x_wconf 81' lang='lat' dir='ltr'><em>o.</em></span> <span class='ocrx_word' id='word_1_102' title='bbox 344 1229 440 1311; x_wconf 79' lang='lat' dir='ltr'><em>Atqui</em></span> <span class='ocrx_word' id='word_1_103' title='bbox 470 1227 692 1312; x_wconf 82' lang='lat' dir='ltr'><em>intelligibile,</em></span> <span class='ocrx_word' id='word_1_104' title='bbox 713 1225 773 1291; x_wconf 91' lang='lat' dir='ltr'><em>sub</em></span> <span class='ocrx_word' id='word_1_105' title='bbox 788 1227 914 1290; x_wconf 82' lang='lat' dir='ltr'><em>ratione</em></span> <span class='ocrx_word' id='word_1_106' title='bbox 937 1222 1074 1306; x_wconf 84' lang='lat' dir='ltr'><em>intelligi</em></span> <span class='ocrx_word' id='word_1_107' title='bbox 1101 1222 1157 1286; x_wconf 90' lang='lat' dir='ltr'><em>ilis</em></span> 
     </span>
    </p>
   </div>
   <div class='ocr_carea' id='block_1_3' title="bbox 85 1304 1159 1945">
    <p class='ocr_par' dir='ltr' id='par_1_5' title="bbox 85 1304 1159 1633">
     <span class='ocr_line' id='line_1_15' title="bbox 85 1304 1157 1395; baseline 0.001 -29"><span class='ocrx_word' id='word_1_108' title='bbox 85 1317 278 1388; x_wconf 81' lang='lat' dir='ltr'><em>spectatum,</em></span> <span class='ocrx_word' id='word_1_109' title='bbox 302 1318 350 1372; x_wconf 87' lang='lat' dir='ltr'><em>est</em></span> <span class='ocrx_word' id='word_1_110' title='bbox 372 1310 479 1393; x_wconf 86' lang='lat' dir='ltr'><em>specio</em></span> <span class='ocrx_word' id='word_1_111' title='bbox 501 1309 660 1385; x_wconf 87' lang='lat' dir='ltr'><em>unicum,</em></span> <span class='ocrx_word' id='word_1_112' title='bbox 684 1310 762 1395; x_wconf 86' lang='lat' dir='ltr'><em>quia</em></span> <span class='ocrx_word' id='word_1_113' title='bbox 786 1304 991 1390; x_wconf 86' lang='lat' dir='ltr'><em>intelligibile</em></span> <span class='ocrx_word' id='word_1_114' title='bbox 1012 1305 1157 1368; x_wconf 79' lang='lat' dir='ltr'><em>celentur</em></span> 
     </span>
     <span class='ocr_line' id='line_1_16' title="bbox 85 1386 1159 1457; baseline -0.001 -8"><span class='ocrx_word' id='word_1_115' title='bbox 85 1386 124 1449; x_wconf 82' lang='lat' dir='ltr'><em>nd</em></span> <span class='ocrx_word' id='word_1_116' title='bbox 148 1399 289 1452; x_wconf 81' lang='lat' dir='ltr'><em>nostram</em></span> <span class='ocrx_word' id='word_1_117' title='bbox 312 1390 464 1454; x_wconf 77' lang='lat' dir='ltr'><em>virtutem</em></span> <span class='ocrx_word' id='word_1_118' title='bbox 488 1389 718 1457; x_wconf 77' lang='lat' dir='ltr'><em>intellectivam</em></span> <span class='ocrx_word' id='word_1_119' title='bbox 744 1387 806 1452; x_wconf 86' lang='lat' dir='ltr'><em>sub</em></span> <span class='ocrx_word' id='word_1_120' title='bbox 828 1389 923 1454; x_wconf 77' lang='lat' dir='ltr'><em>unica</em></span> <span class='ocrx_word' id='word_1_121' title='bbox 944 1387 1069 1450; x_wconf 82' lang='lat' dir='ltr'><em>ratione</em></span> <span class='ocrx_word' id='word_1_122' title='bbox 1095 1387 1159 1448; x_wconf 88' lang='lat' dir='ltr'><em>im-</em></span> 
     </span>
     <span class='ocr_line' id='line_1_17' title="bbox 86 1469 1158 1556; baseline 0.002 -26"><span class='ocrx_word' id='word_1_123' title='bbox 86 1470 334 1534; x_wconf 82' lang='lat' dir='ltr'><em>materialitatis.</em></span> <span class='ocrx_word' id='word_1_124' title='bbox 359 1472 447 1556; x_wconf 87' lang='lat' dir='ltr'><em>Ergo</em></span> <span class='ocrx_word' id='word_1_125' title='bbox 470 1470 634 1536; x_wconf 88' lang='lat' dir='ltr'><em>obiectum</em></span> <span class='ocrx_word' id='word_1_126' title='bbox 665 1471 869 1547; x_wconf 86' lang='lat' dir='ltr'><em>intellectus,</em></span> <span class='ocrx_word' id='word_1_127' title='bbox 893 1478 926 1534; x_wconf 88' lang='lat' dir='ltr'><em>et</em></span> <span class='ocrx_word' id='word_1_128' title='bbox 948 1469 1085 1532; x_wconf 77' lang='lat' dir='ltr'><em>rationis</em></span> <span class='ocrx_word' id='word_1_129' title='bbox 1106 1478 1158 1532; x_wconf 88' lang='lat' dir='ltr'><em>est</em></span> 
     </span>
     <span class='ocr_line' id='line_1_18' title="bbox 86 1549 402 1633; baseline 0.013 -22"><span class='ocrx_word' id='word_1_130' title='bbox 86 1549 234 1633; x_wconf 81' lang='lat' dir='ltr'><em>specifice</em></span> <span class='ocrx_word' id='word_1_131' title='bbox 256 1553 402 1615; x_wconf 88' lang='lat' dir='ltr'><em>unicum.</em></span> 
     </span>
    </p>

    <p class='ocr_par' dir='ltr' id='par_1_6' title="bbox 85 1630 1158 1945">
     <span class='ocr_line' id='line_1_19' title="bbox 127 1630 1156 1716; baseline -0.001 -22"><span class='ocrx_word' id='word_1_132' title='bbox 127 1631 195 1698; x_wconf 82' lang='lat'>163.</span> <span class='ocrx_word' id='word_1_133' title='bbox 220 1633 331 1698; x_wconf 80' lang='lat' dir='ltr'><em>Altera</em></span> <span class='ocrx_word' id='word_1_134' title='bbox 355 1655 429 1716; x_wconf 83' lang='lat' dir='ltr'><em>pars</em></span> <span class='ocrx_word' id='word_1_135' title='bbox 452 1635 587 1698; x_wconf 86' lang='lat' dir='ltr'><em>minoris</em></span> <span class='ocrx_word' id='word_1_136' title='bbox 604 1635 653 1698; x_wconf 84' lang='lat' dir='ltr'><em>ita</em></span> <span class='ocrx_word' id='word_1_137' title='bbox 676 1632 938 1699; x_wconf 84' lang='lat' dir='ltr'><em>demonstratur:</em></span> <span class='ocrx_word' id='word_1_138' title='bbox 963 1630 1156 1694; x_wconf 78' lang='lat' dir='ltr'><em>Differentiu</em></span> 
     </span>
     <span class='ocr_line' id='line_1_20' title="bbox 86 1711 1157 1799; baseline -0.003 -25"><span class='ocrx_word' id='word_1_139' title='bbox 86 1711 199 1792; x_wconf 87' lang='lat' dir='ltr'><em>modi,</em></span> <span class='ocrx_word' id='word_1_140' title='bbox 222 1736 288 1799; x_wconf 90' lang='lat' dir='ltr'><em>quo</em></span> <span class='ocrx_word' id='word_1_141' title='bbox 311 1715 517 1790; x_wconf 88' lang='lat' dir='ltr'><em>intellectus,</em></span> <span class='ocrx_word' id='word_1_142' title='bbox 541 1725 572 1781; x_wconf 89' lang='lat' dir='ltr'><em>et</em></span> <span class='ocrx_word' id='word_1_143' title='bbox 593 1717 679 1782; x_wconf 84' lang='lat' dir='ltr'><em>ratio</em></span> <span class='ocrx_word' id='word_1_144' title='bbox 701 1736 815 1778; x_wconf 81' lang='lat' dir='ltr'><em>verum</em></span> <span class='ocrx_word' id='word_1_145' title='bbox 840 1712 1036 1797; x_wconf 87' lang='lat' dir='ltr'><em>intelligunt,</em></span> <span class='ocrx_word' id='word_1_146' title='bbox 1060 1713 1093 1776; x_wconf 91' lang='lat' dir='ltr'><em>iu</em></span> <span class='ocrx_word' id='word_1_147' title='bbox 1116 1732 1157 1772; x_wconf 85' lang='lat' dir='ltr'><em>eo</em></span> 
     </span>
     <span class='ocr_line' id='line_1_21' title="bbox 85 1794 1158 1945; baseline 0 -89"><span class='ocrx_word' id='word_1_148' title='bbox 85 1797 246 1873; x_wconf 85' lang='lat' dir='ltr'><em>consistit,</em></span> <span class='ocrx_word' id='word_1_149' title='bbox 265 1796 355 1945; x_wconf 63' lang='lat' dir='ltr'><em>,lmd</em></span> <span class='ocrx_word' id='word_1_150' title='bbox 381 1798 562 1864; x_wconf 87' lang='lat' dir='ltr'><em>intellectus</em></span> <span class='ocrx_word' id='word_1_151' title='bbox 586 1797 774 1872; x_wconf 84' lang='lat' dir='ltr'><em>immediate,</em></span> <span class='ocrx_word' id='word_1_152' title='bbox 798 1798 865 1860; x_wconf 78' lang='lat' dir='ltr'><em>siue</em></span> <span class='ocrx_word' id='word_1_153' title='bbox 888 1795 1048 1869; x_wconf 86' lang='lat' dir='ltr'><em>intuitioe,</em></span> <span class='ocrx_word' id='word_1_154' title='bbox 1071 1794 1158 1857; x_wconf 83' lang='lat' dir='ltr'><em>ratio</em></span> 
     </span>
    </p>
   </div>
   <div class='ocr_carea' id='block_1_4' title="bbox 85 1878 1159 3022">
    <p class='ocr_par' dir='ltr' id='par_1_7' title="bbox 85 1878 1159 2678">
     <span class='ocr_line' id='line_1_22' title="bbox 86 1878 1158 1963; baseline -0.001 -26"><span class='ocrx_word' id='word_1_155' title='bbox 86 1885 195 1942; x_wconf 86' lang='lat' dir='ltr'><em>nutem</em></span> <span class='ocrx_word' id='word_1_156' title='bbox 217 1899 263 1940; x_wconf 90' lang='lat' dir='ltr'><em>me</em></span> <span class='ocrx_word' id='word_1_157' title='bbox 285 1882 358 1952; x_wconf 88' lang='lat' dir='ltr'><em>iate,</em></span> <span class='ocrx_word' id='word_1_158' title='bbox 374 1883 442 1946; x_wconf 87' lang='lat' dir='ltr'><em>sive</em></span> <span class='ocrx_word' id='word_1_159' title='bbox 457 1880 629 1944; x_wconf 82' lang='lat' dir='ltr'><em>discursiee</em></span> <span class='ocrx_word' id='word_1_160' title='bbox 651 1899 764 1942; x_wconf 83' lang='lat' dir='ltr'><em>verum</em></span> <span class='ocrx_word' id='word_1_161' title='bbox 780 1886 978 1963; x_wconf 84' lang='lat' dir='ltr'><em>cognoscunt</em></span> <span class='ocrx_word' id='word_1_162' title='bbox 994 1878 1019 1952; x_wconf 75' lang='lat'><em>‘3</em></span> <span class='ocrx_word' id='word_1_163' title='bbox 1034 1897 1077 1939; x_wconf 79' lang='lat' dir='ltr'><em>ex</em></span> <span class='ocrx_word' id='word_1_164' title='bbox 1090 1895 1158 1957; x_wconf 86' lang='lat' dir='ltr'><em>quo</em></span> 
     </span>
     <span class='ocr_line' id='line_1_23' title="bbox 85 1955 1156 2048; baseline -0.002 -28"><span class='ocrx_word' id='word_1_165' title='bbox 85 1955 159 2023; x_wconf 87' lang='lat' dir='ltr'><em>ssuit</em></span> <span class='ocrx_word' id='word_1_166' title='bbox 180 1960 265 2024; x_wconf 86' lang='lat' dir='ltr'><em>inter</em></span> <span class='ocrx_word' id='word_1_167' title='bbox 286 1962 432 2038; x_wconf 88' lang='lat' dir='ltr'><em>modum,</em></span> <span class='ocrx_word' id='word_1_168' title='bbox 456 1981 521 2048; x_wconf 89' lang='lat' dir='ltr'><em>quo</em></span> <span class='ocrx_word' id='word_1_169' title='bbox 545 1961 738 2035; x_wconf 89' lang='lat' dir='ltr'><em>intellectus,</em></span> <span class='ocrx_word' id='word_1_170' title='bbox 763 1969 795 2024; x_wconf 90' lang='lat' dir='ltr'><em>et</em></span> <span class='ocrx_word' id='word_1_171' title='bbox 816 1959 962 2032; x_wconf 91' lang='lat' dir='ltr'><em>modum,</em></span> <span class='ocrx_word' id='word_1_172' title='bbox 984 1976 1049 2042; x_wconf 83' lang='lat' dir='ltr'><em>quo</em></span> <span class='ocrx_word' id='word_1_173' title='bbox 1071 1957 1156 2020; x_wconf 82' lang='lat' dir='ltr'><em>ratio</em></span> 
     </span>
     <span class='ocr_line' id='line_1_24' title="bbox 86 2037 1158 2125; baseline 0.002 -25"><span class='ocrx_word' id='word_1_174' title='bbox 86 2059 200 2105; x_wconf 89' lang='lat' dir='ltr'><em>verum</em></span> <span class='ocrx_word' id='word_1_175' title='bbox 223 2053 445 2125; x_wconf 84' lang='lat' dir='ltr'><em>cognoscunt,</em></span> <span class='ocrx_word' id='word_1_176' title='bbox 467 2041 613 2108; x_wconf 84' lang='lat' dir='ltr'><em>eamdem</em></span> <span class='ocrx_word' id='word_1_177' title='bbox 647 2062 716 2106; x_wconf 89' lang='lat' dir='ltr'><em>esse</em></span> <span class='ocrx_word' id='word_1_178' title='bbox 744 2037 986 2112; x_wconf 79' lang='lat' dir='ltr'><em>differentiam,</em></span> <span class='ocrx_word' id='word_1_179' title='bbox 1012 2059 1050 2102; x_wconf 83' lang='lat' dir='ltr'><em>nc</em></span> <span class='ocrx_word' id='word_1_180' title='bbox 1071 2039 1158 2102; x_wconf 79' lang='lat' dir='ltr'><em>inter</em></span> 
     </span>
     <span class='ocr_line' id='line_1_25' title="bbox 86 2122 1158 2264; baseline 0 -80"><span class='ocrx_word' id='word_1_181' title='bbox 86 2123 230 2264; x_wconf 67' lang='lat' dir='ltr'><em>puletem</em></span> <span class='ocrx_word' id='word_1_182' title='bbox 255 2133 287 2187; x_wconf 83' lang='lat' dir='ltr'><em>et</em></span> <span class='ocrx_word' id='word_1_183' title='bbox 310 2134 446 2198; x_wconf 89' lang='lat' dir='ltr'><em>motum,</em></span> <span class='ocrx_word' id='word_1_184' title='bbox 463 2124 540 2210; x_wconf 85' lang='lat' dir='ltr'><em>quin</em></span> <span class='ocrx_word' id='word_1_185' title='bbox 557 2122 736 2207; x_wconf 83' lang='lat' dir='ltr'><em>intelligere</em></span> <span class='ocrx_word' id='word_1_186' title='bbox 746 2141 805 2204; x_wconf 86' lang='lat' dir='ltr'><em>per</em></span> <span class='ocrx_word' id='word_1_187' title='bbox 819 2123 972 2185; x_wconf 81' lang='lat' dir='ltr'><em>intuitum</em></span> <span class='ocrx_word' id='word_1_188' title='bbox 995 2129 1043 2184; x_wconf 90' lang='lat' dir='ltr'><em>est</em></span> <span class='ocrx_word' id='word_1_189' title='bbox 1058 2139 1158 2203; x_wconf 80' lang='lat' dir='ltr'><em>quae-</em></span> 
     </span>
     <span class='ocr_line' id='line_1_26' title="bbox 109 2200 1156 2288; baseline -0.001 -23"><span class='ocrx_word' id='word_1_190' title='bbox 109 2222 160 2266; x_wconf 84' lang='lat' dir='ltr'><em>am</em></span> <span class='ocrx_word' id='word_1_191' title='bbox 184 2205 276 2288; x_wconf 82' lang='lat' dir='ltr'><em>quies</em></span> <span class='ocrx_word' id='word_1_192' title='bbox 298 2207 416 2271; x_wconf 87' lang='lat' dir='ltr'><em>mentis</em></span> <span class='ocrx_word' id='word_1_193' title='bbox 438 2206 611 2280; x_wconf 81' lang='lat' dir='ltr'><em>humanae,</em></span> <span class='ocrx_word' id='word_1_194' title='bbox 634 2214 666 2269; x_wconf 90' lang='lat' dir='ltr'><em>et</em></span> <span class='ocrx_word' id='word_1_195' title='bbox 688 2203 870 2288; x_wconf 87' lang='lat' dir='ltr'><em>intelligere</em></span> <span class='ocrx_word' id='word_1_196' title='bbox 893 2223 951 2287; x_wconf 86' lang='lat' dir='ltr'><em>pcr</em></span> <span class='ocrx_word' id='word_1_197' title='bbox 973 2200 1156 2266; x_wconf 82' lang='lat' dir='ltr'><em>discursum</em></span> 
     </span>
     <span class='ocr_line' id='line_1_27' title="bbox 87 2281 1159 2404; baseline -0.002 -58"><span class='ocrx_word' id='word_1_198' title='bbox 87 2283 287 2366; x_wconf 83' lang='lat' dir='ltr'><em>estquidam</em></span> <span class='ocrx_word' id='word_1_199' title='bbox 312 2296 417 2351; x_wconf 83' lang='lat' dir='ltr'><em>motus</em></span> <span class='ocrx_word' id='word_1_200' title='bbox 438 2287 519 2350; x_wconf 90' lang='lat' dir='ltr'><em>eius.</em></span> <span class='ocrx_word' id='word_1_201' title='bbox 544 2287 643 2404; x_wconf 78' lang='lat' dir='ltr'><em>Atgui</em></span> <span class='ocrx_word' id='word_1_202' title='bbox 668 2285 847 2369; x_wconf 79' lang='lat' dir='ltr'><em>quiescere,</em></span> <span class='ocrx_word' id='word_1_203' title='bbox 870 2295 903 2349; x_wconf 88' lang='lat' dir='ltr'><em>et</em></span> <span class='ocrx_word' id='word_1_204' title='bbox 923 2284 1045 2347; x_wconf 85' lang='lat' dir='ltr'><em>moveri</em></span> <span class='ocrx_word' id='word_1_205' title='bbox 1068 2281 1106 2346; x_wconf 85' lang='lat' dir='ltr'><em>nd</em></span> <span class='ocrx_word' id='word_1_206' title='bbox 1131 2285 1159 2345; x_wconf 89' lang='lat' dir='ltr'><em>i-</em></span> 
     </span>
     <span class='ocr_line' id='line_1_28' title="bbox 87 2363 1158 2464; baseline -0.004 -34"><span class='ocrx_word' id='word_1_207' title='bbox 87 2365 161 2430; x_wconf 87' lang='lat' dir='ltr'><em>dem</em></span> <span class='ocrx_word' id='word_1_208' title='bbox 182 2367 384 2464; x_wconf 85' lang='lat' dir='ltr'><em>principium</em></span> <span class='ocrx_word' id='word_1_209' title='bbox 413 2367 577 2453; x_wconf 83' lang='lat' dir='ltr'><em>pertinent</em></span> <span class='ocrx_word' id='word_1_210' title='bbox 620 2386 628 2443; x_wconf 90' lang='lat'>;</span> <span class='ocrx_word' id='word_1_211' title='bbox 651 2368 729 2449; x_wconf 83' lang='lat' dir='ltr'><em>quin</em></span> <span class='ocrx_word' id='word_1_212' title='bbox 757 2387 816 2452; x_wconf 86' lang='lat' dir='ltr'><em>per</em></span> <span class='ocrx_word' id='word_1_213' title='bbox 838 2363 985 2430; x_wconf 82' lang='lat' dir='ltr'><em>eamdem</em></span> <span class='ocrx_word' id='word_1_214' title='bbox 1008 2374 1158 2430; x_wconf 79' lang='lat' dir='ltr'><em>naturam</em></span> 
     </span>
     <span class='ocr_line' id='line_1_29' title="bbox 87 2446 1159 2533; baseline -0.004 -21"><span class='ocrx_word' id='word_1_215' title='bbox 87 2447 213 2533; x_wconf 79' lang='lat' dir='ltr'><em>aliquid</em></span> <span class='ocrx_word' id='word_1_216' title='bbox 235 2450 386 2533; x_wconf 87' lang='lat' dir='ltr'><em>quiescit,</em></span> <span class='ocrx_word' id='word_1_217' title='bbox 410 2460 441 2513; x_wconf 86' lang='lat' dir='ltr'><em>et</em></span> <span class='ocrx_word' id='word_1_218' title='bbox 464 2457 622 2512; x_wconf 88' lang='lat' dir='ltr'><em>movetur.</em></span> <span class='ocrx_word' id='word_1_219' title='bbox 640 2449 728 2531; x_wconf 83' lang='lat' dir='ltr'><em>Ergo</em></span> <span class='ocrx_word' id='word_1_220' title='bbox 743 2449 829 2513; x_wconf 82' lang='lat' dir='ltr'><em>actio</em></span> <span class='ocrx_word' id='word_1_221' title='bbox 852 2446 1045 2520; x_wconf 79' lang='lat' dir='ltr'><em>intellectus,</em></span> <span class='ocrx_word' id='word_1_222' title='bbox 1061 2455 1094 2511; x_wconf 85' lang='lat' dir='ltr'><em>et</em></span> <span class='ocrx_word' id='word_1_223' title='bbox 1107 2466 1159 2508; x_wconf 82' lang='lat' dir='ltr'><em>ru-</em></span> 
     </span>
     <span class='ocr_line' id='line_1_30' title="bbox 86 2527 1159 2616; baseline -0.002 -24"><span class='ocrx_word' id='word_1_224' title='bbox 86 2531 186 2595; x_wconf 89' lang='lat' dir='ltr'><em>tionis</em></span> <span class='ocrx_word' id='word_1_225' title='bbox 206 2531 245 2594; x_wconf 85' lang='lat' dir='ltr'><em>nd</em></span> <span class='ocrx_word' id='word_1_226' title='bbox 270 2530 355 2596; x_wconf 88' lang='lat' dir='ltr'><em>idem</em></span> <span class='ocrx_word' id='word_1_227' title='bbox 379 2530 580 2616; x_wconf 86' lang='lat' dir='ltr'><em>principium</em></span> <span class='ocrx_word' id='word_1_228' title='bbox 607 2529 821 2603; x_wconf 82' lang='lat' dir='ltr'><em>reducuntur,</em></span> <span class='ocrx_word' id='word_1_229' title='bbox 847 2530 915 2593; x_wconf 78' lang='lat' dir='ltr'><em>sive</em></span> <span class='ocrx_word' id='word_1_230' title='bbox 937 2527 1086 2612; x_wconf 85' lang='lat' dir='ltr'><em>specifice</em></span> <span class='ocrx_word' id='word_1_231' title='bbox 1109 2527 1159 2590; x_wconf 92' lang='lat' dir='ltr'><em>in-</em></span> 
     </span>
     <span class='ocr_line' id='line_1_31' title="bbox 89 2612 499 2678; baseline -0.005 -3"><span class='ocrx_word' id='word_1_232' title='bbox 89 2624 140 2676; x_wconf 82' lang='lat' dir='ltr'><em>ter</em></span> <span class='ocrx_word' id='word_1_233' title='bbox 161 2633 193 2676; x_wconf 90' lang='lat' dir='ltr'><em>se</em></span> <span class='ocrx_word' id='word_1_234' title='bbox 217 2633 280 2677; x_wconf 91' lang='lat' dir='ltr'><em>non</em></span> <span class='ocrx_word' id='word_1_235' title='bbox 306 2612 499 2678; x_wconf 76' lang='lat' dir='ltr'><em>differuut⁶.</em></span> 
     </span>
    </p>

    <p class='ocr_par' dir='ltr' id='par_1_8' title="bbox 88 2689 1158 3022">
     <span class='ocr_line' id='line_1_32' title="bbox 129 2689 1157 2779; baseline -0.006 -21"><span class='ocrx_word' id='word_1_236' title='bbox 129 2693 200 2759; x_wconf 83' lang='lat' dir='ltr'><em>tot.</em></span> <span class='ocrx_word' id='word_1_237' title='bbox 224 2695 336 2779; x_wconf 79' lang='lat' dir='ltr'><em>ltaque</em></span> <span class='ocrx_word' id='word_1_238' title='bbox 361 2719 378 2756; x_wconf 82' lang='lat' dir='ltr'><em>u</em></span> <span class='ocrx_word' id='word_1_239' title='bbox 403 2693 604 2768; x_wconf 86' lang='lat' dir='ltr'><em>intellectus,</em></span> <span class='ocrx_word' id='word_1_240' title='bbox 628 2703 661 2757; x_wconf 88' lang='lat' dir='ltr'><em>et</em></span> <span class='ocrx_word' id='word_1_241' title='bbox 682 2693 768 2755; x_wconf 83' lang='lat' dir='ltr'><em>cotio</em></span> <span class='ocrx_word' id='word_1_242' title='bbox 796 2711 859 2755; x_wconf 91' lang='lat' dir='ltr'><em>uon</em></span> <span class='ocrx_word' id='word_1_243' title='bbox 889 2701 964 2757; x_wconf 89' lang='lat' dir='ltr'><em>sunt</em></span> <span class='ocrx_word' id='word_1_244' title='bbox 992 2689 1157 2776; x_wconf 85' lang='lat' dir='ltr'><em>potentine</em></span> 
     </span>
     <span class='ocr_line' id='line_1_33' title="bbox 90 2770 1158 2856; baseline -0.001 -21"><span class='ocrx_word' id='word_1_245' title='bbox 90 2770 262 2839; x_wconf 70' lang='lat' dir='ltr'><em>diversael</em></span> <span class='ocrx_word' id='word_1_246' title='bbox 288 2799 329 2852; x_wconf 75' lang='lat' dir='ltr'><em>n,</em></span> <span class='ocrx_word' id='word_1_247' title='bbox 352 2775 404 2841; x_wconf 88' lang='lat' dir='ltr'><em>sed</em></span> <span class='ocrx_word' id='word_1_248' title='bbox 429 2784 504 2840; x_wconf 87' lang='lat' dir='ltr'><em>suut</em></span> <span class='ocrx_word' id='word_1_249' title='bbox 525 2772 638 2838; x_wconf 85' lang='lat' dir='ltr'><em>eadem</em></span> <span class='ocrx_word' id='word_1_250' title='bbox 660 2770 858 2856; x_wconf 87' lang='lat' dir='ltr'><em>intelligendi</em></span> <span class='ocrx_word' id='word_1_251' title='bbox 889 2771 1049 2848; x_wconf 81' lang='lat' dir='ltr'><em>incultus,</em></span> <span class='ocrx_word' id='word_1_252' title='bbox 1071 2791 1158 2854; x_wconf 82' lang='lat' dir='ltr'><em>quae</em></span> 
     </span>
     <span class='ocr_line' id='line_1_34' title="bbox 88 2850 1158 2940; baseline -0.003 -21"><span class='ocrx_word' id='word_1_253' title='bbox 88 2853 214 2920; x_wconf 81' lang='lat' dir='ltr'><em>duabus</em></span> <span class='ocrx_word' id='word_1_254' title='bbox 235 2858 371 2922; x_wconf 88' lang='lat' dir='ltr'><em>vocibus</em></span> <span class='ocrx_word' id='word_1_255' title='bbox 393 2857 594 2940; x_wconf 80' lang='lat' dir='ltr'><em>designetur,</em></span> <span class='ocrx_word' id='word_1_256' title='bbox 617 2855 694 2939; x_wconf 82' lang='lat' dir='ltr'><em>quin</em></span> <span class='ocrx_word' id='word_1_257' title='bbox 717 2878 734 2915; x_wconf 83' lang='lat' dir='ltr'><em>n</em></span> <span class='ocrx_word' id='word_1_258' title='bbox 759 2854 941 2920; x_wconf 86' lang='lat' dir='ltr'><em>intellectus</em></span> <span class='ocrx_word' id='word_1_259' title='bbox 962 2872 1080 2917; x_wconf 88' lang='lat' dir='ltr'><em>nomen</em></span> <span class='ocrx_word' id='word_1_260' title='bbox 1101 2850 1158 2916; x_wconf 85' lang='lat' dir='ltr'><em>de·</em></span> 
     </span>
     <span class='ocr_line' id='line_1_35' title="bbox 89 2936 1157 3022; baseline -0.004 -22"><span class='ocrx_word' id='word_1_261' title='bbox 89 2939 231 3003; x_wconf 82' lang='lat' dir='ltr'><em>sumitur</em></span> <span class='ocrx_word' id='word_1_262' title='bbox 252 2937 294 3002; x_wconf 86' lang='lat' dir='ltr'><em>nb</em></span> <span class='ocrx_word' id='word_1_263' title='bbox 317 2939 431 3003; x_wconf 78' lang='lat' dir='ltr'><em>intime</em></span> <span class='ocrx_word' id='word_1_264' title='bbox 457 2939 682 3022; x_wconf 80' lang='lat' dir='ltr'><em>penetratione</em></span> <span class='ocrx_word' id='word_1_265' title='bbox 709 2936 878 3010; x_wconf 78' lang='lat' dir='ltr'><em>veritatis,</em></span> <span class='ocrx_word' id='word_1_266' title='bbox 905 2954 1021 2999; x_wconf 87' lang='lat' dir='ltr'><em>nomon</em></span> <span class='ocrx_word' id='word_1_267' title='bbox 1047 2942 1157 2997; x_wconf 83' lang='lat' dir='ltr'><em>nutem</em></span> 
     </span>
    </p>
   </div>
   <div class='ocr_carea' id='block_1_5' title="bbox 456 3089 820 3104">
    <p class='ocr_par' dir='ltr' id='par_1_9' title="bbox 456 3089 820 3104">
     <span class='ocr_line' id='line_1_36' title="bbox 456 3089 820 3104; baseline -0.003 -2"><span class='ocrx_word' id='word_1_268' title='bbox 456 3089 820 3104; x_wconf 48' lang='lat' dir='ltr'><strong>w</strong></span> 
     </span>
    </p>
   </div>
   <div class='ocr_carea' id='block_1_6' title="bbox 91 3181 1161 3682">
    <p class='ocr_par' dir='ltr' id='par_1_10' title="bbox 91 3181 877 3248">
     <span class='ocr_line' id='line_1_37' title="bbox 91 3181 877 3248; baseline -0.001 -12"><span class='ocrx_word' id='word_1_269' title='bbox 91 3218 99 3246; x_wconf 76' lang='lat'><em>,</em></span> <span class='ocrx_word' id='word_1_270' title='bbox 126 3187 134 3222; x_wconf 82' lang='grc'><em>1</em></span> <span class='ocrx_word' id='word_1_271' title='bbox 156 3181 191 3236; x_wconf 85' lang='lat' dir='ltr'><em>Ct</em></span> <span class='ocrx_word' id='word_1_272' title='bbox 206 3199 228 3235; x_wconf 86' lang='lat' dir='ltr'><em>s.</em></span> <span class='ocrx_word' id='word_1_273' title='bbox 250 3185 331 3248; x_wconf 75' lang='lat' dir='ltr'><em>Aug..</em></span> <span class='ocrx_word' id='word_1_274' title='bbox 353 3187 391 3235; x_wconf 87' lang='lat' dir='ltr'><em>lte</em></span> <span class='ocrx_word' id='word_1_275' title='bbox 409 3185 455 3234; x_wconf 81' lang='lat' dir='ltr'><em>tte.</em></span> <span class='ocrx_word' id='word_1_276' title='bbox 476 3185 547 3243; x_wconf 77' lang='lat' dir='ltr'><em>arb..</em></span> <span class='ocrx_word' id='word_1_277' title='bbox 563 3185 609 3233; x_wconf 81' lang='lat' dir='ltr'><em>un.</em></span> <span class='ocrx_word' id='word_1_278' title='bbox 633 3184 667 3244; x_wconf 90' lang='lat' dir='ltr'><em>ll,</em></span> <span class='ocrx_word' id='word_1_279' title='bbox 686 3201 713 3237; x_wconf 87' lang='lat' dir='ltr'><em>o.</em></span> <span class='ocrx_word' id='word_1_280' title='bbox 733 3186 761 3243; x_wconf 87' lang='lat' dir='ltr'><em>o,</em></span> <span class='ocrx_word' id='word_1_281' title='bbox 783 3200 811 3237; x_wconf 90' lang='lat' dir='ltr'><em>n.</em></span> <span class='ocrx_word' id='word_1_282' title='bbox 833 3186 877 3236; x_wconf 87' lang='grc'><em>13.</em></span> 
     </span>
    </p>

    <p class='ocr_par' dir='ltr' id='par_1_11' title="bbox 126 3253 542 3321">
     <span class='ocr_line' id='line_1_38' title="bbox 126 3253 542 3321; baseline -0.005 -13"><span class='ocrx_word' id='word_1_283' title='bbox 126 3259 138 3294; x_wconf 84' lang='lat'><strong>²</strong></span> <span class='ocrx_word' id='word_1_284' title='bbox 157 3253 191 3308; x_wconf 84' lang='lat' dir='ltr'><em>Gt</em></span> <span class='ocrx_word' id='word_1_285' title='bbox 207 3271 277 3321; x_wconf 79' lang='lat' dir='ltr'><em>quoe</em></span> <span class='ocrx_word' id='word_1_286' title='bbox 295 3258 409 3307; x_wconf 81' lang='lat' dir='ltr'><em>diximus</em></span> <span class='ocrx_word' id='word_1_287' title='bbox 429 3271 456 3318; x_wconf 93' lang='lat' dir='ltr'><em>p.</em></span> <span class='ocrx_word' id='word_1_288' title='bbox 479 3255 542 3306; x_wconf 77' lang='lat' dir='ltr'><em>ton.</em></span> 
     </span>
    </p>

    <p class='ocr_par' dir='ltr' id='par_1_12' title="bbox 125 3323 928 3392">
     <span class='ocr_line' id='line_1_39' title="bbox 125 3323 928 3392; baseline -0.002 -14"><span class='ocrx_word' id='word_1_289' title='bbox 125 3327 178 3388; x_wconf 78' lang='lat'><em>³1,</em></span> <span class='ocrx_word' id='word_1_290' title='bbox 199 3344 226 3392; x_wconf 84' lang='lat' dir='ltr'><em>q.</em></span> <span class='ocrx_word' id='word_1_291' title='bbox 247 3324 365 3383; x_wconf 78' lang='grc'><strong>11111111,</strong></span> <span class='ocrx_word' id='word_1_292' title='bbox 386 3343 412 3377; x_wconf 85' lang='lat' dir='ltr'><em>n.</em></span> <span class='ocrx_word' id='word_1_293' title='bbox 434 3328 450 3378; x_wconf 80' lang='grc' dir='ltr'><strong><em>Β</em></strong></span> <span class='ocrx_word' id='word_1_294' title='bbox 469 3323 563 3377; x_wconf 76' lang='grc' dir='ltr'><strong>ο.-1</strong></span> <span class='ocrx_word' id='word_1_295' title='bbox 584 3323 605 3386; x_wconf 86' lang='lat' dir='ltr'><em>l,</em></span> <span class='ocrx_word' id='word_1_296' title='bbox 626 3341 653 3390; x_wconf 87' lang='lat' dir='ltr'><em>q.</em></span> <span class='ocrx_word' id='word_1_297' title='bbox 675 3323 744 3386; x_wconf 81' lang='lat' dir='ltr'><em>mx,</em></span> <span class='ocrx_word' id='word_1_298' title='bbox 764 3342 790 3379; x_wconf 81' lang='lat' dir='ltr'><em>n.</em></span> <span class='ocrx_word' id='word_1_299' title='bbox 814 3329 824 3377; x_wconf 92' lang='grc'><em>1</em></span> <span class='ocrx_word' id='word_1_300' title='bbox 848 3329 881 3378; x_wconf 81' lang='lat' dir='ltr'><em>sd</em></span> <span class='ocrx_word' id='word_1_301' title='bbox 903 3328 928 3377; x_wconf 93' lang='lat' dir='ltr'><em>l.</em></span> 
     </span>
    </p>

    <p class='ocr_par' dir='ltr' id='par_1_13' title="bbox 91 3397 1161 3532">
     <span class='ocr_line' id='line_1_40' title="bbox 125 3397 1161 3465; baseline 0.002 -20"><span class='ocrx_word' id='word_1_302' title='bbox 125 3403 137 3437; x_wconf 76' lang='lat'>⁵</span> <span class='ocrx_word' id='word_1_303' title='bbox 159 3419 169 3445; x_wconf 78' lang='grc' dir='ltr'>ι</span> <span class='ocrx_word' id='word_1_304' title='bbox 192 3397 232 3450; x_wconf 82' lang='lat' dir='ltr'><em>Ex</em></span> <span class='ocrx_word' id='word_1_305' title='bbox 251 3401 345 3450; x_wconf 84' lang='lat' dir='ltr'><em>endem</em></span> <span class='ocrx_word' id='word_1_306' title='bbox 364 3412 445 3449; x_wconf 79' lang='lat' dir='ltr'><em>censs</em></span> <span class='ocrx_word' id='word_1_307' title='bbox 465 3397 565 3462; x_wconf 74' lang='lat' dir='ltr'><em>aliquid</em></span> <span class='ocrx_word' id='word_1_308' title='bbox 585 3400 699 3460; x_wconf 84' lang='lat' dir='ltr'><em>quiescit</em></span> <span class='ocrx_word' id='word_1_309' title='bbox 719 3400 746 3449; x_wconf 86' lang='lat' dir='ltr'><em>in</em></span> <span class='ocrx_word' id='word_1_310' title='bbox 766 3401 845 3459; x_wconf 86' lang='lat' dir='ltr'><em>loon,</em></span> <span class='ocrx_word' id='word_1_311' title='bbox 867 3413 914 3465; x_wconf 81' lang='lat' dir='ltr'><em>per</em></span> <span class='ocrx_word' id='word_1_312' title='bbox 933 3411 1015 3462; x_wconf 80' lang='lat' dir='ltr'><em>quem</em></span> <span class='ocrx_word' id='word_1_313' title='bbox 1034 3397 1161 3448; x_wconf 75' lang='lat' dir='ltr'><em>moveba-</em></span> 
     </span>
     <span class='ocr_line' id='line_1_41' title="bbox 91 3466 761 3532; baseline -0.004 -8"><span class='ocrx_word' id='word_1_314' title='bbox 91 3479 135 3524; x_wconf 84' lang='lat' dir='ltr'><em>tur</em></span> <span class='ocrx_word' id='word_1_315' title='bbox 154 3473 187 3520; x_wconf 82' lang='lat' dir='ltr'><em>nd</em></span> <span class='ocrx_word' id='word_1_316' title='bbox 207 3473 295 3521; x_wconf 86' lang='lat' dir='ltr'><em>tonum</em></span> <span class='ocrx_word' id='word_1_317' title='bbox 318 3489 343 3529; x_wconf 64' lang='grc' dir='ltr'><em>ις</em></span> <span class='ocrx_word' id='word_1_318' title='bbox 367 3471 392 3520; x_wconf 75' lang='lat'><em>1²</em></span> <span class='ocrx_word' id='word_1_319' title='bbox 412 3471 462 3528; x_wconf 70' lang='lat'><em>2³⁰,</em></span> <span class='ocrx_word' id='word_1_320' title='bbox 483 3485 510 3532; x_wconf 84' lang='lat' dir='ltr'><em>q.</em></span> <span class='ocrx_word' id='word_1_321' title='bbox 532 3466 631 3527; x_wconf 81' lang='lat' dir='ltr'><em>xxm,</em></span> <span class='ocrx_word' id='word_1_322' title='bbox 652 3485 678 3520; x_wconf 87' lang='lat' dir='ltr'><em>e.</em></span> <span class='ocrx_word' id='word_1_323' title='bbox 700 3470 716 3520; x_wconf 83' lang='grc'>3</span> <span class='ocrx_word' id='word_1_324' title='bbox 735 3486 761 3521; x_wconf 88' lang='lat' dir='ltr'><em>c.</em></span> 
     </span>
    </p>

    <p class='ocr_par' dir='ltr' id='par_1_14' title="bbox 127 3537 740 3606">
     <span class='ocr_line' id='line_1_42' title="bbox 127 3537 740 3606; baseline 0.007 -16"><span class='ocrx_word' id='word_1_325' title='bbox 127 3543 139 3578; x_wconf 77' lang='lat'>⁶</span> <span class='ocrx_word' id='word_1_326' title='bbox 160 3545 209 3606; x_wconf 76' lang='lat' dir='ltr'><em>oq.</em></span> <span class='ocrx_word' id='word_1_327' title='bbox 228 3545 324 3606; x_wconf 68' lang='lat' dir='ltr'><em>alepp„</em></span> <span class='ocrx_word' id='word_1_328' title='bbox 348 3543 385 3592; x_wconf 83' lang='lat' dir='ltr'><em>De</em></span> <span class='ocrx_word' id='word_1_329' title='bbox 408 3543 480 3600; x_wconf 68' lang='lat' dir='ltr'><em>Ver„</em></span> <span class='ocrx_word' id='word_1_330' title='bbox 501 3557 529 3604; x_wconf 91' lang='lat' dir='ltr'><em>q.</em></span> <span class='ocrx_word' id='word_1_331' title='bbox 550 3537 609 3596; x_wconf 79' lang='lat' dir='ltr'><em>XV.</em></span> <span class='ocrx_word' id='word_1_332' title='bbox 630 3557 657 3591; x_wconf 78' lang='lat' dir='ltr'><em>a.</em></span> <span class='ocrx_word' id='word_1_333' title='bbox 680 3543 690 3591; x_wconf 97' lang='grc'><em>1</em></span> <span class='ocrx_word' id='word_1_334' title='bbox 713 3557 740 3594; x_wconf 87' lang='lat' dir='ltr'><em>o.</em></span> 
     </span>
    </p>

    <p class='ocr_par' dir='ltr' id='par_1_15' title="bbox 127 3609 670 3682">
     <span class='ocr_line' id='line_1_43' title="bbox 127 3609 670 3682; baseline -0.004 -14"><span class='ocrx_word' id='word_1_335' title='bbox 127 3613 187 3672; x_wconf 77' lang='lat'><em>⁷2²</em></span> <span class='ocrx_word' id='word_1_336' title='bbox 206 3613 256 3675; x_wconf 74' lang='lat'><em>2²⁰,</em></span> <span class='ocrx_word' id='word_1_337' title='bbox 277 3628 305 3682; x_wconf 85' lang='lat' dir='ltr'><em>q.</em></span> <span class='ocrx_word' id='word_1_338' title='bbox 326 3609 467 3677; x_wconf 81' lang='grc'><strong>1111111111,</strong></span> <span class='ocrx_word' id='word_1_339' title='bbox 490 3626 515 3665; x_wconf 83' lang='lat' dir='ltr'><em>n.</em></span> <span class='ocrx_word' id='word_1_340' title='bbox 541 3611 571 3665; x_wconf 86' lang='grc'><em>10</em></span> <span class='ocrx_word' id='word_1_341' title='bbox 591 3611 624 3663; x_wconf 83' lang='lat' dir='ltr'><em>ml</em></span> <span class='ocrx_word' id='word_1_342' title='bbox 644 3613 670 3666; x_wconf 77' lang='grc'><em>2.</em></span> 
     </span>
    </p>
   </div>
   <div class='ocr_carea' id='block_1_7' title="bbox 0 0 1249 3909">
    <p class='ocr_par' dir='ltr' id='par_1_16' title="bbox 0 0 1249 3909">
     <span class='ocr_line' id='line_1_44' title="bbox 0 0 1249 3909; baseline 0 0"><span class='ocrx_word' id='word_1_343' title='bbox 0 0 1249 3909; x_wconf 95' lang='lat' dir='ltr'><em> </em></span> 
     </span>
    </p>
   </div>
  </div>
 </body>
</html>
