2475 3909
526 198 711 247 euronotus
1071 175 1115 241 73

83 284 124 347 ita
148 302 188 346 ne
214 281 339 349 infinita
372 281 504 379 quidem
526 286 595 369 ipsa
617 280 755 348 dicenda
776 289 881 356 esset,
905 278 932 343 si
954 277 1042 344 Deus
1077 299 1153 343 cum

80 363 175 429 rebus
197 385 214 427 a
237 384 270 429 se
292 373 411 430 creatas
438 366 502 431 vim
535 364 654 449 agendi
676 363 918 429 communicare
949 382 1012 425 uon
1033 369 1151 445 posset.

121 446 187 525 195.
211 444 306 522 Quod
334 447 450 513 attinet
475 446 514 511 ad
538 448 698 523 alterum,
721 448 747 511 si
771 445 860 509 Deus
885 444 1055 509 dumtaxat
1075 463 1154 528 ope-

80 538 205 591 raretur
226 529 346 605 omnia,
369 549 452 674 puae
476 529 509 593 iu
531 531 654 594 mundo
676 528 773 604 liunt,
794 526 908 612 procul
929 524 1031 589 dubio
1053 524 1154 589 iidem

81 608 210 673 allectus
233 608 265 672 in
295 632 371 673 mun
396 632 414 672 o
437 632 513 675 cons
538 610 720 686 iterentur,
742 630 779 674 ac
800 610 829 673 si
850 630 902 674 res
924 614 1050 672 creatae
1072 627 1156 690 quo-

80 710 141 774 que
163 711 239 754 cum
258 690 328 756 Deo
350 692 421 757 illos
444 631 672 778 producerent.
692 696 735 758 nt
755 712 830 756 vero
851 692 880 755 si
900 690 1035 755 effectus
1048 699 1155 753 essent

83 770 195 847 iidem,
221 785 318 852 prout
339 774 427 838 entia
448 786 535 851 sunt,
555 796 617 839 non
642 775 726 840 leret
749 772 835 839 idem
856 773 930 837 illos
954 769 1154 857 producendi

80 850 205 917 modus.
230 854 378 938 Namque
406 855 497 920 aliud
524 868 573 922 est
599 858 753 923 ellectum
780 855 916 941 produci
939 876 958 918 a
978 854 1047 919 solo
1069 851 1153 928 Deo,

82 932 170 999 aliud
191 954 269 998 vero
292 935 431 1019 produci
458 938 553 1003 simul
582 961 600 1003 a
623 939 714 1015 Deo,
737 948 771 1003 et
791 958 808 1001 a
831 937 938 1003 causis
958 936 1086 1010 creatis;
1109 933 1156 998 si-

80 1014 209 1097 quidem
241 1015 301 1081 hoc
328 1028 394 1081 tum
423 1040 505 1083 novo
533 1035 725 1105 argumento
752 1029 799 1083 est
821 1041 872 1084 res
898 1025 1022 1083 creatas
1044 1038 1062 1080 a
1085 1016 1153 1079 Deo

81 1096 232 1179 paudere,
256 1110 323 1161 tum
346 1099 449 1195 ipsius
469 1098 527 1166 Dei
551 1104 762 1187 Sapientiam,
778 1102 1027 1185 Bonitatemque
1049 1099 1155 1183 magis

81 1176 295 1324 copnpepdut,
310 1199 366 1264 qur
391 1204 407 1241 a
421 1182 518 1247 etiam
533 1182 724 1269 dignitatem
747 1184 900 1249 causandi
917 1183 990 1247 aliis
1005 1180 1156 1246 conferre

84 1280 123 1321 vo
138 1282 169 1323 ιιι
230 1284 259 1323 ιι.

207 1384 272 1437 dar.
294 1384 364 1437 vttt.
379 1410 415 1427 -
430 1385 464 1439 De
484 1390 596 1441 dirersis
615 1405 713 1440 causae
733 1390 871 1440 efficientis
888 1390 1028 1452 speciebus

124 1492 193 1558 196.
217 1491 321 1557 Causa
342 1492 484 1557 efficiens
513 1507 616 1581 potest
643 1514 712 1559 esse
730 1490 947 1579 principalis,
969 1508 1053 1574 quae
1078 1486 1154 1553 effe-

82 1586 169 1639 ctum
191 1592 232 1636 ex
246 1576 380 1659 propriu
403 1575 538 1653 virtute
553 1578 604 1642 vel
617 1576 878 1650 instrumentalis,
924 1592 983 1637 uae
1004 1571 1156 1635 ellectum

82 1678 124 1721 ex
146 1656 265 1720 virtute
293 1656 483 1742 principalis
535 1658 672 1723 reducit.
698 1660 736 1723 Ε.
766 1680 818 1756 g.,
841 1594 962 1722 artilex
988 1664 1037 1717 est
1057 1670 1155 1716 causa

82 1736 272 1827 principalis
299 1740 407 1822 operis
434 1679 625 1817 artilldiosi,
649 1752 746 1825 atque
774 1748 1011 1811 instrumenta,
1033 1732 1156 1879 puibus

83 1820 186 1887 utitur
207 1819 248 1882 ad
270 1840 352 1904 opus
372 1820 587 1899 efficiendum,
610 1834 685 1887 sunt
706 1843 803 1887 causa
825 1824 1038 1886 instrumenta
1054 1836 1092 1881 rs.

126 1900 194 1967 197.
219 1902 344 1969 Natura
371 1924 486 1967 causae
514 1903 772 1969 instrumentalis
804 1900 947 1989 perbelle
972 1898 1157 1981 explicatur

84 2006 102 2049 a
124 2004 148 2047 s.
173 1982 295 2049 Thomu
317 1985 377 2049 hoc
399 1986 517 2049 modo:
542 2010 558 2047 a
583 1988 858 2062 instrumentum,
881 1983 937 2059 ait,
961 1980 1056 2048 habet
1075 1979 1156 2047 duas

85 2067 244 2134 actiones:
262 2085 360 2131 uuam
384 2067 676 2143 instrumentalem,
692 2067 867 2132 secundum
888 2087 986 2151 quam
1002 2074 1159 2149 operatur

83 2167 148 2213 uon
172 2148 203 2211 in
227 2148 348 2213 virtute
372 2152 530 2236 propria,
552 2150 607 2215 sed
636 2151 669 2215 iu
692 2152 813 2216 virtute
841 2148 1034 2234 principalis
1059 2166 1157 2233 agen

83 2232 139 2304 tis;
163 2229 261 2293 aliam
284 2240 392 2297 autem
415 2229 512 2300 habet
532 2235 693 2298 actionem
718 2232 899 2318 propriam,
921 2250 1003 2315 quae
1027 2248 1157 2314 compa·

84 2311 126 2379 tit
140 2310 204 2375 sibi
228 2312 405 2377 secuudum
429 2315 595 2399 propriam
620 2315 771 2389 formam,
791 2314 878 2380 sicut
898 2313 1004 2378 securi
1027 2330 1158 2396 comps·

84 2394 125 2463 tit
147 2390 293 2459 scindere
317 2396 442 2460 ratione
465 2417 541 2461 suae
564 2396 730 2474 acuitatis,
753 2394 862 2461 lacere
890 2407 999 2462 autem
1021 2394 1153 2465 lectum,

84 2476 300 2561 inquantum
327 2488 375 2542 est
402 2475 654 2545 instrumentum
682 2480 784 2555 artis;
809 2498 871 2541 nou
896 2487 1003 2542 autem
1030 2472 1157 2561 perficit

83 2556 362 2625 instrumentalem
397 2560 578 2637 actionem,
602 2562 666 2625 nisi
693 2559 874 2627 exercendo
901 2560 1062 2624 actionem
1083 2576 1158 2644 pro-

85 2638 205 2726 priam3
227 2638 403 2704 scindendo
427 2642 515 2709 enim
543 2642 623 2711 lacit
644 2643 764 2710 lectum
778 2646 829 2705 ἰ.

131 2721 200 2788 198.
218 2722 401 2797 Praeterea,
417 2723 581 2793 interdum
605 2723 712 2810 plures
728 2745 842 2791 causae
855 2721 896 2786 ad
911 2717 1156 2809 producendum

85 2804 225 2867 unicum
248 2802 399 2870 effectum
422 2804 548 2891 aliquid
570 2806 754 2874 conserunt.
778 2808 847 2871 lam
870 2805 976 2870 exiis
1005 2801 1060 2867 illa
1082 2820 1159 2866 cau-

86 2904 136 2961 sa,
159 2904 243 2971 quae
267 2884 456 2953 immediate
477 2889 630 2954 ellectum
651 2890 806 2975 attingit,
824 2890 988 2987 proximo,
1011 2886 1157 2971 reliquae

87 2980 219 3041 autem,
236 2986 319 3052 quae
335 2968 468 3034 mediate
483 2970 523 3035 ad
536 2972 672 3039 effectus
688 2970 934 3055 productionem
949 2976 1159 3046 concurrunt,

86 3060 226 3115 remotae
247 3048 404 3116 dicuntur
417 3053 439 3116 ⁸.
464 3053 558 3119 Circa
580 3075 661 3140 quas
682 3055 808 3139 speeies
829 3072 1004 3120 causarum
1030 3072 1055 3117 s.
1079 3048 1160 3117 Tho-

486 3198 755 3221 ——uu-—q

126 3278 139 3319 ί
160 3282 190 3331 ln
209 3280 256 3331 tta.
278 3282 306 3331 ll
323 3280 407 3339 sant.¹
427 3275 494 3333 Dus.
515 3275 536 3341 l,
556 3294 583 3343 q.
605 3277 628 3339 1,
647 3294 674 3329 a.
694 3280 712 3337 l
730 3281 764 3331 ad
786 3281 811 3333 l.
837 3324 841 3328 ,

126 3354 140 3391 ²
160 3349 207 3411 ΙΙΙ,
227 3366 256 3418 q.
275 3346 356 3411 exn,
376 3365 404 3401 a.
427 3351 437 3400 l
460 3351 492 3400 ad
512 3348 540 3401 2.

125 3425 138 3461 ³
156 3422 233 3476 Patet
253 3424 341 3487 plures
359 3435 416 3473 asse
436 3424 790 3486 patientissumumst,
811 3426 833 3475 si
853 3426 885 3475 sd
905 3426 1107 3489 productionem
1120 3426 1161 3477 el-

86 3500 177 3551 leotus
196 3497 349 3547 immediate
368 3494 468 3558 aliquid
487 3500 580 3558 aptant,
594 3508 621 3546 e.
636 3508 675 3558 g..
688 3494 778 3558 plnres
798 3497 891 3555 baiuli.
906 3500 951 3563 qut
966 3500 1075 3549 unicum
1096 3511 1162 3561 pon*

85 3572 140 3623 dus
157 3574 304 3633 asportant.
324 3564 391 3619 'lum
410 3572 500 3617 atatem
522 3568 610 3629 plures
623 3581 721 3618 causae
735 3571 870 3630 proximas
883 3572 1000 3621 eiusdem
1014 3571 1113 3621 ordinis
1125 3572 1160 3625 sd

86 3642 214 3699 eumdem
234 3640 357 3697 eflectum
378 3640 577 3708 producendum
598 3641 788 3710 requiruntur,
807 3657 871 3694 cum
889 3644 962 3712 ipsae
981 3644 1160 3711 tucomptetsts
