2475 3909
168 150 230 216 271
532 169 804 219 xnrnrnronocm

128 255 273 319 Platonis
293 253 488 330 doctrinam,
503 275 603 339 quarn
622 256 800 324 secundum
829 257 1031 326 emanatismi
1056 260 1106 323 sui
1130 257 1189 343 pla-

128 339 191 401 cita
214 336 361 401 Plotinus
378 337 388 374 ¹
404 336 538 412 evolvit,
560 336 702 420 amplexi
724 349 799 400 sunt
821 336 1010 431 Origeniani
1026 340 1051 401 ².

169 418 236 483 191.
251 420 443 483 Animarum
459 419 741 502 praeexistentiam
756 416 818 481 alia
834 429 960 483 ratione
975 419 1090 485 docuit
1103 419 1189 485 Leilr-

127 499 239 565 nitius.
256 500 337 564 Eius
351 500 509 563 sententia
525 497 599 575 fuit,
615 521 727 563 omnes
749 500 873 563 animas
894 500 993 564 simul
1013 522 1090 565 eum
1106 522 1189 565 mun-

126 578 169 644 rlo
191 603 208 644 a
232 579 301 644 Deo
324 580 487 654 conditas,
511 600 585 644 cum
608 583 818 725 propriorum
840 601 1014 677 corporum
1038 584 1189 667 germini·

127 659 198 736 bus,
220 682 305 747 quae
329 664 361 725 in
384 662 509 726 Adamo
535 674 664 726 contine
690 674 808 738 antur,
835 683 1012 746 coniungi,
1034 674 1134 749 atque
1153 684 1187 727 ex

125 742 203 819 illis,
226 743 283 807 ubi
299 743 391 827 lapsu
409 755 593 828 temporum
615 746 761 808 cuiusvis
784 745 931 829 corporis
952 765 1087 827 germen
1109 743 1187 809 erol-

128 826 227 896 vitur‚
250 826 394 910 singulos
417 826 564 891 homines
586 827 738 890 constitui
756 826 779 887 ⁸.

167 908 236 973 1s5.
259 905 449 972 Communis
482 918 590 972 autem
615 917 665 973 esf
690 906 982 993 Philosophorum,
1006 928 1043 970 ac
1065 906 1189 972 Theoln

125 1007 241 1069 goram
262 990 387 1073 opinio,
409 990 566 1054 humanas
587 991 711 1053 animas
734 1000 809 1054 tunc
830 1008 849 1051 a
871 987 940 1051 Deo
962 990 1092 1064 creari,
1121 1010 1188 1053 oum

123 1070 263 1134 humano
289 1071 420 1155 corpori
448 1072 717 1156 coniunguntur,
740 1090 905 1154 novusque
941 1070 1036 1134 homo
1065 1071 1189 1155 genitus

124 1154 344 1216 existimatur.
368 1150 410 1217 Ut
431 1150 527 1215 huius
549 1163 727 1236 postremae
754 1151 929 1216 sentcntiae
959 1152 1079 1216 veritas
1108 1164 1189 1236 pate

125 1242 204 1306 scal,
228 1244 399 1317 sequentes
420 1235 657 1317 propositiones
678 1233 865 1299 statuimus:

166 1316 234 1381 196.
259 1316 356 1401 Prop.
382 1312 428 1380 1³.
454 1314 582 1378 Animos
604 1314 757 1378 humanae
779 1324 898 1377 meatur
925 1332 985 1375 non
1015 1316 1103 1393 fuere
1127 1326 1190 1377 octe

123 1418 262 1460 eurora.

165 1418 336 1544 frocum.
359 1478 395 1540 ln
417 1477 527 1541 anima
555 1476 713 1542 naturalis
744 1475 825 1542 ordo
858 1473 898 1540 ad
930 1476 1189 1541 coniunctionem
1235 1479 1236 1547 l

123 1580 198 1623 eum
221 1580 358 1645 corpore
381 1556 602 1643 agnoscendus
616 1569 666 1624 est
680 1560 704 1621 ⁴:
721 1568 931 1643 quapropter,
948 1558 974 1620 si
993 1558 1117 1635 anima,
1139 1578 1189 1620 an·
1235 1562 1236 1601 ἲ

123 1656 254 1725 tequam
276 1663 351 1706 curn
372 1660 507 1725 corpore
529 1642 760 1725 coniungatur,
781 1650 924 1716 creatur,
946 1638 1124 1704 dicendum
1146 1652 1189 1703 est
1235 1660 1236 1699 1

121 1723 227 1806 ipsam
250 1746 268 1788 a
291 1723 359 1787 Deo
380 1722 507 1795 creari,
531 1723 575 1786 ita
596 1733 633 1786 ut
655 1720 856 1805 perfectione
883 1720 947 1786 sibi
974 1720 1118 1785 naturali
1141 1719 1190 1783 de·

122 1803 301 1876 stitnatur.
324 1804 390 1867 imo
417 1803 462 1869 ita
485 1815 522 1867 ut
543 1805 576 1867 in
598 1814 683 1869 statu
707 1815 835 1887 praeter
862 1822 953 1867 snam
986 1813 1138 1869 naturam
1160 1822 1189 1865 sc
1235 1832 1236 1847 2

119 1884 248 1953 lrabeat.
271 1886 371 1969 Atqui
404 1885 464 1949 hoc
494 1883 674 1951 absurdum
699 1896 772 1961 est,
796 1905 869 1949 nam
895 1881 1058 1970 quidquid
1080 1906 1101 1949 a
1125 1882 1190 1947 Deo

121 1967 310 2034 immediate
333 1967 547 2052 producitur,
571 1970 605 2031 in
627 1977 714 2034 statu
737 1963 876 2032 naturali
902 1965 1046 2052 perfecto
1073 1964 1192 2052 produ·

119 2050 218 2114 citur.
242 2052 331 2135 Ergo
352 2050 500 2123 animae,
523 2059 696 2133 antequam
728 2068 802 2113 cum
829 2068 965 2133 corpore
994 2048 1193 2136 coniungan-

121 2142 186 2207 tur,
211 2152 274 2195 non
296 2140 450 2195 creantur
465 2131 488 2191 ⁵.
730 2176 733 2183 ·

162 2215 230 2279 197.
254 2212 315 2279 Sed
330 2214 484 2297 quoniam
503 2212 537 2287 ii,
552 2212 612 2296 qui
628 2212 810 2277 animarum
833 2212 1127 2296 praeexistentiam
1143 2213 1194 2278 ad-

119 2296 264 2370 mittunt,
285 2293 467 2359 naturalem
488 2294 616 2357 animae
631 2312 700 2357 esse
715 2292 870 2357 unionem
886 2314 960 2357 cum
979 2314 1126 2379 corpore
1148 2296 1193 2359 in-

117 2374 282 2453 ficiantur,
305 2387 447 2462 praestat
467 2374 531 2438 alia
553 2376 682 2440 ratione
703 2394 758 2439 eos
773 2373 933 2439 refellere.
950 2376 982 2441 Si
1003 2378 1118 2439 anima
1142 2398 1193 2441 na-

118 2460 268 2525 turaliter
292 2460 397 2543 potuit
416 2457 562 2540 incipere
576 2476 644 2520 esse
666 2456 734 2520 sine
756 2476 903 2541 corporo,
919 2456 1125 2541 adsignanda
1147 2468 1193 2523 est

117 2538 226 2624 aliqua
249 2562 358 2619 causa,
382 2547 632 2625 propterquam
656 2538 740 2622 ipsa,
763 2558 846 2622 quae
874 2538 966 2624 prius
989 2540 1061 2604 sine
1076 2560 1195 2626 corpo

116 2700 184 2750 haec
203 2701 271 2754 sint.
291 2712 325 2749 ex
342 2700 472 2749 sententia
493 2698 625 2756 Platonis,
648 2698 790 2759 historice,
811 2714 845 2748 an
866 2697 981 2761 mythice
1001 2698 1193 2763 intelligenda.

118 2768 178 2820 Viri.
200 2768 387 2828 Van-fleusde,
408 2772 651 2834 instructuram.

154 2845 161 2877 ¹
183 2844 250 2892 Ena.
273 2841 302 2901 l,
324 2844 369 2893 lib.
394 2841 421 2902 l,
441 2857 467 2892 n.
492 2842 535 2892 11.
555 2841 622 2893 llinc
643 2842 718 2905 lpse,
738 2843 837 2906 aliique
856 2856 871 2893 e
890 2840 981 2890 schola
1001 2844 1195 2904 conplatonica

115 2918 217 2966 diversa
239 2915 324 2963 media
345 2916 496 2964 hominibus
514 2913 662 2965 adhibenda
682 2928 739 2963 esse
760 2918 968 2978 praeceperunt,
989 2919 1018 2963 ul
1038 2926 1053 2962 a
1075 2918 1195 2966 vinculis
1235 2948 1236 2979 q

114 2989 233 3110 coqptppris
247 2988 422 3110 expiceutrpp,
436 2988 562 3110 lthuetfd
582 2988 725 3109 eppleqpqm
740 2987 878 3108 puppinum
903 2986 985 3035 ritem
1006 2992 1193 3039 revertantur.
1235 2988 1236 3003 ³

234 3074 258 3108 s.
303 3073 359 3121 ug„
408 3073 421 3107 e
467 3074 491 3109 n.
539 3060 640 3117 ei,i.
700 3073 821 3115 ,o..

150 3126 579 3193 ³Tlrod.,sssllsqq.-⁴Ci
594 3145 622 3193 p.
645 3130 696 3181 185
715 3144 775 3194 sqq.

149 3206 161 3240 ⁵
181 3199 203 3258 l.
223 3217 252 3265 q.
267 3199 323 3261 XC,
342 3218 370 3252 a.
390 3204 408 3252 t
426 3216 452 3251 c.
473 3198 513 3252 Ex
531 3216 585 3266 qno
603 3208 760 3266 argumento
778 3203 846 3252 ratio
866 3201 994 3261 infertur.
1015 3215 1066 3252 cur
1085 3204 1192 3259 anima.

112 3275 241 3323 dissoluto
260 3288 388 3337 corpore,
408 3274 521 3323 existere
540 3280 647 3337 pergat.
669 3281 695 3323 et
715 3280 804 3325 tamen
824 3275 927 3324 initium
947 3286 1011 3323 suae
1030 3274 1193 3326 existentiae

112 3348 175 3394 anic
193 3346 409 3396 coniunctionem
428 3358 489 3394 curn
508 3359 620 3409 corpore
638 3345 736 3397 habero
761 3350 886 3410 nequeat.
907 3341 1012 3396 Etenim
1035 3365 1046 3390 ι
1065 3350 1192 3397 animam

113 3428 251 3468 remunero
271 3423 330 3478 post
349 3430 445 3477 corpus
463 3418 560 3467 accidit
579 3432 626 3479 per
646 3418 782 3468 defectum
801 3420 930 3480 corporis,
944 3419 989 3481 qul
1011 3420 1126 3481 quidem
1146 3422 1192 3468 de-

114 3483 200 3534 fectus
211 3486 245 3534 ¹iu
265 3490 395 3549 principio
410 3490 553 3537 creationis
566 3492 671 3538 animae
685 3503 807 3539 essenon
821 3489 910 3541 debuit
924 3508 935 3533 ι
951 3484 1017 3559 (loc.
1033 3492 1083 3540 cit.
1098 3492 1135 3541 nrl
1149 3490 1188 3551 ila

113 3566 175 3610 nam
197 3574 208 3597 ι
229 3568 283 3604 non
296 3556 344 3608 fruit
357 3562 527 3617 conveniens,
542 3566 571 3609 ut
583 3558 653 3611 fleus
666 3560 699 3611 ab
713 3560 877 3625 imperfectis
901 3574 979 3611 suum
992 3576 1060 3625 opus
1072 3565 1189 3614 inclina·-
1235 3574 1236 3587 ³

112 3628 164 3700 rel,
185 3629 212 3677 ct
230 3626 263 3674 ab
283 3630 332 3689 uis,
353 3644 422 3693 quae
434 3636 495 3703 suut
507 3638 612 3708 praeter
632 3640 755 3688 naturam
772 3654 782 3684 r
788 3656 796 3699 t
810 3634 891 3697 llic,
908 3648 936 3700 q.
949 3628 1068 3700 Clllllll,
1085 3650 1114 3687 a.
1131 3636 1148 3687 3
1163 3650 1188 3684 c.
