2475 3909
483 161 756 212 smunorocoors
1052 143 1112 214 233

88 244 330 320 substantialis3
357 267 431 310 cum
452 246 591 314 alicuius
611 247 788 314 accidentis
810 255 897 313 tantu
918 247 1060 314 efficacis
1082 269 1152 314 esse

84 340 238 414 nequeat,
263 338 451 412 tantumque
473 331 648 416 imperium
672 331 704 396 in
725 328 945 394 membrorum
972 333 1020 396 rei
1043 332 1154 396 viven-

85 417 142 489 tis,
165 423 197 477 et
219 413 458 476 contrariarum
472 413 666 496 qualitatum
680 413 773 510 quasi
790 409 1033 495 rempublicam.
1051 414 1151 498 Ergo.

128 495 197 559 105.
221 493 363 570 Adhaec,
387 493 528 561 virentia
551 505 626 562 suut
646 493 779 581 quidem
801 491 1010 561 substantiae.
1034 496 1068 564 Si
1092 494 1152 580 igt-

86 587 142 643 tur
161 596 212 651 ea,
234 596 317 722 <puae
340 574 475 652 vivunt,
499 596 557 661 per
576 579 718 643 animam
747 577 882 654 vivunt,
905 575 983 641 baec
1006 576 1153 662 prolecto

86 680 151 724 non
172 657 240 722 acci
264 677 345 731 ens,
365 656 420 721 sed
443 656 622 726 substantia
642 669 701 726 est.
725 659 759 724 ld
790 679 832 722 ex
853 678 892 722 eo
919 659 1152 734 confirmatur,

84 737 171 825 quod
195 764 212 798 a
235 751 284 804 est
304 759 475 806 commune
501 743 589 808 omni
611 740 784 818 accidenti,
807 739 895 825 quod
917 761 980 805 nou
995 741 1037 806 sit
1051 741 1091 808 de
1106 759 1157 805 es·

84 823 193 887 sentia
215 821 263 885 rei
281 822 290 860 ¹
317 838 348 896 »3
371 819 447 886 dum
469 824 696 899 econtrario,
719 823 826 888 anima
852 822 893 887 ad
915 825 1087 889 essentiam
1109 823 1154 886 ri-

87 903 265 1001 ventisita
288 903 451 990 pertinet,
477 915 514 972 ut
543 907 651 972 vivens
683 905 769 972 idem
804 925 935 992 prorsus
968 927 1006 970 ac
1034 905 1156 970 auima-

85 999 157 1054 tum
180 997 231 1051 nt.

130 1067 199 1132 106.
223 1065 370 1154 Denique
393 1078 550 1151 quantum
571 1069 699 1145 Loclcii,
720 1070 854 1154 eiusque
872 1069 1065 1135 asseclarum
1089 1067 1156 1153 pla·

87 1151 152 1215 cita
174 1172 191 1214 a
213 1149 349 1218 veritate
371 1146 577 1229 abhorreant,
605 1152 806 1219 ostendimus
822 1152 854 1217 in
871 1152 1034 1237 Ontolopio
1047 1152 1071 1214 ¹.
1096 1154 1157 1214 alr-

90 1233 266 1317 gnmentis,
288 1253 372 1316 quae
397 1230 443 1296 ibi
466 1232 650 1311 retulimus,
673 1234 814 1299 adiicere
839 1247 997 1331 praestat,
1021 1231 1153 1320 1⁰quod

87 1314 287 1389 abiectiones,
309 1317 376 1381 sire
397 1313 570 1400 qualitates
591 1317 709 1392 varias,
731 1327 764 1381 et
785 1315 848 1380 sibr
871 1317 1099 1393 succedentes,
1123 1337 1157 1379 a·

88 1397 211 1461 nimam
234 1417 310 1462 vero
333 1398 500 1464 immotam
533 1397 567 1463 in
595 1397 690 1463 nobis
718 1399 928 1482 experimen
956 1408 1156 1486 quopropter

91 1479 199 1542 anima
222 1501 262 1544 ex
284 1479 363 1563 ipsis
389 1478 641 1556 affectionibus,
664 1480 732 1545 sive
762 1480 976 1566 qualitatibus
1002 1480 1155 1546 constitui

89 1562 216 1645 nequit3
237 1561 273 1626 2⁰
293 1559 378 1647 quod
402 1561 581 1646 permultae
602 1583 644 1626 ex
665 1561 752 1628 hisee
779 1562 1003 1630 allectionibus
1029 1560 1156 1648 abipsa

90 1643 199 1708 anima
221 1646 254 1708 iu
276 1664 310 1708 se
331 1644 519 1730 gignuntur3
536 1665 575 1709 ac
589 1643 663 1710 ideo
678 1645 785 1708 anima
801 1666 818 1709 a
833 1646 902 1711 suis
916 1642 1155 1720 allectionibus,

91 1725 227 1813 perinde
248 1747 285 1792 nc
306 1746 402 1790 causo
423 1727 465 1792 ab
485 1727 614 1804 ellectu,
637 1725 865 1813 distinguenda
887 1737 946 1793 est.

249 1862 317 1915 Αιτ.
332 1861 540 1929 ll.-Quomodo
559 1865 722 1915 substantiae
745 1868 850 1914 enimus
869 1864 1003 1916 hnmanae

433 1937 577 1988 dellniendr
597 1939 642 1998 sit,
664 1941 811 2001 explicatur

133 2045 209 2111 Post
232 2067 305 2112 uam
327 2045 470 2112 vidimus
483 2048 623 2112 animem
639 2049 810 2113 humanam
833 2047 864 2110 in
881 2067 995 2131 genere
1010 2046 1159 2112 substan-

93 2127 159 2193 tiae
180 2068 397 2196 cdllocondam
419 2150 500 2204 esse,
548 2151 683 2196 uaenam
705 2131 803 2195 buius
830 2127 1027 2195 substantiae
1050 2151 1158 2196 essen-

95 2210 141 2275 tia
165 2213 217 2288 sit,
240 2209 471 2296 explicandum
493 2232 534 2277 no
559 2213 585 2276 is
606 2224 663 2278 est.

141 2293 209 2360 107.
235 2296 332 2380 Prop.
350 2293 492 2359 Essentio
506 2297 629 2359 animae
644 2293 793 2358 humanus
808 2293 842 2357 in
856 2315 889 2357 eo
908 2293 1056 2369 consistit,
1080 2296 1159 2390 pond

95 2379 137 2442 sit
157 2378 355 2474 principium
378 2376 621 2454 intellectivam,
650 2385 677 2438 et
699 2376 795 2440 simul
819 2376 921 2459 [orma
945 2376 1159 2442 substantiolis

97 2483 132 2525 eo
172 2480 236 2524 oras

133 2480 306 2609 rdrotatnr.
330 2541 476 2607 Essentia
499 2541 547 2604 rei
572 2538 650 2606 illud
674 2537 855 2624 significare
876 2537 983 2614 debet,
999 2538 1083 2625 quod
1107 2561 1159 2604 res

98 2647 174 2692 cum
195 2623 268 2688 aliis
290 2644 461 2690 commuue
483 2621 590 2698 babet,
612 2633 709 2707 atque
734 2619 825 2698 illud,
847 2643 913 2706 quo
934 2623 1005 2708 ipsa
1027 2621 1068 2687 ab
1088 2619 1161 2686 aliis

98 2705 354 2776 discriminatur.
375 2705 473 2790 Atqui
497 2707 604 2770 anima
626 2705 764 2770 bumana
792 2725 834 2769 ex
855 2724 894 2769 eo
915 2704 1001 2790 quod
1025 2715 1075 2770 est
1096 2702 1162 2769 lor-

100 2813 151 2858 ma
173 2786 394 2854 substantialis
420 2788 590 2873 corporis,
614 2809 651 2852 sc
672 2784 809 2873 proinde
836 2787 1014 2854 substantia
1041 2789 1164 2853 incoru-

99 2875 197 2960 pleta,
219 2891 303 2955 quae
326 2890 457 2957 perse,
480 2879 512 2934 et
533 2871 723 2936 naturaliter
744 2866 782 2933 ad
806 2871 1064 2938 coniunctionem
1086 2891 1161 2936 cum

98 2975 236 3042 corpore
258 2953 406 3019 ordinem
427 2952 545 3029 babet,
568 2973 643 3020 cum
675 2953 749 3017 aliis
780 2954 963 3018 animarum
991 2952 1162 3038 speciebus

99 3037 271 3112 consentit;
294 3034 455 3121 siquidem
480 3037 559 3120 ipsa,
583 3057 684 3121 aeque
708 3055 745 3098 ac
768 3035 868 3113 istae,
890 3057 985 3100 suum
1007 3057 1068 3100 esse
1089 3056 1160 3100 cor-

99 3123 175 3210 pori
198 3120 436 3195 communicat,
460 3117 605 3218 illudque
629 3117 787 3196 vivificat,
810 3129 844 3184 et
865 3117 1041 3184 informat:
1064 3127 1162 3201 atque

100 3227 144 3272 ex
164 3225 226 3278 eo,
271 3200 334 3267 uod
355 3212 405 3268 est
426 3201 626 3287 principium
648 3201 904 3278 intellectivam,
927 3200 968 3265 ab
991 3200 1033 3264 iis
1054 3199 1167 3264 distin-

101 3289 225 3376 guitur.
248 3223 377 3350 bursus
397 3306 439 3348 cx
461 3303 500 3348 eo
514 3331 523 3360 ,
538 3283 632 3432 paud
656 3283 695 3348 ad
718 3285 977 3351 coniunctionem
998 3301 1164 3378 cumucor-

101 3391 180 3458 pore
202 3367 348 3435 ordinem
372 3365 479 3443 babet,
502 3367 535 3431 di
561 3380 612 3434 ert
633 3389 651 3432 a
674 3366 862 3433 substantiis
877 3362 1163 3440 intellectualibus,

100 3474 185 3539 quae
205 3464 373 3537 separatos,
396 3451 463 3516 sive
485 3450 596 3534 Anpeli
623 3448 786 3519 dicuntur:
809 3459 904 3514 etex
925 3467 985 3526 eo,
1008 3444 1095 3532 quod
1117 3457 1164 3514 est

138 3648 151 3691 ί
171 3652 219 3719 pq.
238 3651 338 3716 ὤσῃ..
356 3663 384 3715 q.
404 3663 449 3700 nu.
470 3649 507 3702 tn
524 3650 626 3710 trun..
646 3661 673 3699 a.
698 3647 727 3700 ld
747 3650 780 3705 ttd
801 3647 983 3710 t.-²1,oe.
1004 3653 1051 3704 ult.
