<?xml version="1.0" encoding="UTF-8"?>
<!DOCTYPE html PUBLIC "-//W3C//DTD XHTML 1.0 Transitional//EN"
    "http://www.w3.org/TR/xhtml1/DTD/xhtml1-transitional.dtd">
<html xmlns="http://www.w3.org/1999/xhtml" xml:lang="en" lang="en">
 <head>
  <title>
</title>
<meta http-equiv="Content-Type" content="text/html;charset=utf-8" />
  <meta name='ocr-system' content='tesseract 3.04.00' />
  <meta name='ocr-capabilities' content='ocr_page ocr_carea ocr_par ocr_line ocrx_word'/>
</head>
<body>
  <div class='ocr_page' id='page_1' title='image "./philosophiachri00sansgoog_0594.png"; bbox 0 0 2475 3909; ppageno 0'>
   <div class='ocr_carea' id='block_1_1' title="bbox 129 158 816 225">
    <p class='ocr_par' dir='ltr' id='par_1_1' title="bbox 129 158 816 225">
     <span class='ocr_line' id='line_1_1' title="bbox 129 158 816 225; baseline 0.006 -4"><span class='ocrx_word' id='word_1_1' title='bbox 129 158 191 223; x_wconf 65' lang='lat'>⁸293</span> <span class='ocrx_word' id='word_1_2' title='bbox 416 177 601 224; x_wconf 82' lang='lat' dir='ltr'>rusococrs</span> <span class='ocrx_word' id='word_1_3' title='bbox 626 177 816 225; x_wconf 77' lang='lat' dir='ltr'>nsrvnsurs</span> 
     </span>
    </p>
   </div>
   <div class='ocr_carea' id='block_1_2' title="bbox 89 258 1173 2807">
    <p class='ocr_par' dir='ltr' id='par_1_2' title="bbox 89 258 1173 1142">
     <span class='ocr_line' id='line_1_2' title="bbox 90 258 1167 345; baseline 0.005 -23"><span class='ocrx_word' id='word_1_4' title='bbox 90 259 204 322; x_wconf 90' lang='lat' dir='ltr'>borum</span> <span class='ocrx_word' id='word_1_5' title='bbox 228 258 331 326; x_wconf 90' lang='lat' dir='ltr'>videri</span> <span class='ocrx_word' id='word_1_6' title='bbox 357 282 385 322; x_wconf 83' lang='lat' dir='ltr'>s.</span> <span class='ocrx_word' id='word_1_7' title='bbox 410 260 502 336; x_wconf 89' lang='lat' dir='ltr'>ltem,</span> <span class='ocrx_word' id='word_1_8' title='bbox 525 258 710 345; x_wconf 76' lang='lat' dir='ltr'><strong>Apostolus,</strong></span> <span class='ocrx_word' id='word_1_9' title='bbox 734 261 774 323; x_wconf 87' lang='lat' dir='ltr'>ed</span> <span class='ocrx_word' id='word_1_10' title='bbox 788 261 952 337; x_wconf 82' lang='lat' dir='ltr'>Romanos,</span> <span class='ocrx_word' id='word_1_11' title='bbox 967 282 997 326; x_wconf 89' lang='lat' dir='ltr'>c.</span> <span class='ocrx_word' id='word_1_12' title='bbox 1014 263 1045 336; x_wconf 88' lang='lat'>1,</span> <span class='ocrx_word' id='word_1_13' title='bbox 1060 284 1090 325; x_wconf 90' lang='lat' dir='ltr'>v.</span> <span class='ocrx_word' id='word_1_14' title='bbox 1109 262 1167 333; x_wconf 73' lang='lat'>20,</span> 
     </span>
     <span class='ocr_line' id='line_1_3' title="bbox 90 338 1173 429; baseline 0.003 -27"><span class='ocrx_word' id='word_1_15' title='bbox 90 342 161 405; x_wconf 86' lang='lat' dir='ltr'>eit:</span> <span class='ocrx_word' id='word_1_16' title='bbox 185 368 201 404; x_wconf 82' lang='lat' dir='ltr'>t&lt;</span> <span class='ocrx_word' id='word_1_17' title='bbox 225 338 406 407; x_wconf 75' lang='lat' dir='ltr'>Invisibilia</span> <span class='ocrx_word' id='word_1_18' title='bbox 431 342 491 405; x_wconf 87' lang='lat' dir='ltr'>Dei</span> <span class='ocrx_word' id='word_1_19' title='bbox 509 354 691 407; x_wconf 89' lang='lat' dir='ltr'>acreatura</span> <span class='ocrx_word' id='word_1_20' title='bbox 716 343 841 420; x_wconf 93' lang='lat' dir='ltr'>mundi,</span> <span class='ocrx_word' id='word_1_21' title='bbox 865 361 924 426; x_wconf 91' lang='lat' dir='ltr'>per</span> <span class='ocrx_word' id='word_1_22' title='bbox 945 362 995 419; x_wconf 93' lang='lat' dir='ltr'>ea,</span> <span class='ocrx_word' id='word_1_23' title='bbox 1011 365 1098 429; x_wconf 87' lang='lat' dir='ltr'>quae</span> <span class='ocrx_word' id='word_1_24' title='bbox 1124 344 1173 405; x_wconf 87' lang='lat' dir='ltr'>la·</span> 
     </span>
     <span class='ocr_line' id='line_1_4' title="bbox 89 424 1169 521; baseline 0.003 -37"><span class='ocrx_word' id='word_1_25' title='bbox 89 432 140 485; x_wconf 87' lang='lat' dir='ltr'>cla</span> <span class='ocrx_word' id='word_1_26' title='bbox 173 438 258 498; x_wconf 85' lang='lat' dir='ltr'>sunt,</span> <span class='ocrx_word' id='word_1_27' title='bbox 284 424 471 499; x_wconf 86' lang='lat' dir='ltr'>intellecta,</span> <span class='ocrx_word' id='word_1_28' title='bbox 505 426 774 521; x_wconf 90' lang='lat' dir='ltr'>conspiciuntur:</span> <span class='ocrx_word' id='word_1_29' title='bbox 801 425 999 509; x_wconf 88' lang='lat' dir='ltr'>sempiterna</span> <span class='ocrx_word' id='word_1_30' title='bbox 1032 445 1169 509; x_wconf 83' lang='lat' dir='ltr'>quoquc</span> 
     </span>
     <span class='ocr_line' id='line_1_5' title="bbox 90 504 1173 581; baseline 0.004 -14"><span class='ocrx_word' id='word_1_31' title='bbox 90 504 170 567; x_wconf 85' lang='lat' dir='ltr'>Eius</span> <span class='ocrx_word' id='word_1_32' title='bbox 193 510 308 581; x_wconf 86' lang='lat' dir='ltr'>virtus,</span> <span class='ocrx_word' id='word_1_33' title='bbox 332 514 364 569; x_wconf 90' lang='lat' dir='ltr'>et</span> <span class='ocrx_word' id='word_1_34' title='bbox 388 504 558 569; x_wconf 74' lang='lat' dir='ltr'>Divinitas:</span> <span class='ocrx_word' id='word_1_35' title='bbox 584 518 627 571; x_wconf 81' lang='lat' dir='ltr'>ita</span> <span class='ocrx_word' id='word_1_36' title='bbox 651 519 686 572; x_wconf 94' lang='lat' dir='ltr'>ut</span> <span class='ocrx_word' id='word_1_37' title='bbox 708 506 773 569; x_wconf 92' lang='lat' dir='ltr'>sint</span> <span class='ocrx_word' id='word_1_38' title='bbox 794 505 1031 570; x_wconf 78' lang='lat' dir='ltr'>inexcusabiles</span> <span class='ocrx_word' id='word_1_39' title='bbox 1055 530 1083 567; x_wconf 79' lang='lat' dir='ltr'>n.</span> <span class='ocrx_word' id='word_1_40' title='bbox 1113 510 1173 571; x_wconf 79' lang='lat' dir='ltr'>At-</span> 
     </span>
     <span class='ocr_line' id='line_1_6' title="bbox 89 585 1169 668; baseline 0.001 -19"><span class='ocrx_word' id='word_1_41' title='bbox 89 588 146 668; x_wconf 90' lang='lat' dir='ltr'>qui</span> <span class='ocrx_word' id='word_1_42' title='bbox 171 590 257 664; x_wconf 83' lang='lat' dir='ltr'>ceni,</span> <span class='ocrx_word' id='word_1_43' title='bbox 281 587 340 651; x_wconf 88' lang='lat' dir='ltr'>hoc</span> <span class='ocrx_word' id='word_1_44' title='bbox 362 597 421 662; x_wconf 90' lang='lat' dir='ltr'>est,</span> <span class='ocrx_word' id='word_1_45' title='bbox 445 588 554 663; x_wconf 80' lang='lat' dir='ltr'>stulti,</span> <span class='ocrx_word' id='word_1_46' title='bbox 577 601 634 654; x_wconf 93' lang='lat' dir='ltr'>aut</span> <span class='ocrx_word' id='word_1_47' title='bbox 656 585 881 653; x_wconf 77' lang='lat' dir='ltr'>inexcusabiles</span> <span class='ocrx_word' id='word_1_48' title='bbox 902 608 964 651; x_wconf 93' lang='lat' dir='ltr'>non</span> <span class='ocrx_word' id='word_1_49' title='bbox 996 600 1106 651; x_wconf 88' lang='lat' dir='ltr'>essent</span> <span class='ocrx_word' id='word_1_50' title='bbox 1131 589 1169 661; x_wconf 91' lang='lat' dir='ltr'>ii,</span> 
     </span>
     <span class='ocr_line' id='line_1_7' title="bbox 89 668 1169 751; baseline 0 -20"><span class='ocrx_word' id='word_1_51' title='bbox 89 670 145 751; x_wconf 92' lang='lat' dir='ltr'>qui</span> <span class='ocrx_word' id='word_1_52' title='bbox 170 691 211 733; x_wconf 83' lang='lat' dir='ltr'>ex</span> <span class='ocrx_word' id='word_1_53' title='bbox 233 670 393 734; x_wconf 76' lang='lat' dir='ltr'>creaturis</span> <span class='ocrx_word' id='word_1_54' title='bbox 415 668 601 735; x_wconf 76' lang='lat' dir='ltr'>Creatorem</span> <span class='ocrx_word' id='word_1_55' title='bbox 617 692 680 735; x_wconf 93' lang='lat' dir='ltr'>nou</span> <span class='ocrx_word' id='word_1_56' title='bbox 698 670 892 751; x_wconf 79' lang='lat' dir='ltr'>intelligunt,</span> <span class='ocrx_word' id='word_1_57' title='bbox 914 669 975 733; x_wconf 90' lang='lat' dir='ltr'>uisi</span> <span class='ocrx_word' id='word_1_58' title='bbox 992 690 1032 733; x_wconf 85' lang='lat' dir='ltr'>ex</span> <span class='ocrx_word' id='word_1_59' title='bbox 1046 669 1169 733; x_wconf 91' lang='lat' dir='ltr'>barum</span> 
     </span>
     <span class='ocr_line' id='line_1_8' title="bbox 89 749 1171 837; baseline 0.003 -27"><span class='ocrx_word' id='word_1_60' title='bbox 89 749 262 818; x_wconf 80' lang='lat' dir='ltr'>existentia</span> <span class='ocrx_word' id='word_1_61' title='bbox 286 752 389 837; x_wconf 91' lang='lat' dir='ltr'>ipsius</span> <span class='ocrx_word' id='word_1_62' title='bbox 415 749 580 816; x_wconf 81' lang='lat' dir='ltr'>Creatoris</span> <span class='ocrx_word' id='word_1_63' title='bbox 610 753 781 817; x_wconf 79' lang='lat' dir='ltr'>existentia</span> <span class='ocrx_word' id='word_1_64' title='bbox 811 752 955 831; x_wconf 72' lang='lat' dir='ltr'>legitimo</span> <span class='ocrx_word' id='word_1_65' title='bbox 989 752 1171 814; x_wconf 89' lang='lat' dir='ltr'>ratiocina-</span> 
     </span>
     <span class='ocr_line' id='line_1_9' title="bbox 90 830 1170 919; baseline 0.003 -26"><span class='ocrx_word' id='word_1_66' title='bbox 90 832 179 895; x_wconf 88' lang='lat' dir='ltr'>tione</span> <span class='ocrx_word' id='word_1_67' title='bbox 202 831 318 897; x_wconf 87' lang='lat' dir='ltr'>inlerri</span> <span class='ocrx_word' id='word_1_68' title='bbox 345 844 461 917; x_wconf 89' lang='lat' dir='ltr'>posset.</span> <span class='ocrx_word' id='word_1_69' title='bbox 485 834 583 919; x_wconf 79' lang='lat' dir='ltr'>Ergo.</span> <span class='ocrx_word' id='word_1_70' title='bbox 606 832 753 907; x_wconf 76' lang='lat' dir='ltr'>Accedit,</span> <span class='ocrx_word' id='word_1_71' title='bbox 776 833 862 917; x_wconf 92' lang='lat' dir='ltr'>quod</span> <span class='ocrx_word' id='word_1_72' title='bbox 886 834 913 897; x_wconf 90' lang='lat' dir='ltr'>si</span> <span class='ocrx_word' id='word_1_73' title='bbox 936 833 1019 898; x_wconf 87' lang='lat' dir='ltr'>ratio</span> <span class='ocrx_word' id='word_1_74' title='bbox 1048 830 1112 896; x_wconf 86' lang='lat' dir='ltr'>Dei</span> <span class='ocrx_word' id='word_1_75' title='bbox 1137 854 1170 896; x_wconf 89' lang='lat' dir='ltr'>e-</span> 
     </span>
     <span class='ocr_line' id='line_1_10' title="bbox 91 912 1171 999; baseline 0.003 -25"><span class='ocrx_word' id='word_1_76' title='bbox 91 913 263 980; x_wconf 83' lang='lat' dir='ltr'>xistentiae</span> <span class='ocrx_word' id='word_1_77' title='bbox 284 913 554 980; x_wconf 84' lang='lat' dir='ltr'>demonstrandae</span> <span class='ocrx_word' id='word_1_78' title='bbox 579 918 686 995; x_wconf 81' lang='lat' dir='ltr'>impar</span> <span class='ocrx_word' id='word_1_79' title='bbox 700 936 742 979; x_wconf 82' lang='lat' dir='ltr'>ex</span> <span class='ocrx_word' id='word_1_80' title='bbox 757 934 789 977; x_wconf 88' lang='lat' dir='ltr'>sc</span> <span class='ocrx_word' id='word_1_81' title='bbox 809 926 868 989; x_wconf 89' lang='lat' dir='ltr'>est,</span> <span class='ocrx_word' id='word_1_82' title='bbox 891 912 1075 979; x_wconf 89' lang='lat' dir='ltr'>incredulos</span> <span class='ocrx_word' id='word_1_83' title='bbox 1093 935 1171 999; x_wconf 87' lang='lat' dir='ltr'>per-</span> 
     </span>
     <span class='ocr_line' id='line_1_11' title="bbox 91 994 1171 1081; baseline 0.002 -24"><span class='ocrx_word' id='word_1_84' title='bbox 91 1016 201 1060; x_wconf 90' lang='lat' dir='ltr'>suasos</span> <span class='ocrx_word' id='word_1_85' title='bbox 223 994 359 1061; x_wconf 85' lang='lat' dir='ltr'>reddere</span> <span class='ocrx_word' id='word_1_86' title='bbox 394 1016 456 1060; x_wconf 93' lang='lat' dir='ltr'>non</span> <span class='ocrx_word' id='word_1_87' title='bbox 490 1010 596 1081; x_wconf 87' lang='lat' dir='ltr'>posset</span> <span class='ocrx_word' id='word_1_88' title='bbox 619 996 864 1062; x_wconf 87' lang='lat' dir='ltr'>Revelationem</span> <span class='ocrx_word' id='word_1_89' title='bbox 888 1018 905 1061; x_wconf 88' lang='lat' dir='ltr'>a</span> <span class='ocrx_word' id='word_1_90' title='bbox 931 994 998 1059; x_wconf 86' lang='lat' dir='ltr'>Deo</span> <span class='ocrx_word' id='word_1_91' title='bbox 1022 996 1171 1059; x_wconf 88' lang='lat' dir='ltr'>homini·</span> 
     </span>
     <span class='ocr_line' id='line_1_12' title="bbox 92 1075 423 1142; baseline 0 -3"><span class='ocrx_word' id='word_1_92' title='bbox 92 1075 154 1141; x_wconf 92' lang='lat' dir='ltr'>bus</span> <span class='ocrx_word' id='word_1_93' title='bbox 174 1098 244 1142; x_wconf 86' lang='lat' dir='ltr'>esse</span> <span class='ocrx_word' id='word_1_94' title='bbox 267 1077 384 1142; x_wconf 85' lang='lat' dir='ltr'>laetam</span> <span class='ocrx_word' id='word_1_95' title='bbox 401 1078 423 1139; x_wconf 84' lang='lat'>¹.</span> 
     </span>
    </p>

    <p class='ocr_par' dir='ltr' id='par_1_3' title="bbox 91 1156 1170 1408">
     <span class='ocr_line' id='line_1_13' title="bbox 130 1156 1170 1243; baseline -0.004 -20"><span class='ocrx_word' id='word_1_96' title='bbox 130 1161 161 1223; x_wconf 78' lang='grc' dir='ltr'>Ι.</span> <span class='ocrx_word' id='word_1_97' title='bbox 184 1157 295 1225; x_wconf 88' lang='lat' dir='ltr'>Obiic.</span> <span class='ocrx_word' id='word_1_98' title='bbox 320 1159 355 1222; x_wconf 92' lang='lat' dir='ltr'>ln</span> <span class='ocrx_word' id='word_1_99' title='bbox 380 1158 446 1224; x_wconf 86' lang='lat' dir='ltr'>Deo</span> <span class='ocrx_word' id='word_1_100' title='bbox 470 1160 544 1222; x_wconf 81' lang='lat' dir='ltr'>Esse</span> <span class='ocrx_word' id='word_1_101' title='bbox 567 1182 679 1233; x_wconf 92' lang='lat' dir='ltr'>unum,</span> <span class='ocrx_word' id='word_1_102' title='bbox 705 1158 856 1243; x_wconf 85' lang='lat' dir='ltr'>idemque</span> <span class='ocrx_word' id='word_1_103' title='bbox 872 1169 933 1234; x_wconf 86' lang='lat' dir='ltr'>est,</span> <span class='ocrx_word' id='word_1_104' title='bbox 955 1178 992 1221; x_wconf 88' lang='lat' dir='ltr'>ac</span> <span class='ocrx_word' id='word_1_105' title='bbox 1007 1158 1091 1221; x_wconf 88' lang='lat' dir='ltr'>Eius</span> <span class='ocrx_word' id='word_1_106' title='bbox 1107 1156 1170 1219; x_wconf 84' lang='lat' dir='ltr'>Es-</span> 
     </span>
     <span class='ocr_line' id='line_1_14' title="bbox 91 1239 1169 1325; baseline 0.003 -26"><span class='ocrx_word' id='word_1_107' title='bbox 91 1242 198 1304; x_wconf 85' lang='lat' dir='ltr'>srotia.</span> <span class='ocrx_word' id='word_1_108' title='bbox 223 1241 321 1325; x_wconf 75' lang='lat' dir='ltr'>Atqui</span> <span class='ocrx_word' id='word_1_109' title='bbox 354 1244 440 1307; x_wconf 87' lang='lat' dir='ltr'>ratio</span> <span class='ocrx_word' id='word_1_110' title='bbox 463 1243 643 1307; x_wconf 86' lang='lat' dir='ltr'>Essentiam</span> <span class='ocrx_word' id='word_1_111' title='bbox 667 1242 726 1305; x_wconf 86' lang='lat' dir='ltr'>uei</span> <span class='ocrx_word' id='word_1_112' title='bbox 755 1243 837 1306; x_wconf 88' lang='lat' dir='ltr'>sciro</span> <span class='ocrx_word' id='word_1_113' title='bbox 869 1262 933 1303; x_wconf 93' lang='lat' dir='ltr'>non</span> <span class='ocrx_word' id='word_1_114' title='bbox 956 1239 1050 1305; x_wconf 85' lang='lat' dir='ltr'>valet.</span> <span class='ocrx_word' id='word_1_115' title='bbox 1075 1240 1169 1325; x_wconf 79' lang='lat' dir='ltr'>Ergo</span> 
     </span>
     <span class='ocr_line' id='line_1_15' title="bbox 92 1322 890 1408; baseline -0.003 -23"><span class='ocrx_word' id='word_1_116' title='bbox 92 1344 132 1385; x_wconf 86' lang='lat' dir='ltr'>ne</span> <span class='ocrx_word' id='word_1_117' title='bbox 158 1334 262 1407; x_wconf 90' lang='lat' dir='ltr'>potest</span> <span class='ocrx_word' id='word_1_118' title='bbox 282 1322 415 1408; x_wconf 87' lang='lat' dir='ltr'>quidem</span> <span class='ocrx_word' id='word_1_119' title='bbox 437 1322 658 1390; x_wconf 85' lang='lat' dir='ltr'>demonstrare</span> <span class='ocrx_word' id='word_1_120' title='bbox 681 1324 786 1387; x_wconf 88' lang='lat' dir='ltr'>Deum</span> <span class='ocrx_word' id='word_1_121' title='bbox 809 1342 890 1386; x_wconf 85' lang='lat' dir='ltr'>esse.</span> 
     </span>
    </p>

    <p class='ocr_par' dir='ltr' id='par_1_4' title="bbox 89 1402 1170 2807">
     <span class='ocr_line' id='line_1_16' title="bbox 131 1402 1169 1502; baseline -0.003 -34"><span class='ocrx_word' id='word_1_122' title='bbox 131 1404 162 1467; x_wconf 85' lang='lat'>5.</span> <span class='ocrx_word' id='word_1_123' title='bbox 188 1406 286 1489; x_wconf 87' lang='lat' dir='ltr'>Resp.</span> <span class='ocrx_word' id='word_1_124' title='bbox 313 1406 395 1469; x_wconf 77' lang='lat' dir='ltr'>oisc.</span> <span class='ocrx_word' id='word_1_125' title='bbox 419 1407 509 1480; x_wconf 87' lang='lat' dir='ltr'>moi.;</span> <span class='ocrx_word' id='word_1_126' title='bbox 533 1408 558 1470; x_wconf 91' lang='lat' dir='ltr'>si</span> <span class='ocrx_word' id='word_1_127' title='bbox 582 1428 645 1471; x_wconf 88' lang='lat' dir='ltr'>esse</span> <span class='ocrx_word' id='word_1_128' title='bbox 667 1404 824 1502; x_wconf 73' lang='lat' dir='ltr'>significet</span> <span class='ocrx_word' id='word_1_129' title='bbox 846 1402 925 1468; x_wconf 92' lang='lat' dir='ltr'>illud</span> <span class='ocrx_word' id='word_1_130' title='bbox 950 1404 1075 1500; x_wconf 91' lang='lat' dir='ltr'>ipsum,</span> <span class='ocrx_word' id='word_1_131' title='bbox 1100 1422 1169 1486; x_wconf 92' lang='lat' dir='ltr'>quo</span> 
     </span>
     <span class='ocr_line' id='line_1_17' title="bbox 92 1484 1170 1571; baseline 0.002 -24"><span class='ocrx_word' id='word_1_132' title='bbox 92 1485 180 1550; x_wconf 86' lang='lat' dir='ltr'>Deus</span> <span class='ocrx_word' id='word_1_133' title='bbox 204 1488 234 1550; x_wconf 94' lang='lat' dir='ltr'>in</span> <span class='ocrx_word' id='word_1_134' title='bbox 259 1508 292 1551; x_wconf 92' lang='lat' dir='ltr'>se</span> <span class='ocrx_word' id='word_1_135' title='bbox 307 1486 465 1564; x_wconf 88' lang='lat' dir='ltr'>subsistit,</span> <span class='ocrx_word' id='word_1_136' title='bbox 481 1508 562 1551; x_wconf 80' lang='lat' dir='ltr'>emec.</span> <span class='ocrx_word' id='word_1_137' title='bbox 580 1490 670 1565; x_wconf 70' lang='lat' dir='ltr'>mni„</span> <span class='ocrx_word' id='word_1_138' title='bbox 685 1507 711 1551; x_wconf 83' lang='lat' dir='ltr'>er</span> <span class='ocrx_word' id='word_1_139' title='bbox 728 1484 887 1571; x_wconf 83' lang='lat' dir='ltr'>significet</span> <span class='ocrx_word' id='word_1_140' title='bbox 905 1494 1084 1558; x_wconf 79' lang='lat' dir='ltr'>veritatem,</span> <span class='ocrx_word' id='word_1_141' title='bbox 1101 1504 1170 1569; x_wconf 89' lang='lat' dir='ltr'>qua</span> 
     </span>
     <span class='ocr_line' id='line_1_18' title="bbox 94 1566 1167 1651; baseline 0 -22"><span class='ocrx_word' id='word_1_142' title='bbox 94 1579 201 1632; x_wconf 88' lang='lat' dir='ltr'>noster</span> <span class='ocrx_word' id='word_1_143' title='bbox 228 1569 409 1634; x_wconf 88' lang='lat' dir='ltr'>intellectus</span> <span class='ocrx_word' id='word_1_144' title='bbox 430 1570 635 1636; x_wconf 82' lang='lat' dir='ltr'>existentiam</span> <span class='ocrx_word' id='word_1_145' title='bbox 668 1590 743 1633; x_wconf 90' lang='lat' dir='ltr'>cum</span> <span class='ocrx_word' id='word_1_146' title='bbox 777 1567 845 1631; x_wconf 89' lang='lat' dir='ltr'>Deo</span> <span class='ocrx_word' id='word_1_147' title='bbox 877 1566 1067 1651; x_wconf 88' lang='lat' dir='ltr'>componit,</span> <span class='ocrx_word' id='word_1_148' title='bbox 1097 1586 1167 1649; x_wconf 77' lang='lat' dir='ltr'>nep.</span> 
     </span>
     <span class='ocr_line' id='line_1_19' title="bbox 93 1646 1170 1716; baseline 0.002 -5"><span class='ocrx_word' id='word_1_149' title='bbox 93 1651 170 1712; x_wconf 85' lang='lat' dir='ltr'>moi.</span> <span class='ocrx_word' id='word_1_150' title='bbox 188 1650 271 1713; x_wconf 83' lang='lat' dir='ltr'>Diei.</span> <span class='ocrx_word' id='word_1_151' title='bbox 295 1651 393 1715; x_wconf 87' lang='lat' dir='ltr'>etiam</span> <span class='ocrx_word' id='word_1_152' title='bbox 414 1652 492 1715; x_wconf 80' lang='lat' dir='ltr'>mio.</span> <span class='ocrx_word' id='word_1_153' title='bbox 516 1654 698 1716; x_wconf 86' lang='lat' dir='ltr'>Essentiam</span> <span class='ocrx_word' id='word_1_154' title='bbox 722 1649 779 1713; x_wconf 82' lang='lat' dir='ltr'>Ilei</span> <span class='ocrx_word' id='word_1_155' title='bbox 804 1649 886 1715; x_wconf 91' lang='lat' dir='ltr'>ratio</span> <span class='ocrx_word' id='word_1_156' title='bbox 914 1670 976 1711; x_wconf 91' lang='lat' dir='ltr'>nou</span> <span class='ocrx_word' id='word_1_157' title='bbox 1002 1646 1085 1711; x_wconf 82' lang='lat' dir='ltr'>salet</span> <span class='ocrx_word' id='word_1_158' title='bbox 1114 1670 1170 1713; x_wconf 90' lang='lat' dir='ltr'>cu-</span> 
     </span>
     <span class='ocr_line' id='line_1_20' title="bbox 94 1727 1168 1817; baseline 0.001 -24"><span class='ocrx_word' id='word_1_159' title='bbox 94 1751 250 1813; x_wconf 75' lang='lat' dir='ltr'>gnoscere</span> <span class='ocrx_word' id='word_1_160' title='bbox 271 1732 457 1817; x_wconf 79' lang='lat' dir='ltr'>adaequate,</span> <span class='ocrx_word' id='word_1_161' title='bbox 487 1754 571 1797; x_wconf 88' lang='lat' dir='ltr'>conc.</span> <span class='ocrx_word' id='word_1_162' title='bbox 597 1735 691 1807; x_wconf 78' lang='lat' dir='ltr'>mim,</span> <span class='ocrx_word' id='word_1_163' title='bbox 721 1752 761 1794; x_wconf 92' lang='lat' dir='ltr'>ue</span> <span class='ocrx_word' id='word_1_164' title='bbox 787 1731 988 1815; x_wconf 84' lang='lat' dir='ltr'>inndueqootc</span> <span class='ocrx_word' id='word_1_165' title='bbox 1015 1727 1168 1813; x_wconf 90' lang='lat' dir='ltr'>quidem,</span> 
     </span>
     <span class='ocr_line' id='line_1_21' title="bbox 92 1812 1168 1897; baseline 0 -22"><span class='ocrx_word' id='word_1_166' title='bbox 92 1832 158 1894; x_wconf 81' lang='lat' dir='ltr'>nep.</span> <span class='ocrx_word' id='word_1_167' title='bbox 182 1815 260 1877; x_wconf 85' lang='lat' dir='ltr'>min.</span> <span class='ocrx_word' id='word_1_168' title='bbox 285 1814 364 1895; x_wconf 76' lang='lat' dir='ltr'>Nep.</span> <span class='ocrx_word' id='word_1_169' title='bbox 387 1836 469 1879; x_wconf 87' lang='lat' dir='ltr'>cons.</span> <span class='ocrx_word' id='word_1_170' title='bbox 493 1817 533 1879; x_wconf 85' lang='lat' dir='ltr'>Et</span> <span class='ocrx_word' id='word_1_171' title='bbox 555 1837 631 1880; x_wconf 91' lang='lat' dir='ltr'>sane</span> <span class='ocrx_word' id='word_1_172' title='bbox 654 1835 714 1878; x_wconf 84' lang='lat' dir='ltr'>esse</span> <span class='ocrx_word' id='word_1_173' title='bbox 743 1812 865 1895; x_wconf 86' lang='lat' dir='ltr'>duplici</span> <span class='ocrx_word' id='word_1_174' title='bbox 898 1812 1026 1877; x_wconf 85' lang='lat' dir='ltr'>ratione</span> <span class='ocrx_word' id='word_1_175' title='bbox 1059 1816 1168 1897; x_wconf 87' lang='lat' dir='ltr'>accipi</span> 
     </span>
     <span class='ocr_line' id='line_1_22' title="bbox 93 1892 1167 1982; baseline -0.003 -24"><span class='ocrx_word' id='word_1_176' title='bbox 93 1904 209 1979; x_wconf 89' lang='lat' dir='ltr'>potest;</span> <span class='ocrx_word' id='word_1_177' title='bbox 226 1895 277 1960; x_wconf 87' lang='lat' dir='ltr'>vel</span> <span class='ocrx_word' id='word_1_178' title='bbox 292 1900 377 1961; x_wconf 91' lang='lat' dir='ltr'>enim</span> <span class='ocrx_word' id='word_1_179' title='bbox 400 1897 561 1982; x_wconf 79' lang='lat' dir='ltr'>siguificat</span> <span class='ocrx_word' id='word_1_180' title='bbox 581 1909 684 1959; x_wconf 86' lang='lat' dir='ltr'>ectum</span> <span class='ocrx_word' id='word_1_181' title='bbox 701 1894 830 1969; x_wconf 81' lang='lat' dir='ltr'>essendi,</span> <span class='ocrx_word' id='word_1_182' title='bbox 848 1893 896 1959; x_wconf 91' lang='lat' dir='ltr'>vel</span> <span class='ocrx_word' id='word_1_183' title='bbox 916 1892 1167 1976; x_wconf 83' lang='lat' dir='ltr'>compositionem</span> 
     </span>
     <span class='ocr_line' id='line_1_23' title="bbox 89 1974 1167 2062; baseline -0.001 -22"><span class='ocrx_word' id='word_1_184' title='bbox 89 1978 325 2061; x_wconf 80' lang='lat' dir='ltr'>propositionis,</span> <span class='ocrx_word' id='word_1_185' title='bbox 348 1999 440 2062; x_wconf 81' lang='lat' dir='ltr'>quem</span> <span class='ocrx_word' id='word_1_186' title='bbox 463 1980 571 2043; x_wconf 85' lang='lat' dir='ltr'>enimn</span> <span class='ocrx_word' id='word_1_187' title='bbox 590 1978 774 2053; x_wconf 81' lang='lat' dir='ltr'>adinvenit,</span> <span class='ocrx_word' id='word_1_188' title='bbox 798 1975 984 2059; x_wconf 78' lang='lat' dir='ltr'>coninnpens</span> <span class='ocrx_word' id='word_1_189' title='bbox 1001 1974 1167 2057; x_wconf 82' lang='lat' dir='ltr'>praedicu-</span> 
     </span>
     <span class='ocr_line' id='line_1_24' title="bbox 94 2055 1166 2145; baseline -0.001 -25"><span class='ocrx_word' id='word_1_190' title='bbox 94 2068 163 2121; x_wconf 84' lang='lat' dir='ltr'>tum</span> <span class='ocrx_word' id='word_1_191' title='bbox 185 2079 257 2122; x_wconf 82' lang='lat' dir='ltr'>com</span> <span class='ocrx_word' id='word_1_192' title='bbox 278 2058 420 2123; x_wconf 82' lang='lat' dir='ltr'>subiecto.</span> <span class='ocrx_word' id='word_1_193' title='bbox 444 2060 513 2124; x_wconf 91' lang='lat' dir='ltr'>lam</span> <span class='ocrx_word' id='word_1_194' title='bbox 536 2062 745 2145; x_wconf 90' lang='lat' dir='ltr'>perspicuum</span> <span class='ocrx_word' id='word_1_195' title='bbox 767 2069 815 2122; x_wconf 87' lang='lat' dir='ltr'>est</span> <span class='ocrx_word' id='word_1_196' title='bbox 834 2078 915 2133; x_wconf 86' lang='lat' dir='ltr'>esse,</span> <span class='ocrx_word' id='word_1_197' title='bbox 936 2055 1024 2142; x_wconf 93' lang='lat' dir='ltr'>quod</span> <span class='ocrx_word' id='word_1_198' title='bbox 1048 2076 1166 2133; x_wconf 90' lang='lat' dir='ltr'>uuum,</span> 
     </span>
     <span class='ocr_line' id='line_1_25' title="bbox 95 2138 1167 2225; baseline -0.001 -23"><span class='ocrx_word' id='word_1_199' title='bbox 95 2138 248 2224; x_wconf 88' lang='lat' dir='ltr'>idemque</span> <span class='ocrx_word' id='word_1_200' title='bbox 269 2150 318 2204; x_wconf 90' lang='lat' dir='ltr'>est</span> <span class='ocrx_word' id='word_1_201' title='bbox 339 2161 376 2204; x_wconf 88' lang='lat' dir='ltr'>ac</span> <span class='ocrx_word' id='word_1_202' title='bbox 401 2140 459 2205; x_wconf 87' lang='lat' dir='ltr'>Dei</span> <span class='ocrx_word' id='word_1_203' title='bbox 482 2142 642 2217; x_wconf 86' lang='lat' dir='ltr'>Essentia,</span> <span class='ocrx_word' id='word_1_204' title='bbox 667 2142 785 2225; x_wconf 91' lang='lat' dir='ltr'>prima,</span> <span class='ocrx_word' id='word_1_205' title='bbox 808 2158 871 2203; x_wconf 90' lang='lat' dir='ltr'>non</span> <span class='ocrx_word' id='word_1_206' title='bbox 896 2159 971 2203; x_wconf 89' lang='lat' dir='ltr'>vero</span> <span class='ocrx_word' id='word_1_207' title='bbox 990 2139 1094 2204; x_wconf 87' lang='lat' dir='ltr'>altera</span> <span class='ocrx_word' id='word_1_208' title='bbox 1119 2158 1167 2201; x_wconf 87' lang='lat' dir='ltr'>ra·</span> 
     </span>
     <span class='ocr_line' id='line_1_26' title="bbox 94 2218 1168 2308; baseline -0.003 -22"><span class='ocrx_word' id='word_1_209' title='bbox 94 2223 183 2286; x_wconf 89' lang='lat' dir='ltr'>tione</span> <span class='ocrx_word' id='word_1_210' title='bbox 207 2220 455 2307; x_wconf 79' lang='lat' dir='ltr'>intelligendum</span> <span class='ocrx_word' id='word_1_211' title='bbox 478 2241 560 2299; x_wconf 90' lang='lat' dir='ltr'>esse;</span> <span class='ocrx_word' id='word_1_212' title='bbox 584 2244 622 2287; x_wconf 90' lang='lat' dir='ltr'>ac</span> <span class='ocrx_word' id='word_1_213' title='bbox 638 2220 775 2308; x_wconf 89' lang='lat' dir='ltr'>proinde</span> <span class='ocrx_word' id='word_1_214' title='bbox 797 2247 814 2284; x_wconf 79' lang='lat' dir='ltr'>o</span> <span class='ocrx_word' id='word_1_215' title='bbox 840 2221 945 2303; x_wconf 89' lang='lat' dir='ltr'>primo</span> <span class='ocrx_word' id='word_1_216' title='bbox 967 2218 1065 2284; x_wconf 90' lang='lat' dir='ltr'>modo</span> <span class='ocrx_word' id='word_1_217' title='bbox 1085 2221 1168 2284; x_wconf 86' lang='lat' dir='ltr'>acci-</span> 
     </span>
     <span class='ocr_line' id='line_1_27' title="bbox 95 2301 1166 2389; baseline -0.002 -22"><span class='ocrx_word' id='word_1_218' title='bbox 95 2301 213 2387; x_wconf 92' lang='lat' dir='ltr'>piendo</span> <span class='ocrx_word' id='word_1_219' title='bbox 233 2324 293 2366; x_wconf 85' lang='lat' dir='ltr'>esse</span> <span class='ocrx_word' id='word_1_220' title='bbox 318 2351 326 2379; x_wconf 92' lang='lat'>,</span> <span class='ocrx_word' id='word_1_221' title='bbox 350 2324 413 2366; x_wconf 94' lang='lat' dir='ltr'>non</span> <span class='ocrx_word' id='word_1_222' title='bbox 436 2324 607 2389; x_wconf 90' lang='lat' dir='ltr'>possumus</span> <span class='ocrx_word' id='word_1_223' title='bbox 629 2307 713 2371; x_wconf 91' lang='lat' dir='ltr'>scire</span> <span class='ocrx_word' id='word_1_224' title='bbox 729 2303 807 2368; x_wconf 85' lang='lat' dir='ltr'>Esse</span> <span class='ocrx_word' id='word_1_225' title='bbox 817 2303 894 2379; x_wconf 86' lang='lat' dir='ltr'>Dei,</span> <span class='ocrx_word' id='word_1_226' title='bbox 910 2304 997 2368; x_wconf 86' lang='lat' dir='ltr'>sicul</span> <span class='ocrx_word' id='word_1_227' title='bbox 1011 2322 1070 2367; x_wconf 91' lang='lat' dir='ltr'>nec</span> <span class='ocrx_word' id='word_1_228' title='bbox 1085 2304 1166 2367; x_wconf 89' lang='lat' dir='ltr'>Eius</span> 
     </span>
     <span class='ocr_line' id='line_1_28' title="bbox 94 2382 1166 2468; baseline -0.001 -20"><span class='ocrx_word' id='word_1_229' title='bbox 94 2386 280 2460; x_wconf 87' lang='lat' dir='ltr'>essentiam,</span> <span class='ocrx_word' id='word_1_230' title='bbox 305 2384 360 2450; x_wconf 88' lang='lat' dir='ltr'>sed</span> <span class='ocrx_word' id='word_1_231' title='bbox 383 2385 488 2451; x_wconf 90' lang='lat' dir='ltr'>solum</span> <span class='ocrx_word' id='word_1_232' title='bbox 510 2387 652 2451; x_wconf 92' lang='lat' dir='ltr'>secundo</span> <span class='ocrx_word' id='word_1_233' title='bbox 674 2384 796 2459; x_wconf 92' lang='lat' dir='ltr'>mod0;</span> <span class='ocrx_word' id='word_1_234' title='bbox 819 2386 941 2449; x_wconf 88' lang='lat' dir='ltr'>scimus</span> <span class='ocrx_word' id='word_1_235' title='bbox 968 2385 1057 2447; x_wconf 90' lang='lat' dir='ltr'>enim</span> <span class='ocrx_word' id='word_1_236' title='bbox 1078 2382 1166 2468; x_wconf 91' lang='lat' dir='ltr'>quod</span> 
     </span>
     <span class='ocr_line' id='line_1_29' title="bbox 94 2465 1165 2552; baseline -0.001 -22"><span class='ocrx_word' id='word_1_237' title='bbox 94 2466 174 2532; x_wconf 89' lang='lat' dir='ltr'>baec</span> <span class='ocrx_word' id='word_1_238' title='bbox 195 2467 387 2552; x_wconf 89' lang='lat' dir='ltr'>propositio,</span> <span class='ocrx_word' id='word_1_239' title='bbox 408 2487 508 2551; x_wconf 90' lang='lat' dir='ltr'>quam</span> <span class='ocrx_word' id='word_1_240' title='bbox 531 2467 710 2531; x_wconf 77' lang='lat' dir='ltr'>formamus</span> <span class='ocrx_word' id='word_1_241' title='bbox 729 2466 769 2533; x_wconf 91' lang='lat' dir='ltr'>de</span> <span class='ocrx_word' id='word_1_242' title='bbox 793 2468 876 2541; x_wconf 87' lang='lat' dir='ltr'>Deo,</span> <span class='ocrx_word' id='word_1_243' title='bbox 898 2485 972 2529; x_wconf 92' lang='lat' dir='ltr'>cum</span> <span class='ocrx_word' id='word_1_244' title='bbox 995 2465 1165 2540; x_wconf 89' lang='lat' dir='ltr'>dicimus,</span> 
     </span>
     <span class='ocr_line' id='line_1_30' title="bbox 96 2545 1164 2626; baseline 0 -17"><span class='ocrx_word' id='word_1_245' title='bbox 96 2548 179 2611; x_wconf 83' lang='lat' dir='ltr'>Deos</span> <span class='ocrx_word' id='word_1_246' title='bbox 200 2561 256 2626; x_wconf 87' lang='lat' dir='ltr'>est,</span> <span class='ocrx_word' id='word_1_247' title='bbox 280 2570 358 2613; x_wconf 90' lang='lat' dir='ltr'>vera</span> <span class='ocrx_word' id='word_1_248' title='bbox 379 2559 439 2623; x_wconf 89' lang='lat' dir='ltr'>est,</span> <span class='ocrx_word' id='word_1_249' title='bbox 462 2557 495 2612; x_wconf 86' lang='lat' dir='ltr'>et</span> <span class='ocrx_word' id='word_1_250' title='bbox 517 2548 575 2612; x_wconf 93' lang='lat' dir='ltr'>boc</span> <span class='ocrx_word' id='word_1_251' title='bbox 608 2550 728 2613; x_wconf 90' lang='lat' dir='ltr'>scimus</span> <span class='ocrx_word' id='word_1_252' title='bbox 749 2570 791 2613; x_wconf 78' lang='lat' dir='ltr'>es</span> <span class='ocrx_word' id='word_1_253' title='bbox 814 2550 896 2613; x_wconf 86' lang='lat' dir='ltr'>Eius</span> <span class='ocrx_word' id='word_1_254' title='bbox 917 2545 1112 2612; x_wconf 81' lang='lat' dir='ltr'>ellectibus²</span> <span class='ocrx_word' id='word_1_255' title='bbox 1137 2571 1164 2610; x_wconf 81' lang='lat' dir='ltr'>n.</span> 
     </span>
     <span class='ocr_line' id='line_1_31' title="bbox 95 2626 1167 2713; baseline 0 -20"><span class='ocrx_word' id='word_1_256' title='bbox 95 2627 269 2706; x_wconf 85' lang='lat' dir='ltr'>Celerum,</span> <span class='ocrx_word' id='word_1_257' title='bbox 292 2630 350 2694; x_wconf 90' lang='lat' dir='ltr'>etsi</span> <span class='ocrx_word' id='word_1_258' title='bbox 375 2630 556 2694; x_wconf 85' lang='lat' dir='ltr'>Essentiam</span> <span class='ocrx_word' id='word_1_259' title='bbox 578 2630 641 2695; x_wconf 87' lang='lat' dir='ltr'>Dei</span> <span class='ocrx_word' id='word_1_260' title='bbox 665 2650 727 2694; x_wconf 91' lang='lat' dir='ltr'>non</span> <span class='ocrx_word' id='word_1_261' title='bbox 750 2626 1084 2713; x_wconf 88' lang='lat' dir='ltr'>comprehendamus,</span> <span class='ocrx_word' id='word_1_262' title='bbox 1107 2648 1167 2693; x_wconf 88' lang='lat' dir='ltr'>seu</span> 
     </span>
     <span class='ocr_line' id='line_1_32' title="bbox 96 2709 1166 2807; baseline 0.002 -34"><span class='ocrx_word' id='word_1_263' title='bbox 96 2729 160 2773; x_wconf 90' lang='lat' dir='ltr'>non</span> <span class='ocrx_word' id='word_1_264' title='bbox 180 2730 424 2807; x_wconf 70' lang='lat' dir='ltr'>cognoscemus,</span> <span class='ocrx_word' id='word_1_265' title='bbox 446 2723 598 2795; x_wconf 82' lang='lat' dir='ltr'>qnantum</span> <span class='ocrx_word' id='word_1_266' title='bbox 627 2713 662 2775; x_wconf 83' lang='lat' dir='ltr'>io</span> <span class='ocrx_word' id='word_1_267' title='bbox 682 2732 712 2774; x_wconf 87' lang='lat' dir='ltr'>sc</span> <span class='ocrx_word' id='word_1_268' title='bbox 733 2709 949 2791; x_wconf 79' lang='lat' dir='ltr'>copooscibilis</span> <span class='ocrx_word' id='word_1_269' title='bbox 970 2720 1035 2785; x_wconf 86' lang='lat' dir='ltr'>est,</span> <span class='ocrx_word' id='word_1_270' title='bbox 1061 2720 1166 2775; x_wconf 88' lang='lat' dir='ltr'>tamen</span> 
     </span>
    </p>
   </div>
   <div class='ocr_carea' id='block_1_3' title="bbox 96 2788 1168 2878">
    <p class='ocr_par' dir='ltr' id='par_1_5' title="bbox 96 2788 1168 2878">
     <span class='ocr_line' id='line_1_33' title="bbox 96 2788 1168 2878; baseline 0.001 -23"><span class='ocrx_word' id='word_1_271' title='bbox 96 2788 206 2878; x_wconf 88' lang='lat' dir='ltr'>aliqua</span> <span class='ocrx_word' id='word_1_272' title='bbox 229 2790 421 2877; x_wconf 79' lang='lat' dir='ltr'>imperfecta</span> <span class='ocrx_word' id='word_1_273' title='bbox 443 2797 582 2869; x_wconf 88' lang='lat' dir='ltr'>ratione,</span> <span class='ocrx_word' id='word_1_274' title='bbox 604 2802 640 2859; x_wconf 95' lang='lat' dir='ltr'>ut</span> <span class='ocrx_word' id='word_1_275' title='bbox 662 2814 738 2858; x_wconf 85' lang='lat' dir='ltr'>mox</span> <span class='ocrx_word' id='word_1_276' title='bbox 759 2792 916 2868; x_wconf 86' lang='lat' dir='ltr'>dicemus,</span> <span class='ocrx_word' id='word_1_277' title='bbox 937 2791 1019 2855; x_wconf 84' lang='lat' dir='ltr'>Eam</span> <span class='ocrx_word' id='word_1_278' title='bbox 1038 2792 1168 2876; x_wconf 76' lang='lat' dir='ltr'>attingi·</span> 
     </span>
    </p>
   </div>
   <div class='ocr_carea' id='block_1_4' title="bbox 96 2988 1168 3706">
    <p class='ocr_par' dir='ltr' id='par_1_6' title="bbox 97 2988 1168 3132">
     <span class='ocr_line' id='line_1_34' title="bbox 135 2988 1168 3059; baseline 0.003 -14"><span class='ocrx_word' id='word_1_279' title='bbox 135 2992 143 3031; x_wconf 87' lang='lat'><strong>¹</strong></span> <span class='ocrx_word' id='word_1_280' title='bbox 163 2988 199 3045; x_wconf 75' lang='lat' dir='ltr'>(ll</span> <span class='ocrx_word' id='word_1_281' title='bbox 210 2995 352 3053; x_wconf 65' lang='lat' dir='ltr'>erronei,</span> <span class='ocrx_word' id='word_1_282' title='bbox 366 2995 419 3047; x_wconf 89' lang='lat' dir='ltr'>loc.</span> <span class='ocrx_word' id='word_1_283' title='bbox 434 2998 496 3053; x_wconf 81' lang='lat' dir='ltr'>cit..</span> <span class='ocrx_word' id='word_1_284' title='bbox 510 3010 537 3059; x_wconf 91' lang='lat' dir='ltr'>p.</span> <span class='ocrx_word' id='word_1_285' title='bbox 552 2995 617 3055; x_wconf 75' lang='lat'>283,</span> <span class='ocrx_word' id='word_1_286' title='bbox 632 2998 686 3046; x_wconf 86' lang='lat' dir='ltr'>rol.</span> <span class='ocrx_word' id='word_1_287' title='bbox 702 2994 723 3045; x_wconf 94' lang='grc' dir='ltr'>Ι.</span> <span class='ocrx_word' id='word_1_288' title='bbox 744 2990 779 3047; x_wconf 84' lang='lat' dir='ltr'>Cl</span> <span class='ocrx_word' id='word_1_289' title='bbox 796 2998 880 3047; x_wconf 85' lang='lat' dir='ltr'>etism</span> <span class='ocrx_word' id='word_1_290' title='bbox 900 2995 1081 3047; x_wconf 82' lang='lat' dir='ltr'>definitionem</span> <span class='ocrx_word' id='word_1_291' title='bbox 1100 2992 1168 3049; x_wconf 84' lang='lat' dir='ltr'>Con-</span> 
     </span>
     <span class='ocr_line' id='line_1_35' title="bbox 97 3064 1165 3132; baseline 0 -13"><span class='ocrx_word' id='word_1_292' title='bbox 97 3068 152 3119; x_wconf 87' lang='lat' dir='ltr'>cilil</span> <span class='ocrx_word' id='word_1_293' title='bbox 173 3064 305 3124; x_wconf 79' lang='lat' dir='ltr'>Vaticani,</span> <span class='ocrx_word' id='word_1_294' title='bbox 319 3082 400 3131; x_wconf 81' lang='lat' dir='ltr'>qiram</span> <span class='ocrx_word' id='word_1_295' title='bbox 418 3070 608 3132; x_wconf 79' lang='lat' dir='ltr'>exscripsimus</span> <span class='ocrx_word' id='word_1_296' title='bbox 622 3069 648 3117; x_wconf 90' lang='lat' dir='ltr'>in</span> <span class='ocrx_word' id='word_1_297' title='bbox 663 3070 756 3125; x_wconf 82' lang='lat' dir='ltr'>ideal..</span> <span class='ocrx_word' id='word_1_298' title='bbox 771 3066 1041 3131; x_wconf 61' lang='lat' dir='ltr'>crespelano.</span> <span class='ocrx_word' id='word_1_299' title='bbox 1057 3068 1165 3128; x_wconf 80' lang='lat' dir='ltr'>l‚vol.l.</span> 
     </span>
    </p>

    <p class='ocr_par' dir='ltr' id='par_1_7' title="bbox 96 3136 1166 3706">
     <span class='ocr_line' id='line_1_36' title="bbox 131 3136 1166 3204; baseline 0.003 -16"><span class='ocrx_word' id='word_1_300' title='bbox 131 3136 193 3197; x_wconf 85' lang='lat'>²1,</span> <span class='ocrx_word' id='word_1_301' title='bbox 214 3152 242 3202; x_wconf 92' lang='lat' dir='ltr'>q.</span> <span class='ocrx_word' id='word_1_302' title='bbox 264 3136 319 3196; x_wconf 89' lang='grc' dir='ltr'>ΙΙΙ,</span> <span class='ocrx_word' id='word_1_303' title='bbox 340 3153 366 3188; x_wconf 85' lang='lat' dir='ltr'>e.</span> <span class='ocrx_word' id='word_1_304' title='bbox 387 3140 404 3187; x_wconf 85' lang='grc' dir='ltr'>Ι</span> <span class='ocrx_word' id='word_1_305' title='bbox 423 3140 455 3189; x_wconf 79' lang='lat' dir='ltr'>ad</span> <span class='ocrx_word' id='word_1_306' title='bbox 475 3139 503 3188; x_wconf 69' lang='grc' dir='ltr'>Ι.</span> <span class='ocrx_word' id='word_1_307' title='bbox 527 3160 537 3185; x_wconf 82' lang='grc' dir='ltr'>ι</span> <span class='ocrx_word' id='word_1_308' title='bbox 560 3137 615 3190; x_wconf 88' lang='lat' dir='ltr'>Nec</span> <span class='ocrx_word' id='word_1_309' title='bbox 635 3142 705 3199; x_wconf 87' lang='lat' dir='ltr'>boc,</span> <span class='ocrx_word' id='word_1_310' title='bbox 728 3141 798 3190; x_wconf 89' lang='lat' dir='ltr'>idem</span> <span class='ocrx_word' id='word_1_311' title='bbox 817 3147 927 3191; x_wconf 79' lang='lat' dir='ltr'>sauctus</span> <span class='ocrx_word' id='word_1_312' title='bbox 948 3138 1045 3190; x_wconf 78' lang='lat' dir='ltr'>Doutm</span> <span class='ocrx_word' id='word_1_313' title='bbox 1072 3142 1166 3204; x_wconf 81' lang='lat' dir='ltr'>lnquit,</span> 
     </span>
     <span class='ocr_line' id='line_1_37' title="bbox 96 3208 1165 3275; baseline 0.005 -16"><span class='ocrx_word' id='word_1_314' title='bbox 96 3212 174 3261; x_wconf 84' lang='lat' dir='ltr'>debet</span> <span class='ocrx_word' id='word_1_315' title='bbox 193 3222 321 3267; x_wconf 89' lang='lat' dir='ltr'>movere,</span> <span class='ocrx_word' id='word_1_316' title='bbox 347 3212 417 3274; x_wconf 84' lang='lat' dir='ltr'>quod</span> <span class='ocrx_word' id='word_1_317' title='bbox 437 3213 464 3260; x_wconf 91' lang='lat' dir='ltr'>in</span> <span class='ocrx_word' id='word_1_318' title='bbox 485 3209 538 3260; x_wconf 85' lang='lat' dir='ltr'>Deo</span> <span class='ocrx_word' id='word_1_319' title='bbox 563 3213 634 3262; x_wconf 86' lang='lat' dir='ltr'>idem</span> <span class='ocrx_word' id='word_1_320' title='bbox 653 3217 693 3262; x_wconf 89' lang='lat' dir='ltr'>est</span> <span class='ocrx_word' id='word_1_321' title='bbox 712 3208 852 3270; x_wconf 78' lang='lat' dir='ltr'>Essentle,</span> <span class='ocrx_word' id='word_1_322' title='bbox 878 3217 906 3262; x_wconf 89' lang='lat' dir='ltr'>et</span> <span class='ocrx_word' id='word_1_323' title='bbox 932 3214 1012 3269; x_wconf 76' lang='lat' dir='ltr'>Esse,</span> <span class='ocrx_word' id='word_1_324' title='bbox 1033 3216 1063 3262; x_wconf 91' lang='lat' dir='ltr'>ut</span> <span class='ocrx_word' id='word_1_325' title='bbox 1084 3216 1165 3275; x_wconf 73' lang='lat' dir='ltr'>purus</span> 
     </span>
     <span class='ocr_line' id='line_1_38' title="bbox 98 3280 1165 3347; baseline 0.003 -17"><span class='ocrx_word' id='word_1_326' title='bbox 98 3287 166 3331; x_wconf 84' lang='lat' dir='ltr'>ratio</span> <span class='ocrx_word' id='word_1_327' title='bbox 185 3282 358 3342; x_wconf 82' lang='lat' dir='ltr'>proponebat.</span> <span class='ocrx_word' id='word_1_328' title='bbox 380 3280 446 3331; x_wconf 84' lang='lat' dir='ltr'>Nem</span> <span class='ocrx_word' id='word_1_329' title='bbox 465 3283 516 3333; x_wconf 88' lang='lat' dir='ltr'>boc</span> <span class='ocrx_word' id='word_1_330' title='bbox 535 3283 694 3346; x_wconf 75' lang='lat' dir='ltr'>intelligitur</span> <span class='ocrx_word' id='word_1_331' title='bbox 711 3284 743 3333; x_wconf 89' lang='lat' dir='ltr'>de</span> <span class='ocrx_word' id='word_1_332' title='bbox 769 3286 851 3341; x_wconf 80' lang='lat' dir='ltr'>Esse,</span> <span class='ocrx_word' id='word_1_333' title='bbox 874 3298 927 3347; x_wconf 89' lang='lat' dir='ltr'>quo</span> <span class='ocrx_word' id='word_1_334' title='bbox 948 3282 1016 3333; x_wconf 83' lang='lat' dir='ltr'>Deus</span> <span class='ocrx_word' id='word_1_335' title='bbox 1036 3286 1063 3334; x_wconf 88' lang='lat' dir='ltr'>tu</span> <span class='ocrx_word' id='word_1_336' title='bbox 1083 3286 1165 3347; x_wconf 84' lang='lat' dir='ltr'>seipso</span> 
     </span>
     <span class='ocr_line' id='line_1_39' title="bbox 97 3352 1164 3417; baseline 0.007 -18"><span class='ocrx_word' id='word_1_337' title='bbox 97 3352 227 3409; x_wconf 86' lang='lat' dir='ltr'>subsistit,</span> <span class='ocrx_word' id='word_1_338' title='bbox 248 3353 318 3415; x_wconf 88' lang='lat' dir='ltr'>quod</span> <span class='ocrx_word' id='word_1_339' title='bbox 338 3354 412 3402; x_wconf 86' lang='lat' dir='ltr'>nobis</span> <span class='ocrx_word' id='word_1_340' title='bbox 431 3354 510 3415; x_wconf 76' lang='lat' dir='ltr'>quale</span> <span class='ocrx_word' id='word_1_341' title='bbox 528 3355 572 3410; x_wconf 86' lang='lat' dir='ltr'>sit,</span> <span class='ocrx_word' id='word_1_342' title='bbox 594 3355 712 3417; x_wconf 72' lang='lat' dir='ltr'>ignotum</span> <span class='ocrx_word' id='word_1_343' title='bbox 732 3360 782 3411; x_wconf 85' lang='lat' dir='ltr'>est,</span> <span class='ocrx_word' id='word_1_344' title='bbox 797 3356 866 3404; x_wconf 81' lang='lat' dir='ltr'>sieut</span> <span class='ocrx_word' id='word_1_345' title='bbox 886 3352 951 3406; x_wconf 78' lang='lat' dir='ltr'>Eius</span> <span class='ocrx_word' id='word_1_346' title='bbox 969 3356 1096 3411; x_wconf 66' lang='lat' dir='ltr'>ementior</span> <span class='ocrx_word' id='word_1_347' title='bbox 1116 3370 1164 3407; x_wconf 87' lang='lat' dir='ltr'>nou</span> 
     </span>
     <span class='ocr_line' id='line_1_40' title="bbox 96 3424 1165 3487; baseline 0.009 -20"><span class='ocrx_word' id='word_1_348' title='bbox 96 3427 188 3469; x_wconf 86' lang='lat' dir='ltr'>autem</span> <span class='ocrx_word' id='word_1_349' title='bbox 208 3424 363 3484; x_wconf 68' lang='lat' dir='ltr'>intelligitur</span> <span class='ocrx_word' id='word_1_350' title='bbox 380 3425 413 3473; x_wconf 88' lang='lat' dir='ltr'>de</span> <span class='ocrx_word' id='word_1_351' title='bbox 432 3439 501 3481; x_wconf 77' lang='lat' dir='ltr'>erse,</span> <span class='ocrx_word' id='word_1_352' title='bbox 521 3426 591 3486; x_wconf 88' lang='lat' dir='ltr'>quod</span> <span class='ocrx_word' id='word_1_353' title='bbox 610 3426 742 3487; x_wconf 75' lang='lat' dir='ltr'>significat</span> <span class='ocrx_word' id='word_1_354' title='bbox 760 3428 979 3487; x_wconf 82' lang='lat' dir='ltr'>compositionem</span> <span class='ocrx_word' id='word_1_355' title='bbox 1005 3428 1165 3486; x_wconf 65' lang='lat' dir='ltr'>intellectori</span> 
     </span>
     <span class='ocr_line' id='line_1_41' title="bbox 98 3490 1166 3555; baseline 0.013 -21"><span class='ocrx_word' id='word_1_356' title='bbox 98 3490 137 3535; x_wconf 83' lang='lat' dir='ltr'>sic</span> <span class='ocrx_word' id='word_1_357' title='bbox 156 3492 226 3539; x_wconf 88' lang='lat' dir='ltr'>enim</span> <span class='ocrx_word' id='word_1_358' title='bbox 245 3508 303 3541; x_wconf 87' lang='lat' dir='ltr'>esse</span> <span class='ocrx_word' id='word_1_359' title='bbox 323 3491 426 3550; x_wconf 80' lang='lat' dir='ltr'>Deum,</span> <span class='ocrx_word' id='word_1_360' title='bbox 447 3496 496 3543; x_wconf 85' lang='lat' dir='ltr'>sub</span> <span class='ocrx_word' id='word_1_361' title='bbox 514 3496 739 3545; x_wconf 82' lang='lat' dir='ltr'>demonstratione</span> <span class='ocrx_word' id='word_1_362' title='bbox 765 3498 857 3555; x_wconf 83' lang='lat' dir='ltr'>cadit,</span> <span class='ocrx_word' id='word_1_363' title='bbox 883 3498 946 3546; x_wconf 87' lang='lat' dir='ltr'>dum</span> <span class='ocrx_word' id='word_1_364' title='bbox 970 3498 1166 3548; x_wconf 75' lang='lat' dir='ltr'>curationibus</span> 
     </span>
     <span class='ocr_line' id='line_1_42' title="bbox 99 3558 1165 3630; baseline 0.014 -24"><span class='ocrx_word' id='word_1_365' title='bbox 99 3558 311 3610; x_wconf 79' lang='lat' dir='ltr'>demonstrativis</span> <span class='ocrx_word' id='word_1_366' title='bbox 331 3577 404 3613; x_wconf 87' lang='lat' dir='ltr'>mens</span> <span class='ocrx_word' id='word_1_367' title='bbox 423 3571 512 3613; x_wconf 85' lang='lat' dir='ltr'>nostra</span> <span class='ocrx_word' id='word_1_368' title='bbox 532 3567 669 3615; x_wconf 78' lang='lat' dir='ltr'>inducitur</span> <span class='ocrx_word' id='word_1_369' title='bbox 682 3568 833 3617; x_wconf 69' lang='lat' dir='ltr'>instiusmodi</span> <span class='ocrx_word' id='word_1_370' title='bbox 852 3570 1054 3630; x_wconf 89' lang='lat' dir='ltr'>propositonero</span> <span class='ocrx_word' id='word_1_371' title='bbox 1068 3569 1102 3618; x_wconf 87' lang='lat' dir='ltr'>do</span> <span class='ocrx_word' id='word_1_372' title='bbox 1115 3568 1165 3621; x_wconf 85' lang='lat' dir='ltr'>lJeo</span> 
     </span>
     <span class='ocr_line' id='line_1_43' title="bbox 100 3628 1133 3706; baseline 0.015 -26"><span class='ocrx_word' id='word_1_373' title='bbox 100 3628 228 3687; x_wconf 78' lang='lat' dir='ltr'>tornare,</span> <span class='ocrx_word' id='word_1_374' title='bbox 248 3644 317 3695; x_wconf 80' lang='lat' dir='ltr'>quse</span> <span class='ocrx_word' id='word_1_375' title='bbox 335 3635 466 3697; x_wconf 84' lang='lat' dir='ltr'>exprimat</span> <span class='ocrx_word' id='word_1_376' title='bbox 486 3634 570 3688; x_wconf 83' lang='lat' dir='ltr'>Deum</span> <span class='ocrx_word' id='word_1_377' title='bbox 589 3652 647 3690; x_wconf 81' lang='lat' dir='ltr'>esse</span> <span class='ocrx_word' id='word_1_378' title='bbox 664 3658 689 3700; x_wconf 66' lang='grc' dir='ltr'>ις</span> <span class='ocrx_word' id='word_1_379' title='bbox 705 3642 794 3693; x_wconf 81' lang='lat' dir='ltr'>contr.</span> <span class='ocrx_word' id='word_1_380' title='bbox 815 3641 903 3702; x_wconf 72' lang='lat' dir='ltr'>Geren,</span> <span class='ocrx_word' id='word_1_381' title='bbox 931 3640 975 3691; x_wconf 85' lang='lat' dir='ltr'>lib.</span> <span class='ocrx_word' id='word_1_382' title='bbox 997 3637 1018 3702; x_wconf 88' lang='lat' dir='ltr'>l,</span> <span class='ocrx_word' id='word_1_383' title='bbox 1038 3652 1065 3693; x_wconf 84' lang='lat' dir='ltr'>o.</span> <span class='ocrx_word' id='word_1_384' title='bbox 1090 3638 1133 3706; x_wconf 70' lang='grc' dir='ltr'>ΙΙ.</span> 
     </span>
    </p>
   </div>
   <div class='ocr_carea' id='block_1_5' title="bbox 0 0 1246 3909">
    <p class='ocr_par' dir='ltr' id='par_1_8' title="bbox 0 0 1246 3909">
     <span class='ocr_line' id='line_1_44' title="bbox 0 0 1246 3909; baseline 0 0"><span class='ocrx_word' id='word_1_385' title='bbox 0 0 1246 3909; x_wconf 95' lang='lat' dir='ltr'> </span> 
     </span>
    </p>
   </div>
  </div>
 </body>
</html>
