2475 3909
472 190 730 241 cutrsalotodta
1041 170 1103 236 263

111 273 165 340 93.
191 272 242 338 Ad
257 270 452 340 reieiiendas
474 283 583 338 autern
598 272 703 360 Bapiii
719 274 744 351 ¹,
761 271 964 367 aliorumque
987 266 1144 335 obiectio-

73 373 129 417 nes
155 354 302 420 diximus
334 355 368 418 in
394 356 645 432 enunciatione,
674 353 839 419 dummodo
870 352 997 417 critices
1023 351 1145 433 reputor

72 447 248 501 servemur.
271 436 401 504 Etenim
430 457 487 501 nos
512 438 538 501 ii
560 458 626 500 non
647 456 783 513 sumus,
805 434 862 520 qui
909 452 1069 517 ugnemus
1091 454 1146 498 ae-

73 535 138 599 que
160 516 260 602 digna
281 538 349 582 esse
372 515 434 582 tide
456 527 572 584 cuncta
595 518 696 597 iacta,
717 538 801 605 quae
824 514 865 581 ab
885 454 1050 581 historicis
1072 534 1146 578 nar·

73 608 199 693 rantum
223 597 278 664 sed
302 600 334 664 in
349 599 426 743 diiiis
447 599 600 696 tegendis.
614 621 690 665 sera
706 623 725 665 a
740 599 843 675 falsis3
866 607 1017 741 certapne
1040 592 1080 658 ab
1096 596 1146 659 in-

71 687 688 848 fatuitatiauiditati:
709 682 960 846 hadistat
973 685 1147 855 “isitii

73 842 202 927 aliquos
222 853 377 921 eventus,
399 846 456 931 qui
480 864 540 930 pro
561 848 647 909 veris
668 844 728 909 diu
750 843 853 910 habiti
876 851 962 939 sunt,
985 851 1146 924 temporis

73 942 270 1068 progressu,
294 924 391 992 iaisos
422 924 565 992 detectos
600 924 715 992 fuisse.
749 928 838 1011 Ergo
866 945 894 989 sr
927 919 1146 1007 quorumdam

89 1015 237 1071 actorum
260 1006 383 1072 falsitas
405 1007 527 1073 detecta
549 1006 679 1074 tandem
702 1006 778 1085 init,
794 1015 924 1105 oportet
944 1001 1075 1089 regulas
1098 1022 1147 1067 es-

72 1107 120 1163 se,
143 1109 283 1172 quarum
297 1110 360 1174 ope
376 1110 470 1154 verae
493 1092 729 1157 narrationesa
750 1089 841 1155 iaisrs
862 1086 985 1153 secerni
1008 1094 1145 1171 queunt,

73 1188 111 1232 ac
135 1168 273 1255 proinde
295 1171 371 1238 iicet
393 1170 498 1248 nobis,
515 1171 581 1236 iilis
602 1173 749 1249 servatis,
770 1170 929 1237 factorum
953 1167 1146 1251 praeterito-

73 1272 150 1314 rum
171 1264 293 1317 certam
314 1253 463 1318 notitiam
487 1255 628 1339 assequi.
652 1254 690 1319 E.
715 1274 766 1338 gc,
783 1263 905 1319 ceriam
927 1247 1026 1314 faciet
1048 1245 1146 1311 iidem

74 1332 261 1411 historicus,
284 1335 311 1399 si
334 1343 459 1399 constet
480 1336 644 1402 neminem
665 1355 792 1410 eorum,
814 1335 900 1399 inter
921 1350 1003 1416 quos
1025 1327 1147 1393 scrihe-

74 1413 130 1479 bat
151 1414 409 1493 contradixisse,
431 1437 506 1481 cunr
536 1417 683 1503 ipsorum
708 1415 932 1491 interfuisset,
960 1434 1000 1476 ue
1024 1409 1148 1475 salsitas

74 1497 214 1593 posteris
242 1496 491 1573 traduceretur,
514 1499 541 1563 si
562 1498 663 1563 etiam
689 1506 761 1596 post
786 1497 950 1582 vulgatam
977 1492 1147 1558 historiam

74 1578 275 1662 integritate,
291 1600 486 1663 morumque
508 1581 722 1646 sanctimonra
746 1600 765 1642 a
786 1578 933 1652 coaevis,
949 1585 980 1641 et
1001 1594 1019 1638 a
1043 1582 1148 1658 posts-

73 1660 122 1723 ris
146 1658 300 1756 probatus
322 1658 441 1735 [uerit3
465 1661 492 1725 si
514 1660 663 1746 legitima
685 1660 820 1728 traditio
847 1658 1016 1725 veritatem
1038 1673 1148 1748 narra3

73 1741 172 1807 tionis
195 1751 346 1817 testetur;
369 1742 512 1807 maxime
534 1753 661 1822 autern,
685 1745 711 1807 si
735 1763 773 1807 ea
795 1741 934 1817 referat,
957 1754 1040 1824 quae
1064 1745 1148 1820 parti

73 1844 152 1887 snae
172 1822 306 1888 adversa
322 1832 408 1901 sunt,
423 1822 474 1887 vei
489 1824 722 1907 praeiudicatis
744 1818 957 1909 opinionibus
971 1817 1145 1888 obsistunt,

73 1904 125 1969 rei
148 1926 211 1969 non
234 1904 394 1990 gloriam,
418 1915 473 1969 aut
493 1902 647 1984 divitias,
671 1906 726 1971 sed
750 1904 860 1989 potius
880 1901 1044 1976 dedecus,
1070 1918 1148 1983 pau·

73 1997 251 2105 pertatem,
275 1986 557 2073 persecutionem,
582 1988 683 2052 immo
705 1986 810 2071 ipsam
833 1994 971 2050 mortem
998 1981 1047 2045 iiii
1069 1978 1149 2044 atie-

74 2077 153 2133 runt
184 2116 192 2131 .

404 2268 409 2275 q
467 2178 648 2245 carun
678 2180 750 2245 vu.

264 2303 423 2380 Quadam
443 2305 656 2385 qnneninnas
676 2304 768 2370 cirea
787 2302 964 2371 scriem

348 2391 386 2451 et
404 2386 638 2453 certitudinem
657 2386 885 2453 dissoiwntnr

217 2511 286 2563 arr.
309 2510 329 2563 i.
347 2510 481 2565 -Utrnm
502 2514 600 2564 veritas
618 2514 702 2576 logice
724 2514 758 2563 sit
777 2514 882 2575 propria
902 2512 1003 2567 iudicii.

369 2600 404 2635 an
424 2586 589 2648 perceptioni
607 2587 690 2635 etiarn
710 2585 852 2635 conveniet

110 2702 166 2767 94.
192 2702 244 2766 Ex
265 2700 360 2766 dictis
392 2700 470 2765 satis
501 2700 699 2786 perspicitur
731 2698 891 2765 iudicium
924 2718 993 2763 esse
1020 2718 1146 2773 verum,

69 2801 147 2846 curn
170 2782 354 2847 inteiiectus
375 2781 499 2867 aliquid
521 2802 596 2846 cum
617 2780 684 2847 aiio
698 2781 885 2864 coniungit,
907 2778 995 2864 quod
1018 2780 1082 2865 ipsi
1098 2800 1148 2845 re-

70 2884 151 2928 vera
174 2865 282 2939 inest,
304 2873 336 2928 et
357 2862 481 2948 aliquid
504 2862 545 2926 ab
567 2863 634 2928 aiio
661 2873 812 2948 separat,
835 2860 922 2946 quod
948 2862 1012 2959 ipsi
1035 2882 1148 2928 revera

71 2966 139 3009 nnn
159 2946 255 3020 inest;
271 2965 340 3010 esse
362 2956 473 3010 autem
487 2944 619 3017 salsum,
634 2964 710 3008 curo
728 2942 911 3010 intellectus
932 2943 1056 3030 ahquid
1072 2964 1147 3008 cum

72 3194 179 3232 menon
192 3182 313 3229 omnium
327 3180 529 3239 historicorum,
545 3183 590 3244 qni
610 3187 720 3231 eventus
740 3181 862 3230 omnibus
881 3183 958 3230 notus
976 3178 1073 3228 titteris
1086 3190 1149 3227 con-

71 3255 224 3317 signarunt.
246 3250 313 3301 iiiuc
326 3254 509 3315 imprudenter
528 3250 674 3304 Gennensis
692 3248 755 3319 (Op.
770 3254 824 3310 cit,
838 3252 891 3301 inc·
911 3252 972 3307 cit.,
992 3256 1007 3309 s
1030 3244 1073 3315 13)
1086 3262 1150 3299 nar·

72 3326 171 3375 nunni
193 3325 295 3383 unias,
315 3326 464 3374 autetiam
488 3325 603 3375 duorum
628 3326 815 3376 historicorum
840 3324 895 3373 rim
918 3321 1086 3374 certitudinis
1103 3322 1149 3372 de-

72 3400 194 3460 negarit.

109 3466 120 3503 ¹
145 3468 208 3518 Lero.
229 3468 289 3517 tter.
310 3468 383 3525 eric,
403 3467 513 3529 passim.

108 3536 215 3589 ²ilaec
234 3537 323 3589 omnir
342 3538 370 3588 in
389 3538 523 3590 historicis
542 3538 697 3600 hebreicae,
716 3542 743 3590 ot
763 3537 922 3589 christianae
940 3530 1083 3601 Religionis
1101 3548 1149 3587 cn·

71 3610 254 3665 mniriissims
272 3611 452 3664 inveniuntur.
