2475 3909
481 182 713 233 ornaurnoorn
1041 162 1101 231 169

74 263 128 346 qui
146 274 252 330 motus
266 265 430 350 appetitus
443 268 590 333 sensitivi
606 266 831 332 habitudinem
845 264 986 329 hominis
1001 265 1139 332 variant.

74 348 161 430 Ergo
184 368 226 410 ex
249 348 259 411 i
285 350 329 412 sis
355 348 515 426 efficitur,
539 359 576 414 ut
597 350 741 434 cognitio
755 347 854 424 boui,
876 357 909 411 et
923 346 1142 413 convenientis

75 436 231 493 mutetur.
255 368 294 493 ld
319 449 375 513 g.,
398 430 505 507 illud,
529 430 615 515 quod
639 430 770 497 videtur
796 429 992 495 conveniens
1013 427 1056 504 ei,
1081 429 1140 513 qni

75 510 123 573 ira
145 509 283 630 llagrat3
305 511 492 578 huiusmodi
518 533 582 577 non
609 510 777 578 iudicatur
797 512 838 575 ab
859 532 921 588 eo,
943 510 1002 594 qui
1024 522 1141 594 pacato

73 602 121 655 est
142 594 252 656 animo
284 640 292 655 .

110 673 185 738 ΞΜ.
209 673 360 738 Diximus
381 674 415 738 1⁰
437 674 472 738 in
492 674 678 759 quibusdam
700 674 835 749 celibum
857 694 932 739 nam
954 680 1029 737 sunt
1057 672 1140 735 mul-

71 754 92 815 ti
116 764 209 821 actus
230 756 417 835 voluntatis,
440 757 475 821 iu
497 756 618 839 quibus
641 758 803 842 appetitus
823 753 998 820 sensitivus
1019 752 1140 817 nullam

72 832 170 903 nabet
191 848 328 933 partem.
352 836 548 903 Huiusmodi
570 849 656 914 sunt,
673 860 702 902 e.
721 860 765 923 g.,
781 858 868 901 amor
882 838 1035 910 iustitiae,
1050 856 1141 900 amor

70 918 237 994 veritates,
262 919 385 1003 aliique
407 919 440 983 id
463 940 573 1003 genus.
598 919 752 985 Diximus
774 919 809 983 2⁰
832 940 871 981 ex
892 929 984 999 porte
1005 916 1138 997 obiecti,

69 1010 104 1063 ut
124 999 330 1086 intelligatur
356 1002 537 1086 appetitum
564 1002 755 1066 sensitivum
776 1000 855 1065 nihil
880 1001 913 1063 in
940 1000 1140 1065 voluntatem

68 1081 184 1144 directe
205 1102 314 1167 agere,
360 1085 415 1148 uia
438 1085 448 1147 i
474 1102 507 1146 se
529 1093 578 1147 est
622 1086 743 1149 olentia
771 1082 934 1148 voluntate
959 1081 1098 1147 inferior
1111 1084 1137 1145 ¹.

101 1162 181 1255 205.
204 1164 302 1248 Prop.
364 1213 372 1226 .
399 1102 585 1282 l'odlntos⁸
631 1166 881 1229 exercitationem
908 1174 994 1227 octus
1023 1174 1089 1227 tum
1119 1188 1139 1229 o

67 1255 272 1389 xgdldldlldd
291 1269 325 1391 ἲ·
336 1247 727 1411 lplilorslnldalleriitionibus
742 1326 815 1391 linis
830 1334 878 1390 est
893 1324 986 1397 illud,
1002 1326 1034 1390 iu
1049 1326 1138 1411 qnod

66 1406 217 1473 voluntas
240 1408 346 1493 primo
369 1408 525 1485 intendit3
551 1420 752 1494 quapropter
775 1409 807 1471 in
831 1407 1043 1477 politionibus
1064 1408 1137 1473 linis

66 1489 188 1555 merito
209 1499 418 1574 comparatur
439 1510 513 1554 cum
536 1510 590 1569 eo,
620 1492 708 1574 quod
732 1492 766 1555 in
789 1490 848 1564 iis,
876 1509 959 1573 quae
982 1487 1022 1552 ab
1045 1490 1138 1556 intel-

64 1567 149 1633 lectu
172 1580 424 1655 cognoscuntur,
446 1569 571 1638 dicitur
595 1572 807 1659 principium.
831 1570 930 1655 Atqui
956 1570 1138 1637 intellectus

62 1669 105 1714 ex
126 1670 261 1717 assensn
283 1652 521 1738 principiorum
541 1656 684 1740 seipsum
706 1660 814 1719 movet
835 1649 875 1714 ad
897 1652 1137 1719 assentiendum

63 1730 341 1798 conclusionibus.
364 1736 452 1821 Ergo
476 1735 624 1801 voluntas
646 1757 688 1800 ex
707 1735 863 1799 volitione
892 1730 965 1795 finis
994 1734 1138 1820 seipsam

62 1823 173 1879 movet
187 1813 228 1879 ad
242 1814 433 1882 volitionem
444 1837 573 1893 eorum,
585 1815 706 1902 quibus
718 1815 814 1880 linem
827 1814 978 1897 consequi
992 1825 1098 1899 potest
1108 1818 1134 1878 ⁴.

101 1894 176 1959 206.
191 1896 242 1961 Ex
255 1917 320 1981 qua
336 1901 618 1981 argumentatione
633 1896 806 1963 deducitur
820 1894 941 1960 nnllam
955 1916 1137 1985 repugnan-

61 1975 144 2040 tiam
166 1977 201 2040 in
222 1997 262 2042 eo
283 1977 516 2062 agnoscendam
539 2001 621 2056 esse,
643 1978 731 2065 quod
752 1978 900 2045 volontas
915 1977 1053 2062 seipsam
1068 1994 1136 2043 mo-

60 2066 126 2131 vet,
150 2060 244 2142 qnasi
266 2060 309 2124 sit
331 2058 430 2125 simul
451 2062 487 2126 in
507 2072 592 2139 ectu,
617 2070 713 2147 prout
733 2081 766 2125 se
788 2068 906 2133 movet,
922 2069 1019 2143 atque
1034 2060 1136 2145 inpo-

60 2138 175 2215 tentia,
199 2151 298 2225 prout
320 2151 480 2218 moretum
503 2164 592 2219 nam,
614 2154 651 2209 ut
672 2143 781 2227 inquit
802 2162 826 2205 s.
851 2140 1005 2216 Thomas,
1029 2162 1046 2202 c
1070 2162 1135 2209 non

59 2219 240 2314 meandum
261 2220 349 2286 idem
371 2225 520 2289 voluntas
540 2235 589 2291 est
609 2226 642 2290 in
664 2235 760 2301 actu,
783 2232 815 2288 et
836 2224 870 2287 in
893 2223 1052 2306 potentia,
1078 2222 1135 2291 sed

57 2322 92 2363 ιιι
113 2311 274 2386 quantum
295 2314 369 2368 actu
391 2305 461 2372 vult
481 2305 592 2385 finem,
612 2306 741 2373 reducit
761 2327 794 2372 se
816 2304 856 2369 de
879 2305 1022 2387 potentia
1044 2306 1079 2370 iu
1102 2326 1135 2369 a·

58 2393 149 2449 ctum
163 2395 322 2530 lrpqpectu
344 2406 472 2465 eornm,
493 2410 577 2474 quae
599 2389 726 2454 suntad
743 2388 851 2463 finem,
866 2385 1041 2451 utscilioet
1059 2396 1134 2453 actu

58 2484 98 2527 ea
122 2485 187 2529 ver
240 2489 269 2528 ι.

96 2546 172 2612 2⁰7.
194 2545 339 2624 Quodsi
361 2558 548 2634 quaeratur,
565 2551 644 2637 quid
668 2551 721 2627 sit,
744 2570 809 2635 quo
830 2550 994 2626 voluntas,
1018 2548 1052 2615 in
1075 2549 1135 2614 ali-

54 2648 157 2711 quem
179 2627 277 2694 linem
299 2628 480 2708 intendens,
498 2633 543 2696 sei
571 2652 638 2696 sam
655 2640 782 2697 moveat
795 2632 880 2696 circa
896 2651 947 2706 ea,
968 2651 1045 2715 quoe
1060 2643 1134 2697 sont

54 2710 96 2804 od
114 2709 222 2794 finem,
243 2710 458 2805 respondetur
478 2653 568 2779 illud
575 2715 750 2779 consistere
764 2713 799 2777 in
814 2732 864 2785 eo,
881 2709 969 2796 quod
983 2711 1132 2779 voluntas

54 2788 228 2856 rutendens
247 2812 282 2856 ιιι
304 2792 444 2889 aliquem
468 2793 580 2870 linem,
603 2796 691 2873 vult,
714 2805 751 2861 ut
776 2792 959 2859 intellectus
986 2794 1134 2860 instituat

54 2872 322 2949 consultationem
345 2895 414 2938 sive
437 2873 526 2940 illam
548 2878 722 2951 actionem,
760 2896 801 2938 ua
820 2872 1002 2939 intellectus
1024 2872 1132 2940 media

52 2955 249 3039 investigat,
272 2975 450 3101 eorumque
471 2957 645 3023 utilitatem
674 2896 841 3042 ponderat.
864 2956 907 3020 Et
928 2974 1028 3030 sane,
1056 2976 1130 3019 curn

52 3036 207 3101 voluntas
229 3035 371 3120 aliquem
416 3058 488 3103 nem
516 3040 582 3105 sibi
608 3039 808 3124 praestituit,
832 3058 860 3099 e.
884 3056 929 3119 g.,
952 3038 1129 3113 sanitatem,

51 3137 139 3202 opus
159 3116 192 3181 ei
214 3127 263 3183 est
282 3117 402 3204 eligere
430 3118 574 3184 medium
597 3118 639 3183 ad
668 3118 757 3184 illius
785 3118 1046 3182 consecutionem
1073 3138 1095 3181 o
1115 3153 1130 3167 ·

51 3210 247 3284 portuunm,
270 3217 300 3261 e.
323 3207 557 3285 g.,pote'onem;
579 3201 710 3267 ethaeo
733 3200 861 3274 electio,
884 3206 920 3263 nt
942 3206 1053 3284 postea
1103 3198 1130 3264 i·

87 3412 222 3513 ¹1:22,
241 3426 271 3475 q.
290 3404 419 3468 lxxiiii,
440 3423 466 3459 a.
488 3406 566 3462 l.-²
584 3407 606 3470 l,
626 3424 654 3474 q.
675 3404 745 3469 cxl,
765 3409 880 3462 mind
900 3409 928 3463 ³.

83 3489 98 3599 d
117 3476 446 3681 ᾇζέίιρῖηιιὲοχξιίιὲ,
457 3480 563 3677 ἐιῖῆ,
583 3567 609 3603 ι.
630 3566 677 3604 un.
698 3566 725 3605 o.

85 3634 132 3681 ιι
212 3641 268 3693 ‚q.
327 3638 384 3685 ,a.
440 3638 454 3673 a
513 3660 520 3677 .
