2475 3909
16 3818 82 3887 R

159 150 201 215 ⁶22
552 172 749 220 coarcere

165 252 216 317 ts.
240 250 281 316 Ut
308 248 507 320 definitiones
534 256 596 320 rite
625 254 856 332 conficiantur,
885 255 963 320 baec
984 254 1185 321 observanda

123 344 216 397 suut:
244 330 277 397 1⁰
299 332 453 401 Definitio
480 336 576 403 debet
602 357 707 421 neque
728 338 919 421 pauciores,
947 359 1051 423 neque
1073 339 1188 423 plures

120 423 212 479 notas
235 436 436 491 enumerare,
459 440 556 504 quarn
600 439 660 484 uae
681 420 879 485 necessariae
898 432 972 487 sunt
991 420 1030 485 ad
1044 440 1115 485 rem
1128 420 1189 487 de-

120 494 245 561 tinitam
266 497 307 561 ab
328 498 478 565 omnibus
494 501 568 567 aliis
578 440 841 565 ⁴discernendam.
857 502 1031 587 Perperam
1045 502 1183 579 iaceret,

121 598 150 640 e.
176 598 220 662 g.,
244 580 301 664 qui
322 581 483 646 bominem
505 584 624 649 animal
646 583 741 667 bipes,
758 583 820 659 vei,
834 584 954 648 animat
968 584 1052 668 bipes
1063 587 1187 649 ratione

120 660 298 741 praeditum
321 663 494 747 definiret

162 739 198 803 ‘2⁰
220 742 256 805 ln
278 740 463 811 definitione
487 768 589 834 genus
611 748 808 832 proximum,
830 758 863 812 et
882 746 1067 813 differentia
1081 752 1188 833 speci-

122 820 181 885 iica
202 821 415 893 adhibeantur
435 839 577 913 oportet:
600 829 661 894 boc
681 831 769 893 enim
790 840 884 913 pacto
910 839 974 895 tota
996 831 1044 893 rei
1068 842 1187 895 natura

122 924 220 987 quum
242 902 431 975 brevissime
453 912 642 990 exhibetur,
666 923 801 995 atquca
828 912 942 976 ceteris
964 911 1115 976 omnibus
1136 934 1190 977 se-

122 988 278 1051 cernitur.
301 989 378 1056 ideo
399 1003 504 1058 autem
528 1014 627 1079 genus
644 994 841 1080 proximum,
857 1014 921 1057 non
934 1013 1011 1059 vero
1030 1006 1187 1058 remotum

123 1067 339 1136 adbibondum
361 1084 431 1151 est,
461 1074 538 1161 quia
567 1095 666 1160 genus
687 1084 848 1140 remotum
874 1096 937 1139 uon
959 1074 1191 1161 complectitur

124 1152 254 1229 omnia,
277 1173 360 1238 quae
387 1160 514 1239 generis
542 1156 709 1223 inferioris
732 1158 860 1222 notione
882 1158 1087 1223 continentur
1097 1160 1123 1234 ¹;
1148 1180 1190 1225 ac

122 1232 258 1317 proinde
282 1238 310 1301 si
333 1236 479 1306 definitio
505 1238 560 1304 fiat
581 1260 640 1325 per
661 1258 761 1326 genus
781 1240 943 1325 superius,
966 1238 1085 1323 aliqua,
1102 1261 1190 1324 quae

124 1326 267 1399 spectant
288 1317 328 1382 ad
352 1342 452 1407 genus
473 1323 682 1407 proximum,
709 1320 923 1386 differentiam
946 1320 1188 1404 ingrediuntur.

123 1399 183 1473 lta,
199 1404 225 1462 si
242 1401 439 1487 triangulum
458 1404 694 1488 rectiangulum
708 1402 879 1468 definiatur
893 1422 952 1487 per
967 1402 1104 1485 figuram
1119 1404 1192 1489 pia-

125 1500 199 1544 nam
221 1481 326 1548 tribus
347 1484 443 1549 lineis
469 1487 758 1571 circumscriptam,
780 1486 871 1550 cuius
890 1505 974 1549 unus
988 1484 1124 1567 angulus
1138 1502 1192 1554 est

124 1572 242 1638 rectus,
266 1586 329 1629 non
355 1581 510 1653 apparet,
538 1578 650 1632 utrum
679 1570 839 1633 ternarius
868 1586 1019 1632 numerus
1048 1567 1191 1632 laterum

125 1655 248 1727 spectet
268 1646 307 1711 ad
331 1669 442 1733 genus,
465 1672 505 1715 an
527 1649 567 1715 ad
590 1649 816 1715 differentiam.
840 1653 882 1715 Αι
896 1649 924 1713 si
939 1648 1113 1714 definiatur
1126 1669 1195 1733 per

124 1728 336 1814 triangulum,
359 1734 452 1797 cuius
473 1755 558 1799 unus
578 1734 715 1818 angulus
735 1742 782 1796 est
799 1743 925 1808 rectus,
940 1730 1121 1797 lucutenter
1136 1753 1195 1796 co·

126 1812 291 1893 gnoscitur
309 1816 486 1881 ternarium
501 1838 674 1881 numerum
688 1816 826 1879 laterum
840 1835 908 1879 esse
923 1812 1073 1877 omuibus
1086 1816 1195 1879 trian-

126 1892 276 1975 gulorum
298 1898 465 1981 speciebus
487 1918 711 1975 communem,
740 1906 773 1961 et
793 1893 1010 1961 differentiam
1033 1896 1194 1979 trianguli

123 1976 317 2121 rectiarpgrpii
341 1979 373 2043 in
395 2000 434 2046 eo
456 1984 593 2068 positam
615 2001 696 2057 esse,
713 1976 799 2065 quod
814 1978 1008 2062 angulorum
1021 1998 1124 2040 unum
1139 2001 1196 2043 re·

125 2067 212 2120 ctum
256 2070 359 2124 aeat.

165 2136 199 2202 3⁰
221 2140 357 2223 Oportet
378 2155 414 2207 ut
435 2143 580 2210 definitio
594 2145 637 2209 sit
657 2143 753 2220 clara,
771 2162 887 2226 nempe
903 2139 958 2203 fiat
974 2159 1030 2223 per
1045 2140 1192 2219 notiora,

148 2238 223 2283 uam
245 2242 295 2285 res
318 2221 464 2302 definita,
489 2225 650 2311 siquidem
672 2226 819 2309 ignotum
843 2243 902 2307 per
925 2223 1072 2305 ignotum
1087 2226 1195 2286 mani-

125 2238 237 2368 dcstari
252 2306 373 2390 nequit.
390 2310 494 2392 Atque
516 2308 557 2371 ob
580 2304 726 2372 eamdem
748 2306 907 2371 rationem
929 2303 1195 2398 docentLogici,

129 2383 305 2450 cavendum
326 2408 394 2453 esse
425 2410 443 2452 a
475 2388 661 2456 definitione
682 2389 717 2451 in
748 2388 867 2462 orbem,
900 2406 998 2469 quam
1030 2388 1192 2450 circutum

127 2466 275 2532 citiorum
298 2470 484 2556 appellant,
507 2472 629 2537 scilicet
654 2469 785 2557 quando
807 2473 839 2535 in
867 2465 1049 2533 definienda
1076 2466 1193 2553 aliqua

127 2569 163 2611 re
195 2549 366 2617 adhibetur
395 2553 613 2631 vocabulum,
644 2552 676 2616 in
709 2553 801 2618 cuius
828 2547 1014 2614 definitione
1043 2552 1194 2616 occurrit

127 2630 208 2696 iilud
236 2633 356 2717 ipsum,
384 2635 470 2719 quod
499 2637 601 2722 priori
633 2632 819 2700 definitione
852 2629 1081 2716 explicandum
1106 2646 1195 2699 erat.

127 2714 198 2779 Hoc
211 2715 329 2780 vitium
348 2730 506 2802 peccaret,
530 2720 557 2783 si
579 2718 653 2803 quis
679 2715 823 2791 diceret,
846 2714 957 2777 boram
985 2733 1055 2777 esse
1077 2714 1197 2780 vicesi-

128 2816 214 2860 mam
236 2809 384 2881 quartam
413 2811 535 2884 partem
558 2798 649 2875 diei,
673 2798 761 2863 diem
794 2805 902 2861 autem
923 2803 1051 2879 tempus
1072 2794 1195 2880 viginti

129 2889 269 2960 quatuor
290 2880 443 2947 horarum
456 2883 478 2947 ³.

165 3068 175 3103 ¹
195 3064 223 3117 ld
242 3081 264 3117 ι.
286 3063 399 3117 Thomas
418 3066 527 3126 docuit,
547 3079 608 3116 eum
630 3067 715 3129 inquit
733 3070 875 3127 oportere,
894 3068 925 3113 ιιι
942 3061 1059 3113 definitio
1082 3064 1197 3117 denotet

129 3141 241 3205 oiiqrtom
258 3141 372 3203 [ortuum
391 3140 422 3190 de
439 3154 477 3197 ro,
498 3154 562 3203 oudo
580 3153 628 3201 prr
646 3141 734 3188 omnio
751 3141 801 3201 iprt
818 3137 963 3198 rerportdet.
978 3132 1044 3185 Hinc
1057 3136 1196 3201 inteitigic,

130 3226 178 3263 eur
197 3208 283 3275 Logici
303 3211 430 3270 doceant,
451 3210 646 3269 definitionem,
664 3211 686 3260 ιι
704 3214 778 3259 rectu
797 3210 847 3266 ιιι.
867 3221 929 3259 cum
949 3220 978 3257 re
996 3206 1102 3259 deuntu
1120 3214 1194 3262 rcci-

129 3286 242 3348 procart.
263 3281 361 3335 Revera
382 3296 465 3348 aeque
484 3284 534 3334 dict
554 3286 651 3345 potest:
672 3284 793 3346 Quisquis
811 3287 847 3332 ιιι
865 3282 951 3340 bomo,
971 3286 1009 3331 ιιι
1026 3283 1127 3331 animet
1146 3298 1195 3335 ru-

128 3362 198 3409 tione
214 3358 367 3421 praeditum,
387 3362 424 3417 et,
446 3358 570 3421 ουιιιφιιιι
588 3363 625 3407 ιιι
641 3356 742 3405 animet
759 3358 860 3404 rodono
872 3355 1029 3416 praedium,
1049 3362 1086 3405 ιιι
1102 3355 1194 3409 bonnm

131 3427 192 3479 vu.
212 3443 237 3480 ι.
257 3426 337 3493 bug„
360 3432 398 3481 Dr
415 3432 555 3495 prontttota
573 3431 686 3486 animur,
706 3440 731 3475 c.
752 3425 800 3476 23.

167 3502 179 3539 ²
198 3498 233 3552 cr
270 3540 276 3552 .
300 3502 342 3553 ¹3.

167 3574 179 3609 ³
197 3517 268 3626 Iladd
287 3580 377 3625 autern
395 3575 486 3637 regula
506 3574 532 3623 in
550 3573 639 3622 reiottr
657 3573 747 3620 iocum
766 3583 819 3619 nou
837 3569 928 3625 babet,
947 3568 1077 3630 siquidem
1095 3576 1195 3625 natura

133 3649 261 3713 cuiusque
280 3648 357 3700 retati
374 3662 390 3699 a
408 3652 501 3698 natura
521 3645 639 3705 termini,
659 3642 693 3694 ιιι
710 3655 792 3706 quom
811 3640 936 3701 retertur,
955 3638 1082 3691 efficitur.
