2475 3909
137 89 200 154 280
485 106 762 155 anrunonotoorn

101 188 185 254 tinui
205 206 396 271 progressus
408 186 433 263 ¹,
447 189 505 273 qui
522 188 799 255 immortalitatem
822 188 1004 253 animarum
1028 208 1090 272 per
1109 212 1181 253 me-

101 268 342 356 tempsychosin
364 268 565 365 explicantes
586 269 784 335 contendunt
804 268 969 333 hominem
992 268 1091 333 modo
1115 271 1180 335 sub

102 351 177 428 istu,
202 348 300 414 modo
321 349 382 415 sub
404 350 460 416 illa
482 349 589 416 forma
612 352 645 413 in
667 349 727 416 hac
748 371 859 415 rernm
882 352 1097 416 universitate
1120 374 1179 447 ap·

96 451 231 517 parere,
247 444 345 516 atque
369 453 444 496 cum
466 433 616 509 moritur,
634 429 786 509 sormam,
801 430 862 496 snb
883 452 947 516 qna
970 434 1120 516 seipsum
1146 456 1177 497 m

98 514 288 599 praesentia
311 513 506 589 manifestat,
521 516 683 588 amittere,
706 525 739 580 et
782 525 833 581 ost
854 525 992 581 mortem
1015 517 1178 601 supersti-

102 608 168 661 tem
192 615 276 673 esse,
298 608 461 678 quatenus
482 616 598 659 novam
621 594 730 661 induit
751 534 890 662 ldrmam
900 596 925 659 ¹.

190 729 459 783 darii-Animam
479 733 624 783 humanam
645 734 787 784 intrinsece
809 736 987 785 immortalem
1007 748 1067 785 esse

532 806 730 858 demonstratur

138 910 211 977 204.
235 910 400 988 Quoniam
424 912 651 979 immortalitas
674 914 708 979 in
730 913 973 979 continuatione
994 917 1083 981 vitae
1098 936 1174 981 con-

98 994 208 1070 sistit,
232 1004 269 1057 nt
292 994 400 1057 anima
422 994 562 1059 humana
584 996 757 1060 intrinsece
780 995 973 1060 immortalis
996 996 1064 1061 dici
1101 1018 1173 1083 pos-

99 1074 155 1151 sit,
180 1075 362 1168 requiritur
382 1096 453 1139 eam
473 1074 661 1142 huiusmodi
684 1098 754 1142 esse
776 1087 922 1155 naturae,
945 1090 980 1144 ut
1004 1076 1037 1141 1⁰
1058 1100 1080 1142 a
1101 1100 1172 1143 cor·

98 1156 189 1241 poris
212 1154 350 1220 vinculis
371 1157 476 1221 soluta
498 1157 706 1225 existentiam
741 1168 901 1244 perpetuo
920 1160 1115 1236 continuem
1136 1162 1170 1226 2⁰

97 1247 135 1303 nt
149 1237 294 1301 actiones
316 1238 380 1302 sini
404 1248 636 1305 consentaneas
657 1260 810 1305 exercere
835 1252 958 1326 pergat,
975 1262 1068 1306 secus
1083 1242 1168 1309 haud
1229 1296 1230 1311 2

96 1321 230 1404 proprie
251 1319 355 1383 eicere
377 1318 551 1395 diceretur;
572 1319 606 1388 3⁰
623 1332 659 1388 ui
681 1322 731 1386 sui
755 1323 998 1400 conscientiam,
1021 1334 1053 1388 et
1077 1344 1168 1407 prae·
1229 1324 1230 1387 3

96 1403 267 1467 teritorum
289 1400 497 1468 allectionum
520 1405 715 1469 memoriam
737 1404 885 1479 retineat,
909 1425 1018 1479 secus,
1044 1418 1082 1471 ut
1104 1408 1167 1471 iam
1229 1416 1230 1479 j

96 1483 290 1559 innuimus,
313 1483 415 1548 vitam
437 1504 502 1547 non
525 1486 747 1561 continuaret,
771 1482 824 1549 sed
847 1488 956 1572 potius
978 1508 1098 1553 novam
1121 1488 1169 1551 in·
1229 1490 1230 1547 ἒ

95 1565 241 1643 choarot,
258 1575 290 1630 et
305 1566 458 1650 praemii,
473 1575 531 1629 aut
552 1586 674 1651 poenae
690 1586 794 1651 capax
817 1588 878 1631 non
894 1578 986 1634 esset.
1003 1568 1073 1633 lam
1090 1569 1167 1633 haec

95 1647 128 1710 iu
152 1646 295 1711 animam
318 1647 491 1710 humanam
514 1647 676 1731 quadrare
698 1648 906 1733 sequentibus
936 1650 1168 1735 propositioni·
1229 1650 1230 1723 ι

95 1726 157 1791 hus
179 1751 197 1794 a
220 1728 315 1792 nobis
337 1726 593 1793 demonstratur:
1229 1728 1230 1783 i

135 1808 208 1876 205.
233 1811 333 1895 Prop.
358 1808 404 1874 1¹.
427 1809 544 1872 Animo
565 1809 704 1875 domena
726 1822 766 1874 est
788 1820 901 1875 nutura
923 1832 980 1875 sna
1001 1811 1168 1896 incorrup-
1229 1824 1230 1827 ’

95 1888 211 1968 sititis,
227 1895 276 1957 ilo
297 1901 332 1954 ut
347 1900 491 1975 separato
504 1913 523 1953 a
535 1913 663 1977 corpore
680 1906 828 1977 perpetuo
842 1913 932 1959 suum
949 1912 1010 1957 esse
1025 1896 1163 1958 retituet.

139 1973 311 2039 Probatur.
334 1976 454 2038 Anima
487 1972 627 2041 hnmana
655 1986 704 2041 est
726 1973 975 2050 immaterialis3
997 1996 1079 2061 ergo
1113 1994 1167 2038 na-

95 2065 169 2119 tura
191 2076 251 2120 sua
272 2064 320 2121 est
346 2054 606 2137 incorruptibilis
626 2104 634 2131 ,
656 2077 694 2121 ac
717 2054 855 2141 proinde
877 2066 993 2121 natura
1015 2076 1074 2121 sua
1097 2076 1166 2121 eor-

94 2138 168 2219 pori
187 2146 411 2224 postmortem
426 2147 584 2220 superest.
601 2138 792 2223 Consequens
808 2136 857 2201 his
872 2157 897 2200 s.
913 2136 1062 2223 Gregorii
1080 2140 1166 2206 Neo·

95 2218 329 2296 caesariensis,
353 2218 422 2281 sive
445 2220 597 2283 Auctoris
619 2220 711 2303 Dr'sp.
737 2220 783 2282 De
806 2218 947 2296 Anime,
971 2218 1081 2283 verbis
1113 2220 1164 2285 de-

95 2310 307 2367 monstratur:
324 2296 562 2383 «Consequens
584 2301 664 2365 mihi
688 2298 830 2379 videtur,
852 2309 889 2365 ut
908 2298 996 2384 quod
1018 2311 1068 2366 est
1089 2302 1164 2367 sirn-

96 2381 193 2465 plex‚
217 2382 316 2448 etiam
339 2381 383 2445 sit
404 2380 598 2446 immortale.
623 2382 706 2447 Nam
729 2402 824 2447 omne
842 2429 851 2459 ,
872 2381 960 2478 quod
982 2384 1163 2467 eorrumpi-

94 2477 160 2542 tur,
183 2463 392 2541 dissolritnr;
415 2458 508 2548 quod
524 2462 725 2541 dissolvitur,
749 2475 964 2548 compositum
988 2475 1054 2542 est;
1077 2484 1161 2531 com

96 2548 240 2631 positum
262 2545 440 2611 multarum
462 2554 511 2609 est
533 2545 729 2630 partium...
745 2544 966 2622 Quamobrem
991 2565 1066 2609 cnm
1089 2546 1163 2609 sim-

96 2628 172 2713 plex
194 2629 239 2693 sit
260 2627 384 2704 anima,
400 2645 505 2713 neque
527 2624 743 2713 expluribus
765 2625 911 2716 partibus
933 2637 1071 2705 constet,
1087 2628 1162 2714 quia

427 2798 784 2819 -ι--ῄ--Ιῂ--η

94 2910 193 2969 dirina;
214 2908 333 2961 homiues
352 2906 432 2958 holus
450 2909 521 2959 ritae
540 2906 637 2957 nalem
657 2907 817 2971 particulam
837 2905 947 2966 iaanenu
968 2910 1027 2969 post
1046 2910 1162 2971 corporis

95 2983 291 3046 corruptionem
306 2981 372 3031 haee
385 2980 516 3043 particula
531 2980 557 3029 in
572 2979 653 3028 ritarn
667 2978 843 3029 universalem
865 2980 937 3027 illino
957 2978 1160 3041 transfunditun

93 3072 126 3107 ex
145 3068 198 3118 quo
218 3053 256 3114 tlt,
278 3058 308 3103 nt
320 3052 441 3103 homines
454 3052 494 3100 rui
507 3051 710 3109 conscientiam,
725 3064 869 3113 rerumque
883 3052 1088 3113 praeteritarum
1107 3066 1160 3105 rne-

95 3129 209 3179 moriam
230 3127 365 3183 amittant,
386 3124 436 3173 hoo
455 3128 495 3173 ert
512 3123 696 3186 personalitate
714 3124 891 3185 expellentur.

131 3197 143 3237 Ι
162 3197 234 3249 later
252 3197 301 3248 lios
319 3197 461 3260 praecipue
474 3194 724 3244 commemorandus
742 3201 783 3245 est
802 3193 894 3245 Petrus
913 3190 1027 3254 leronr,
1042 3193 1162 3245 intensis-

94 3273 176 3322 rirnns
196 3265 362 3320 Christianae
380 3263 522 3329 Religionis
541 3266 624 3316 hortis
638 3260 689 3333 (De
706 3264 870 3325 thamardi,
889 3269 922 3317 de
938 3279 987 3317 ron
1003 3268 1122 3331 principe
1137 3274 1160 3318 et

94 3345 125 3393 de
144 3356 191 3393 rou
208 3343 310 3400 noeuir,
329 3336 404 3390 Paris
424 3333 517 3405 tutu).

131 3408 218 3460 ²Non
237 3411 289 3460 alia
308 3412 414 3462 ratione
428 3408 461 3459 do
480 3409 561 3460 enimi
582 3407 693 3458 humani
723 3408 925 3460 immortalitate
949 3408 1019 3457 alins
1044 3409 1157 3458 oontimd

95 3492 248 3544 progressus
265 3483 388 3532 defensor
406 3476 564 3532 Lamennair
582 3481 681 3531 sentiro
700 3482 804 3533 ridetur
823 3476 960 3548 (Reputans
981 3481 1066 3531 ruse
1080 3480 1159 3544 pitin

95 3550 194 3615 sopio,
214 3548 286 3603 Paris
307 3548 399 3621 itii).
