2475 3909
502 188 708 238 cosuocoms
1043 166 1101 239 153

117 271 282 335 Probatur.
306 268 419 334 Partes
439 269 599 348 universi,
622 281 660 338 ut
680 293 705 337 s.
722 270 861 336 Thomas
885 271 1002 356 inquit,
1026 271 1070 338 ita
1090 295 1142 339 or·

70 353 221 417 dinontnr
242 352 281 415 od
302 351 448 428 inuicem,
463 353 545 417 sicot
567 365 595 418 et
614 366 722 439 portos
743 356 900 418 exercitus
920 352 960 417 od
974 353 1138 422 instaurat

71 436 172 519 Atqui
194 433 310 498 exinde
333 454 434 500 nexus
457 435 667 522 teleologicus
689 437 830 522 exurgit.
854 437 954 522 Ergo.

112 517 182 582 134.
207 517 377 580 Maiores
405 517 661 604 phaenomenis,
684 539 768 603 quae
793 521 915 586 inlota
942 517 1001 584 hac
1026 540 1138 584 rerum

69 599 281 662 universitate
303 610 491 675 cernuntur,
514 623 552 666 ea
574 599 739 666 evidentia
758 600 943 698 probatur,
964 621 1029 686 qua
1051 602 1141 666 nulla

69 681 176 772 maior
197 678 377 746 desiderari
403 691 517 765 potest.
542 683 718 748 Enimvero
741 705 808 749 sive
837 684 871 748 in
893 683 1021 750 coelum
1040 732 1049 762 ,
1070 686 1139 751 sivo

67 781 101 822 rn
125 772 262 839 terram,
285 765 353 829 sive
379 763 411 827 in
433 785 522 828 mare
546 763 657 828 oculos
682 767 920 842 coniiciamus,
943 767 975 830 in
998 768 1139 850 phaeno-

68 864 164 908 mena
187 844 376 923 incidimus,
398 865 482 930 quae
505 868 613 912 rerum
636 844 717 912 alias
738 847 879 912 aliarum
901 846 1032 926 linibus,
1052 869 1139 914 com-

66 924 239 1010 modisque
261 928 419 994 inservire
441 928 619 996 luculenter
640 940 903 996 commonstrant.
920 932 959 997 lc.
977 952 1022 1015 g„
1037 952 1077 997 ex
1093 933 1139 998 vi-

65 1007 218 1074 ventibus
242 1009 369 1094 plantae
392 1007 432 1075 ad
456 1012 692 1078 nutrimentum
715 1011 910 1089 belluarum,
924 1023 955 1078 et
969 1013 1139 1080 huminum

65 1090 274 1169 adhibentur,
290 1106 323 1160 et
346 1093 471 1158 belluae
496 1094 528 1158 in
545 1115 657 1172 usum,
673 1094 881 1160 commodum
905 1117 947 1161 ue
967 1095 1137 1161 hominum

64 1170 196 1238 cedunt.
211 1175 273 1238 Res
295 1178 380 1241 vitae
403 1186 563 1261 expertes,
582 1188 659 1261 puta
680 1197 777 1262 aqua,
793 1198 861 1254 aer,
878 1116 1005 1262 dliaque
1027 1178 1139 1243 huius·

65 1253 170 1332 modi,
193 1255 232 1320 ad
251 1257 445 1341 plantarum,
460 1257 664 1333 belluarum,
679 1270 712 1324 et
726 1259 893 1324 hominum
908 1259 1029 1324 bouum
1052 1281 1139 1325 com·

64 1349 199 1422 paratae
222 1348 306 1405 sunt.
324 1340 536 1426 htmosphera
559 1341 785 1426 respirationi,
799 1353 833 1406 et
846 1336 1062 1406 sustentandis
1085 1364 1137 1406 va-

62 1419 222 1515 poribus,
245 1423 302 1505 qui
323 1445 366 1488 ex
387 1424 482 1508 aquis
509 1425 689 1495 criuntur,
710 1421 869 1499 deservit3
892 1426 978 1492 venti
1002 1443 1137 1508 vapores

61 1522 99 1566 m
122 1501 224 1567 nubes
245 1515 381 1590 cogunt,
403 1516 436 1570 et
457 1507 571 1571 noxias
592 1505 814 1572 exhalationes
834 1504 1011 1590 dissipant;
1033 1521 1136 1590 aquae

64 1603 109 1647 ex
132 1586 297 1651 montibus
316 1586 503 1664 decurrunt,
527 1599 564 1654 ut
586 1587 724 1674 plantae,
747 1587 855 1665 bruta,
876 1599 910 1654 ct
929 1589 1075 1654 homines
1095 1587 1136 1653 ad

60 1666 150 1732 vitae
172 1671 446 1736 conservationem
470 1670 551 1769 ipsis
571 1680 716 1739 utantur.
744 1670 825 1736 Tota
846 1680 959 1747 terra,
984 1690 1137 1756 corpora-

60 1768 127 1832 que
148 1750 302 1819 coelestia
332 1752 365 1816 in
388 1773 458 1818 sese
483 1753 625 1818 mvicem
653 1753 841 1837 gravitant,
862 1764 895 1821 et
919 1752 1135 1838 gravitatione

61 1833 116 1896 sni
138 1845 331 1900 concentum
353 1834 466 1912 illurn,
489 1837 558 1900 sive
581 1835 782 1900 harmoniam
804 1835 974 1911 alliciunt,
997 1854 1081 1919 quae
1102 1857 1136 1900 a·

60 1924 244 1982 stronomos
266 1916 449 1982 incredibili
473 1927 604 2003 stupore
630 1915 787 2001 percellit.
812 1917 873 1981 Hic
895 1937 974 1982 vero
1000 1937 1135 1982 concen-

60 2005 116 2061 tus
145 2020 207 2064 aon
232 1999 328 2064 modo
358 2000 442 2065 inter
463 1999 606 2065 diversas
635 2010 766 2066 naturas
792 2019 931 2075 rerum,
953 1997 1133 2085 exquibus

451 2143 783 2159 m

60 2210 151 2279 (ibid,
172 2225 198 2260 a.
213 2211 241 2267 l,
261 2225 287 2273 p.
303 2211 349 2270 67,
363 2215 419 2260 not.
437 2210 474 2279 l),
496 2211 636 2260 aiiiiciuaii
656 2217 728 2269 sont,
744 2217 849 2273 praeter
865 2207 1034 2269 llohinetiun,
1053 2213 1106 2263 alio
1118 2236 1135 2256 .

57 2299 113 2350 qne
134 2279 337 2340 Materiaiistas,
365 2287 446 2347 atquo
467 2283 565 2333 tlthoos
584 2297 656 2333 saec.
679 2280 765 2342 llllll,
787 2290 813 2333 et
834 2281 938 2343 XVlll,
957 2299 1066 2340 omnes.
1086 2289 1132 2350 qui

57 2361 119 2420 post
140 2354 287 2418 hugtrstusn
308 2351 450 2406 Comtoum
470 2355 666 2418 philosophiam
678 2359 829 2419 positivam,
843 2370 889 2406 seu
903 2359 1131 2409 materialist‘rcam

57 2433 84 2479 in
106 2424 202 2485 Gallia,
223 2431 251 2476 et
271 2429 297 2478 in
315 2423 408 2491 Augila
430 2428 507 2477 hodie
527 2433 647 2485 tuentur,
663 2443 765 2478 necuim
784 2426 949 2488 buchnerus,
963 2431 1063 2492 sitique
1076 2429 1133 2481 lla-

57 2501 204 2552 teriaiistae
224 2497 393 2552 Germaniae.
414 2496 594 2562 Argumenta,
615 2501 711 2564 quibus
730 2515 824 2550 causas
843 2501 934 2551 llnatm
953 2502 1132 2553 admittendas

55 2587 117 2624 esse
137 2572 273 2635 probatur,
294 2574 433 2623 videantur
452 2573 526 2630 ibid„
548 2586 574 2634 p.
590 2573 686 2624 cust.
707 2570 774 2624 Sunt
792 2578 882 2622 autem
901 2576 946 2638 qui
965 2588 1027 2632 cirin
1048 2572 1132 2624 liaco-

55 2661 102 2704 ne,
123 2650 151 2694 et
170 2639 299 2700 Cartesio.
319 2646 368 2694 otsl
388 2658 484 2694 causas
503 2644 593 2695 llnaies
608 2647 634 2694 in
649 2646 747 2694 mundo
760 2645 817 2694 dari
833 2659 883 2694 non
897 2652 1003 2709 negotii,
1020 2647 1128 2698 iliarum

56 2727 149 2771 tamen
163 2719 390 2779 investigationem
403 2719 552 2778 progressui
566 2719 733 2767 naturalium
746 2717 915 2766 scientiarum
931 2719 1007 2767 valde
1022 2721 1128 2770 noxium

53 2805 115 2842 essa
133 2789 305 2840 contendunt.
327 2787 362 2840 st
379 2795 483 2846 contra,
498 2792 615 2852 cognitio
628 2803 770 2840 causarum
782 2787 901 2839 flasiium
916 2791 947 2839 ad
961 2789 1033 2853 legas
1047 2792 1130 2854 phae-

55 2875 233 2914 aomanorum
259 2863 427 2912 inveniendas
453 2874 549 2923 magno
575 2862 708 2924 praesidio
726 2867 787 2919 est,
808 2866 912 2911 tantum
931 2864 1025 2921 chesi,
1046 2870 1075 2912 ut
1094 2866 1129 2915 sit

55 2935 257 2997 impedimento.
279 2931 313 2985 lli
332 2947 406 2992 sanc,
426 2933 531 2996 cognito
550 2933 603 2984 tina
623 2937 755 2998 cuiusque
772 2934 820 2991 rei,
844 2933 923 2984 tacita
940 2941 980 2984 ssi
998 2938 1131 2998 operatio·

54 3021 105 3059 nes
124 3019 300 3069 cognoscere,
320 3019 389 3070 quae
413 3011 474 3055 sunt
493 3009 616 3069 proprias
635 3008 704 3063 eius,
724 3006 786 3069 quia
805 3005 892 3054 omnis
911 3020 953 3056 res
970 3021 1019 3069 per
1035 3021 1130 3069 opara-

54 3081 143 3130 tionss
162 3091 224 3128 suas
242 3079 320 3129 linem
341 3078 389 3128 sihi
409 3080 596 3140 praestitutum
621 3079 782 3141 assequitur,
802 3083 942 3128 stratura
962 3079 1021 3127 fluis
1039 3081 1130 3128 cutus-

54 3151 121 3201 lihet
141 3154 178 3201 rei
198 3164 260 3200 cum
282 3157 376 3202 natura
396 3151 583 3214 operationum
602 3152 661 3201 eius
679 3152 830 3200 consentire
841 3150 930 3200 dehet.
945 3149 1025 3214 Atqui
1040 3151 1129 3212 cogni·

54 3226 95 3273 tio
114 3225 299 3285 operationum
319 3227 431 3274 natiuae
450 3223 483 3272 sil
502 3225 682 3286 cognitionem
695 3224 794 3284 legum,
809 3223 956 3272 seeundum
967 3235 1035 3286 quas
1048 3222 1130 3284 phaa-

55 3309 169 3346 nomeua
190 3297 336 3352 eveniunt,
358 3307 405 3345 nos
423 3295 518 3351 ducit,
545 3298 605 3359 quia
634 3296 706 3358 leges
732 3294 977 3356 phaenomenornm
997 3307 1049 3343 non
1067 3300 1130 3345 sunt

55 3369 141 3427 atiud,
162 3369 210 3417 nisi
231 3369 311 3430 legas,
325 3367 470 3418 seeundum
490 3381 558 3429 quas
577 3380 619 3417 res
638 3379 782 3430 corporosa
801 3367 952 3416 neemssrio
970 3372 1127 3428 operantur.

54 3437 136 3503 Ergo,
151 3441 263 3502 cognitis
275 3439 370 3491 tinibus
384 3453 485 3498 rernm,
498 3441 572 3490 nulio
586 3439 690 3502 negotio
704 3443 812 3502 possum
823 3441 947 3503 cognosci
960 3437 1032 3502 leues
1046 3438 1128 3503 phas·

56 3525 243 3565 aomanorum.
264 3526 333 3576 quae
353 3513 425 3562 eirca
447 3513 516 3572 ipsus
536 3517 686 3562 versantur.

83 3585 210 3708 impu.
233 3587 319 3645 Gon..
341 3584 386 3637 tib.
408 3582 427 3642 l,
449 3597 473 3638 c.
491 3585 535 3642 ts,
557 3599 583 3635 n.
599 3584 627 3638 3.
649 3580 683 3637 ct
699 3598 721 3636 s.
744 3581 825 3648 ling,
846 3585 935 3636 Cootr.
957 3587 1056 3647 Fauii,
1078 3583 1125 3638 tin.

54 3652 79 3710 X
109 3653 128 3718 l,
150 3672 175 3710 c.
201 3656 241 3708 13.
