2475 3909
131 112 198 203 '153
526 151 725 200 cosuocoora

310 291 378 345 Aer.
401 291 491 345 Vt-
510 292 546 343 De
567 301 660 344 natura
682 294 770 356 tegam
791 291 959 354 physicarum

140 401 211 466 itt.
235 399 394 466 Mundum
418 399 612 486 quibusdam
640 400 767 485 iegibus
789 403 969 479 contineri,
992 400 1178 470 secundum

98 503 181 570 ques
204 483 384 548 mundanae
410 505 462 549 res
484 485 626 566 actiones
646 504 720 548 suas
742 495 925 550 constanter
944 485 1061 549 eodem
1076 487 1179 551 modo

98 577 250 642 exerunt,
274 569 455 632 communis
475 566 644 631 hominum
666 587 686 628 o
712 568 780 630 inio
802 577 860 632 est.
885 567 1046 632 Homines
1068 570 1177 642 enim,

98 647 255 734 quoniam
281 647 320 711 de
345 649 519 715 existentia
543 647 650 733 legum
673 586 879 733 piiysicarum
905 671 1099 734 persuasum
1128 654 1178 717 eis

97 743 164 808 est,
188 727 284 795 rebus
306 729 429 797 futuris
451 730 647 819 provident,
671 730 711 793 de
734 731 866 816 agendis
888 732 1025 797 consilia
1048 737 1176 810 ineunt,

100 814 325 897 rationemque
358 814 443 878 vitae
466 834 543 876 suae
576 811 792 879 instituendae
823 813 1012 880 decernunt.
1037 817 1178 901 Exque

102 895 311 982 persuasione
334 895 487 962 oriuntur
507 915 619 960 omnes
641 906 748 971 artes,
770 906 803 960 et
823 896 1003 973 scientiae,
1025 920 1114 983 quae
1137 898 1177 963 ad

102 976 285 1054 tuendam,
309 977 486 1042 ornandam
511 997 552 1041 ne
586 979 685 1042 vitam
719 976 759 1041 ab
786 977 973 1043 hominibus
1007 980 1178 1047 institutae

100 1060 207 1126 suere.
232 1062 274 1124 At
296 1079 373 1124 vero
396 1083 414 1124 a
437 999 640 1145 Phiiosopbis
660 1059 867 1146 disputatur,
889 1063 1061 1126 cuiusnam
1083 1076 1179 1131 natu·

101 1164 157 1208 rae
180 1139 254 1205 iliae
278 1139 365 1226 leges
387 1143 462 1218 sint,
486 1141 632 1219 scilicet,
657 1152 769 1207 utrum
791 1145 1013 1220 necessariae,
1038 1165 1078 1209 an
1102 1168 1179 1213 con-

99 1226 268 1307 tingentes.

141 1304 211 1371 145.
236 1305 332 1389 Prop.
358 1305 449 1388 Leqee
465 1303 613 1392 physicae
630 1352 639 1381 ,
662 1307 690 1369 si
710 1306 751 1369 ad
771 1305 872 1369 Deam
893 1308 1009 1371 relatae
1039 1321 1178 1392 specten-

100 1398 176 1464 tur,
201 1399 272 1452 sant
296 1387 521 1470 contingentem
540 1387 589 1453 ein
608 1389 649 1452 ad
669 1409 719 1451 rer
738 1390 824 1472 ipsae
842 1387 958 1454 relatae
979 1391 1178 1458 consideren-

100 1481 169 1547 tar,
193 1479 264 1534 eant
287 1473 483 1535 necessariae.

141 1555 250 1617 Prima
273 1572 348 1637 pars
371 1551 528 1638 probatur
549 1561 660 1616 contra
682 1551 883 1616 Pantheistas
899 1554 934 1630 ¹,
957 1553 1131 1622 Fataiistas
1145 1561 1177 1635 ²,

100 1633 227 1700 Deistas
242 1635 266 1710 ⁵,
282 1643 315 1697 et
335 1655 476 1720 nuperos
497 1633 730 1700 Materialistas
744 1636 769 1698 ⁸.
786 1633 875 1699 Deus
896 1636 1176 1720 quemadmodum

101 1738 142 1782 ex
162 1715 332 1781 liberrima
361 1736 420 1781 sua
444 1717 609 1782 voluntate
639 1727 770 1782 naturas
792 1737 903 1781 rerum
932 1718 1107 1798 condidit,
1133 1723 1177 1787 ita

101 1820 142 1863 ex
164 1798 277 1864 eadem
300 1797 469 1864 liberrime
491 1798 658 1864 voluntate
679 1797 824 1864 diversos
846 1797 981 1879 modos,
1002 1800 1131 1886 quibus
1154 1806 1177 1868 i-

101 1901 178 1968 psae
200 1891 345 1946 mutuam
368 1883 529 1949 actionem
552 1882 585 1945 in
609 1901 678 1946 sese
700 1893 871 1957 exercent,
897 1881 1112 1970 diversasque
1136 1886 1179 1951 ie-

103 1984 182 2048 ges,
203 1962 324 2048 quibus
352 1964 493 2028 mundns
566 1961 746 2041 bernatur,
768 1964 948 2030 constituit.
972 1967 1061 2050 Ergo
1089 1968 1179 2053 teges

102 2056 250 2122 naturae,
266 2047 293 2110 si
309 2043 349 2108 ad
364 2045 470 2111 Deum
492 2057 611 2112 reatae
638 2045 896 2121 considerentur,
910 2047 1077 2113 eiusmodi
1091 2062 1177 2125 sunt,

102 2137 139 2192 ut
162 2127 257 2192 aliter
277 2147 345 2190 esse
367 2129 548 2213 potuerint,
571 2147 687 2214 nempe
708 2130 933 2212 contingentes
947 2132 971 2194 ⁵.

144 2209 214 2275 tte.
237 2208 348 2275 Altera
375 2229 449 2294 pers
472 2209 630 2296 probatur
650 2221 761 2277 contra
785 2223 934 2289 veteres,
964 2222 1178 2301 recentesque

140 2405 147 2440 ¹
171 2400 218 2461 iii,
240 2417 301 2452 cum
321 2403 447 2452 censeant
466 2401 578 2449 cunctas
597 2411 640 2448 res
658 2411 716 2446 esse
735 2400 897 2450 necessarias
916 2403 1118 2461 emanationes,
1141 2406 1180 2454 ret

103 2475 331 2527 manifestationes
351 2471 409 2531 Dei,
430 2471 605 2520 cohaerenter
624 2470 759 2520 blaterant
778 2474 848 2534 teges
866 2477 979 2523 naturae
999 2487 1051 2523 nan
1071 2488 1133 2526 esse
1151 2492 1179 2527 ι-

103 2550 171 2602 liud.
191 2547 239 2597 nisi
261 2548 352 2596 modos
371 2547 535 2601 constantes,
555 2549 635 2606 atque
656 2542 813 2602 nrriiormes,
834 2543 928 2607 quibos
947 2542 1018 2595 Dens
1037 2561 1066 2594 se
1086 2561 1180 2599 neeee

104 2623 173 2672 serio
193 2619 313 2677 effundit,
332 2623 360 2668 et
378 2617 487 2667 evolvit,

139 2693 150 2728 ²
170 2690 320 2743 &eundum
339 2693 422 2748 istos,
444 2687 512 2736 Deus
533 2689 558 2736 in
578 2687 678 2736 mundo
703 2687 839 2737 condendo
864 2690 1016 2739 necessitati
1041 2692 1182 2744 subiectas

103 2772 161 2823 est,
183 2779 214 2814 aa
235 2765 343 2826 proinde
364 2777 414 2812 non
435 2761 493 2811 aitis
513 2758 631 2823 tegibus,
651 2772 733 2823 quam
752 2773 819 2823 quas
838 2760 862 2808 ei
882 2760 970 2819 dedit,
991 2770 1180 2825 coagmentare

104 2841 111 2888 i
133 2851 192 2888 eum
213 2837 309 2898 potuit.

114 2853 153 2943 pi
176 2907 327 2959 Secundum
347 2906 443 2956 borum
463 2905 632 2962 senteutiam,
652 2899 723 2954 Deus
743 2904 872 2954 mundum
891 2918 906 2954 e
927 2919 954 2954 se
974 2907 1112 2958 eonditum
1131 2909 1180 2960 sibi

104 2983 154 3044 ipsi
182 2983 300 3045 reliquit.
324 2978 351 3029 in
370 2979 442 3028 hunc
462 2991 571 3027 censum
591 2975 700 3026 veniunt
719 2973 849 3026 Saissetus
868 2971 958 3045 (assat
970 2981 1077 3043 depbit.
1090 2981 1178 3045 retia„

103 3052 173 3105 Part.
196 3053 223 3112 i,
245 3051 335 3103 tteutt.
360 3047 406 3110 tx,
426 3051 470 3100 ed.
491 3051 518 3108 3,
540 3047 612 3099 Paris
635 3047 726 3117 1862),
746 3049 856 3112 aliique,
875 3049 920 3111 qui
941 3053 1070 3103 mundum
1089 3066 1104 3103 a
1125 3050 1179 3105 Deo

103 3125 207 3190 legibus
228 3122 421 3176 universalibus
441 3125 579 3172 dumtaxat
597 3120 739 3182 gubernari
759 3120 932 3183 obganniunt.

138 3195 202 3250 ab.
221 3212 260 3261 g„
282 3196 452 3254 Maiesobott,
474 3194 552 3258 Vogt,
574 3189 737 3251 Bitcbnerue,
758 3206 822 3242 cum
840 3194 930 3242 omnia
948 3207 981 3242 ex
1001 3199 1132 3248 materiae
1152 3199 1177 3250 ri

104 3271 169 3320 oriri
188 3271 358 3334 obganniunt,
379 3281 431 3317 non
451 3269 537 3317 sotum
559 3271 667 3315 naturas
687 3278 872 3326 rerumquae
892 3265 969 3323 flunt,
984 3268 1125 3320 sedetiam
1138 3272 1178 3321 le-

103 3355 159 3405 ges,
181 3344 328 3393 seeundum
347 3353 413 3405 quas
433 3340 514 3398 flunt,
536 3339 716 3395 necessarias,
736 3351 822 3400 aequo
841 3351 873 3386 ac
894 3341 1017 3399 materie,
1037 3355 1096 3392 esse
1114 3357 1178 3394 con—

106 3413 226 3462 tendunt.
248 3410 284 3464 Ct'
298 3413 488 3470 Bttahnerum,
510 3414 589 3462 Ferae
608 3417 631 3459 et
650 3407 776 3470 muttire,
797 3409 866 3459 trad.
886 3411 946 3470 cit„
968 3425 995 3474 p.
1016 3411 1062 3472 32,
1083 3420 1112 3463 et
1130 3415 1175 3475 3³,

105 3483 176 3534 Paris
196 3485 276 3535 1863.

142 3555 153 3588 ⁵
173 3548 208 3602 Cf
224 3569 245 3604 s.
266 3553 347 3619 dag..
369 3558 408 3606 De
427 3564 521 3605 natura
541 3554 602 3602 bant
621 3561 713 3605 eontra
732 3555 910 3614 Marricbaeor,
930 3568 957 3605 e.
970 3554 1000 3616 3,
1019 3563 1047 3607 et
1060 3559 1101 3611 De
1113 3559 1178 3612 Gerr.

106 3627 140 3677 att
160 3625 220 3686 tac,
242 3626 289 3677 tib.
311 3625 356 3690 tx,
377 3641 403 3677 c.
425 3627 468 3688 tr,
489 3639 517 3678 n.
540 3623 585 3676 ΒΞ.
