2475 3909
95 131 158 196 218
456 149 726 197 anstraoeouootn

57 231 195 304 tionem,
218 237 276 294 aut
297 227 551 293 subtractionem
575 233 720 306 unitatis,
738 231 781 295 ito
804 229 950 314 quidem,
965 239 1002 296 ut
1016 249 1130 294 nttme·

56 331 115 373 rus
128 311 279 395 superior
295 331 465 375 numerum
483 310 673 377 inferiorem
688 313 862 377 contineat.
878 312 1034 376 Diversae
1048 331 1131 394 quo-

58 413 121 476 que
143 393 269 478 species
298 391 477 475 figvirarum
502 395 546 458 ita
568 396 654 458 inter
675 415 708 459 se
731 403 984 480 comparantur,
1007 404 1043 458 ut
1065 412 1131 456 una

57 475 194 538 alteram
216 473 391 549 contineat,
406 495 436 537 e.
454 495 499 558 g,
514 487 733 561 pentagonum
746 477 891 543 continet
910 487 1130 560 tetragonum,

58 567 92 622 et
116 564 318 639 tetragonum
341 557 516 639 trigonum.
538 557 606 620 lam
629 559 712 623 sicut
733 577 887 621 numerus
908 559 1073 643 superior,
1098 577 1128 619 e.

60 658 91 720 g.
115 635 279 705 denarius,
295 656 359 699 non
384 657 439 720 per
459 639 561 702 alium
583 659 757 704 numerum
779 649 828 704 est
849 640 1057 713 novenarius,
1074 647 1134 702 aut

60 727 205 792 octavus,
220 728 252 783 et
266 737 324 800 per
345 719 447 782 alium
469 718 635 798 denariae
652 732 748 806 atque
773 732 971 804 pentagonus
993 740 1055 782 non
1073 740 1135 806 per

60 800 159 864 aliam
182 799 320 883 figuram
342 812 391 864 est
411 810 611 887 tetragonus,
638 823 696 884 per
717 803 812 866 aliam
836 804 995 947 triqonus,
1018 813 1052 865 et
1073 822 1135 884 per

60 882 159 946 aliam
182 892 395 965 pentagonum
412 884 456 948 ita
471 883 567 948 bomo
588 905 651 946 uon
675 883 770 948 babet
792 907 851 972 per
871 905 888 946 a
905 886 967 948 iam
990 883 1133 946 animam

59 983 122 1026 esse
145 963 320 1037 rationale,
343 985 401 1048 per
422 963 521 1028 aliam
546 986 609 1028 esse
638 968 846 1041 sensitivum,
873 984 931 1048 por
952 965 1049 1028 aliam
1070 982 1135 1026 esse

63 1046 307 1129 vegetativum,
331 1045 385 1109 sed
409 1045 460 1108 his
480 1045 631 1110 omnibus
660 1067 718 1132 per
738 1049 867 1112 unicam
890 1047 1032 1110 animam
1056 1065 1135 1128 qau-

62 1129 127 1191 det.
144 1127 255 1210 Neque
277 1123 365 1190 dicas
381 1128 586 1212 operationes
610 1130 819 1213 vegetativos,
841 1130 1020 1202 sensitivas,
1038 1138 1070 1191 et
1087 1127 1136 1188 in-

62 1207 261 1283 tellectivas,
284 1210 407 1294 quippe
428 1229 511 1293 quae
535 1210 577 1273 ab
599 1231 631 1273 se
653 1221 766 1276 natura
791 1210 968 1285 differunt,
992 1208 1033 1272 ab
1055 1228 1132 1282 una,

63 1288 240 1374 eademque
256 1293 365 1353 anima
389 1289 523 1375 produci
549 1313 612 1355 non
638 1313 740 1376 posse.
756 1293 838 1358 Num
863 1295 970 1356 anima
994 1291 1135 1356 humana

63 1395 81 1436 a
96 1374 201 1437 causis
222 1371 424 1436 naturalibus
440 1373 472 1435 in
488 1392 527 1436 eo
544 1375 750 1457 potissimum
772 1373 1030 1446 discriminatur,
1047 1369 1135 1455 quod

62 1457 167 1529 istae,
189 1475 262 1517 cum
286 1455 381 1517 unica
407 1455 440 1518 vi
463 1452 621 1540 operandi
650 1455 812 1539 polleant,
837 1455 965 1518 nonnisi
987 1452 1136 1517 eiusdem

62 1548 199 1602 naturae
215 1535 349 1601 allectus
366 1534 544 1620 producere
561 1549 705 1621 possunt3
723 1537 777 1600 illa
794 1548 915 1612 autent,
931 1555 1005 1601 cum
1020 1533 1138 1598 babeat

64 1617 175 1704 plures
197 1616 385 1691 facultates,
413 1638 496 1700 quae
523 1629 598 1682 sunt
621 1618 724 1703 princi
751 1619 780 1682 ia
804 1619 953 1703 proxima
975 1617 1139 1701 operatio-

63 1722 155 1775 num,
178 1698 324 1763 diversos
346 1699 482 1764 allectus
503 1717 637 1781 pereas
662 1638 840 1784 producere
865 1710 978 1786 potest.

105 1781 141 1848 4⁰
163 1778 297 1845 Accedit
311 1782 492 1845 communis
511 1782 679 1845 bominum
702 1783 882 1846 consensio.
899 1783 981 1848 Sane
1005 1799 1065 1842 ntis
1081 1797 1140 1840 au-

65 1862 175 1928 dimus
219 1863 376 1927 uemlibet
396 1884 415 1926 e
438 1861 531 1948 plebe
552 1860 714 1927 dicentem
738 1885 800 1928 non
823 1861 1025 1942 solum,qu
1047 1859 1141 1923 iutel-

66 1946 142 2029 lipo,
163 1883 219 2008 sed
242 1947 358 2019 etiam,
382 1944 450 2026 Epo
471 1946 586 2018 sentio,
608 1956 642 2008 et
663 1966 724 2008 non
753 1945 877 2020 solum,
898 1943 966 2026 Epo
987 1941 1139 2023 intelligo,

67 2040 94 2090 et
119 2028 235 2102 seatio,
258 2025 313 2090 sed
336 2026 452 2102 etiam,
476 2026 543 2108 Epo
563 2027 707 2101 nutrior,
730 2026 797 2108 Epo
818 2045 956 2108 capesce,
978 2025 1010 2088 E
1029 2045 1046 2086 o
1063 2043 1141 2107 pro-

67 2110 125 2177 lem
146 2128 267 2191 qenero,
291 2127 431 2182 necnon,
454 2109 522 2187 Epo
543 2107 702 2171 deambulo
718 2108 741 2171 ¹.
767 2110 866 2191 Atqui
890 2109 966 2182 bae,
989 2045 1140 2190 aliaeque

68 2209 257 2256 communes
277 2189 470 2263 locutiones,
490 2209 574 2273 quae
596 2189 779 2255 communis
801 2187 888 2252 modi
913 2185 1077 2274 cogitandi
1100 2187 1143 2249 si·

70 2292 131 2357 gna
154 2283 241 2344 sunt,
265 2271 508 2356 persuasionem
531 2271 699 2334 bominum
722 2271 769 2334 vel
795 2269 997 2354 plebeiorum
1012 2267 1051 2333 de
1068 2271 1142 2331 uui·

68 2365 133 2419 tate
156 2352 310 2438 principii
337 2352 445 2416 vitalis
467 2350 632 2426 denotant;
656 2372 728 2414 nam
752 2355 778 2416 si
802 2352 891 2416 aliud
915 2360 999 2417 esset
1021 2351 1143 2436 princi-

68 2436 161 2521 pium
184 2431 409 2510 substantiale,
432 2431 518 2517 quod
546 2433 714 2515 iutelligit,
738 2431 826 2498 aliud
852 2455 938 2509 vero,
960 2432 1046 2518 quod
1070 2452 1143 2494 sen-

69 2519 126 2594 tit,
149 2526 182 2581 et
204 2525 347 2600 vegetat,
370 2513 627 2598 unumquodque
652 2514 782 2581 illorum
807 2517 1044 2600 principiorum
1067 2511 1144 2575 sub-

70 2597 270 2664 stantialium
292 2596 495 2682 operationes
517 2597 684 2679 proprias,
708 2597 801 2662 alteri
828 2618 867 2661 ue
889 2596 973 2661 baud
996 2615 1143 2658 commu-

69 2700 128 2744 nes
148 2678 290 2753 baberet,
314 2676 515 2762 proindeque
539 2696 600 2739 non
626 2690 756 2774 possent
777 2617 884 2743 eidem
906 2679 1053 2742 subiecto
1073 2697 1144 2738 om-

71 2781 127 2824 nes
154 2759 229 2823 illae
260 2760 467 2842 operationes
498 2757 652 2822 adscribi.
677 2759 764 2845 Ergo
792 2779 832 2824 ex
853 2760 1015 2824 communi
1040 2757 1144 2821 homi-

71 2862 150 2906 uum
167 2843 375 2925 persuasione
396 2838 606 2904 confirmatur
627 2861 729 2904 unum
751 2861 818 2906 esse
843 2841 1043 2927 principium
1067 2838 1145 2904 sub-

73 2923 244 2995 stantiale,
267 2920 351 3005 quod
377 2919 550 3005 intelligit,
575 2920 660 2998 vult,
683 2924 795 2997 sentit,
820 2921 860 2987 de
884 2923 954 2987 loco
977 2923 1011 2988 in
1031 2921 1144 2986 locum

72 3027 106 3069 se
129 3015 247 3081 movet,
271 3005 539 3087 operationesque
562 3003 731 3086 vegetandi
754 3014 895 3070 exercet.

112 3083 146 3151 5⁰
170 3085 251 3150 Deni
278 3106 317 3149 ue
339 3085 364 3148 si
390 3085 589 3181 principium
612 3083 721 3161 vitale,
738 3098 867 3170 praeter
888 3085 1030 3150 animam
1047 3082 1147 3148 ratio·

73 3167 190 3241 nalem,
213 3167 244 3229 in
289 3167 398 3230 omine
421 3164 661 3242 admitteretur,
679 3166 785 3252 ipsum
808 3179 863 3234 aut
884 3164 1073 3240 materiale,
1089 3173 1147 3228 aut

73 3246 289 3312 immateriale
306 3267 375 3312 esse
390 3246 535 3312 deberet.
553 3249 652 3341 Atqui
676 3249 825 3312 neutrius
848 3248 976 3334 generis
990 3267 1060 3310 esse
1078 3256 1147 3330 pot·

73 3337 131 3391 est.
153 3327 235 3391 Nam
257 3329 285 3392 si
308 3327 473 3392 materiale
495 3346 565 3391 esso
586 3326 748 3403 dicitur²,
765 3329 845 3394 illud
868 3326 1047 3393 absurdum
1072 3347 1150 3392 oon·

116 3542 124 3576 l
145 3536 182 3589 Ct'
197 3537 301 3603 Gerdy,
329 3543 491 3606 Plrpsioloqis
508 3544 553 3590 der
571 3545 717 3592 consultum
727 3577 735 3602 ,
757 3547 781 3592 et
800 3544 832 3592 de
851 3545 1050 3609 l'lnteltt'pener,
1071 3561 1100 3611 p.
1122 3549 1149 3608 8,

78 3611 152 3668 Parte
174 3609 303 3662 tuto-²
324 3609 361 3662 lta
381 3615 498 3664 sentiunt
516 3609 676 3674 Gesreudtn,
697 3610 833 3676 bunonis,
853 3616 879 3667 el
897 3613 1048 3672 lltrtinius.
