2475 3909
108 146 170 211 ⁴228
506 160 683 208 rnascoom

69 251 145 325 tiae,
161 259 197 312 ut
213 266 304 333 saepe
322 246 501 322 innuimus,
516 245 585 311 sine
603 246 884 312 enunciationibus
899 244 1136 314 universalibus

69 333 209 396 existere
232 351 294 393 non
317 340 460 424 possunt.

110 413 160 479 ct.
183 413 381 477 Sententiam
408 407 572 487 Realium,
595 430 801 494 quocumque
826 410 921 475 modo
942 412 1137 497 explicetur,

69 492 244 559 absurdam
266 514 334 558 esse
361 492 411 557 his
431 489 557 555 duabus
579 490 856 579 propositionibus
878 495 1053 561 evincitur:

112 577 211 671 Prop.
234 574 279 640 1⁸.
303 572 503 641 Universolio
525 588 673 658 respuerant
688 595 750 637 esso
766 574 887 659 aliquid
902 586 975 639 tactu
990 578 1140 655 earisteus,

71 670 99 720 et
121 660 157 722 ab
179 682 191 721 t
215 656 370 723 alcredus
392 656 605 739 singularibus
628 660 752 722 connino
773 666 961 741 separatum.

119 677 287 807 Proditor.
303 739 519 814 Universalia,
533 760 562 802 e.
581 760 626 823 g.,
642 738 836 817 humanitas,
851 742 1004 806 essentias
1028 763 1140 805 rerum

73 824 286 896 constituunt,
308 820 453 906 alioquin
477 841 540 884 non
563 834 693 905 possent
716 820 896 905 praedicari
918 822 957 888 de
980 822 1078 889 rebus
1092 846 1143 889 se·

74 904 215 970 cundum
237 904 419 970 essentiam.
435 902 536 985 Atqui
559 912 717 987 repugnat
731 905 901 969 essentiam
917 918 987 971 octo
1001 926 1070 971 esse
1085 930 1143 973 ex·

74 1002 123 1051 tra
147 1009 228 1062 rem,
252 987 346 1049 cuius
368 986 507 1050 essentia
521 995 578 1058 est,
594 988 673 1069 quia
690 1006 741 1049 res
755 988 824 1050 sine
842 990 981 1053 essentia
1003 1010 1071 1053 esse
1086 1012 1143 1054 ue-

75 1072 157 1153 quit.
182 1071 270 1153 Ergo
292 1067 362 1131 fieri
391 1088 454 1132 non
478 1077 599 1150 potest,
623 1081 658 1133 ut
680 1068 875 1133 universalia
897 1072 1029 1135 omniuo
1052 1091 1070 1135 a
1091 1094 1128 1137 re

75 1153 138 1217 hus
158 1151 310 1226 discreta,
332 1159 366 1214 et
386 1149 530 1213 seiuncta
550 1160 622 1212 ectu
644 1150 792 1214 existant.

117 1236 168 1300 92.
193 1236 291 1320 Prop.
306 1231 354 1295 2⁸.
373 1230 573 1297 Universalio
592 1251 653 1295 non
671 1232 811 1295 existunt
832 1242 905 1297 actu
926 1235 961 1295 in
974 1232 1064 1299 rebus
1078 1238 1144 1300 sin-

75 1318 249 1398 galeribus.

119 1399 286 1463 Probatur.
310 1394 473 1471 Quoniam
496 1394 713 1469 universalia,
737 1395 785 1459 uti
808 1394 964 1475 diximus,
986 1401 1143 1465 essentias

76 1502 187 1545 rerum
216 1481 436 1552 constituunt,
459 1477 486 1540 si
511 1478 581 1561 ipsa
609 1488 682 1542 actu
710 1477 884 1545 existerent
908 1480 938 1543 in
961 1479 1057 1545 rebus
1079 1484 1146 1546 sin·

81 1561 263 1647 galeribus,
286 1567 538 1643 consequeretur
562 1556 657 1624 rebus
679 1559 901 1643 singularibus
918 1564 1092 1628 essentiam
1107 1586 1146 1628 u-

80 1646 274 1709 niversalem
309 1644 437 1717 inesse,
458 1649 490 1705 et
511 1640 665 1725 quoniam
698 1642 860 1724 quaelibet
886 1665 936 1709 res
960 1666 1018 1731 per
1037 1666 1147 1710 essen,-

80 1727 159 1792 tiam
185 1746 275 1791 suam
298 1725 437 1789 efficitur
459 1721 516 1798 id,
536 1721 623 1807 quod
646 1734 706 1803 est,
731 1745 781 1787 res
802 1727 999 1810 singulares,
1021 1728 1146 1813 quippe

79 1830 163 1895 quae
185 1807 323 1874 essentia
345 1805 522 1871 universali
550 1805 746 1891 gauderent,
770 1807 865 1874 simul
889 1810 1090 1894 singulares,
1113 1820 1149 1876 et

79 1891 279 1960 universales
300 1888 455 1954 dicendae
478 1887 594 1952 forent.
618 1892 719 1973 Atqui
742 1887 773 1951 id
796 1902 966 1977 repugnat.
991 1892 1092 1977 Ergo.

120 1974 171 2040 93.
196 1974 330 2058 ltaque,
352 1973 411 2036 etsi
433 1970 569 2036 essentia
596 1970 788 2036 universalis
810 1995 872 2038 non
895 1976 957 2051 sit,
981 1976 1028 2039 uti
1050 1987 1147 2041 antea

80 2055 384 2126 demonstravimus,
407 2056 540 2117 omnino
562 2053 708 2120 seiuncta
731 2074 749 2118 a
772 2056 881 2134 rebus;
899 2069 1003 2121 tamen
1028 2057 1148 2140 ipsein

80 2138 180 2203 rebus
202 2133 423 2222 singularibus
444 2147 516 2200 actu
540 2156 602 2200 non
627 2137 806 2215 invenitur,
832 2151 927 2223 prout
949 2148 997 2203 est
1018 2140 1150 2203 univcr-

83 2220 174 2296 salis,
197 2219 250 2283 sed
273 2228 370 2303 prout
389 2239 406 2281 a
416 2215 632 2362 ¹:pualitatibus
654 2218 875 2365 singularibus
896 2222 929 2285 in
952 2240 1148 2305 unaquaque

83 2324 118 2367 re
139 2301 386 2367 determinatur.
444 2296 574 2381 xemplo
606 2320 674 2362 rem
729 2300 916 2367 coleremus.
945 2305 976 2371 Si
1007 2302 1150 2369 humana

83 2395 211 2462 natura,
228 2392 323 2469 prout
344 2390 392 2445 est
406 2380 608 2456 universalis,
624 2391 708 2446 esset
730 2394 803 2450 actu
819 2387 852 2449 in
869 2383 1053 2461 individuo,
1069 2399 1151 2481 puta

83 2470 118 2531 in
141 2468 292 2542 Socrate,
315 2464 462 2530 Socrates
481 2472 565 2525 esset
585 2464 711 2547 species
732 2466 883 2535 humana.
908 2468 959 2533 Ex
979 2484 1041 2551 quo
1068 2466 1150 2533 tllud

83 2551 184 2614 etiam
204 2548 286 2623 uuit,
301 2542 388 2630 quod
411 2544 437 2607 si
462 2552 526 2609 tota
548 2545 674 2628 speeies
693 2548 831 2611 hnmana
853 2559 936 2615 esset
958 2549 991 2613 in
1007 2550 1149 2625 Socrate,

84 2634 230 2698 Socrates
245 2628 343 2694 simul
363 2628 568 2711 experiretur
589 2626 774 2695 affectiones
795 2632 939 2696 omnium
962 2630 1151 2697 individuo·

84 2734 158 2776 rum
180 2713 357 2778 hominum.
381 2710 452 2787 lta,
476 2713 501 2773 si
525 2718 591 2774 tota
620 2712 745 2795 species
773 2713 911 2777 humana
931 2725 1016 2780 esset
1036 2714 1068 2778 in
1092 2716 1152 2781 So·

85 2804 184 2870 erato,
207 2794 425 2875 consequitur,
448 2790 646 2875 ubicumque
668 2804 716 2858 est
738 2794 935 2874 humanitas,
959 2816 1027 2861 esse
1050 2797 1151 2861 etiam

86 2880 260 2954 Socratem,
283 2873 336 2937 ide
381 2896 422 2938 ue
444 2875 607 2941 Socratem
630 2895 699 2939 osse
722 2874 820 2939 simul
843 2876 978 2955 Romae,
1002 2878 1151 2955 Athenis,

86 2971 117 3026 et
141 2961 174 3022 in
194 2955 345 3024 omnibus
377 2957 459 3031 ocis,
475 2957 508 3019 in
527 2953 649 3039 quibus
670 2957 790 3041 singuli
805 2957 951 3024 homines
967 2971 1154 3038 versantur3

85 3064 168 3128 quae
190 3041 297 3106 omnia
320 3049 395 3103 sunt
417 3036 586 3101 manileste
608 3036 760 3103 absurda.

382 3170 450 3223 ilar.
472 3169 517 3220 ΙΙΙ.
531 3199 563 3207 -
575 3168 611 3221 lle
632 3166 864 3236 Conceptnattsmo

127 3286 178 3353 94.
195 3285 391 3351 Sententiam
406 3276 676 3364 Conceptualium
698 3300 760 3343 non
775 3280 909 3365 quidem
925 3284 1027 3369 priori
1042 3287 1153 3366 modo,

88 3366 144 3433 sed
165 3364 306 3432 secundo
338 3360 434 3428 modo
466 3370 629 3445 acceptam
657 3363 787 3427 veritati
808 3384 877 3429 esse
905 3379 1156 3435 consentaneam

88 3471 130 3516 ex
150 3447 422 3514 demonstratione
450 3444 656 3540 sequentium
690 3446 947 3529 propositionum
974 3445 1155 3538 colligitur:

129 3526 520 3615 Prop.1¹.Unioersolm
546 3546 607 3589 non
637 3536 709 3589 sunt
737 3528 926 3593 uniuersales
948 3537 1157 3619 susceptiones

102 3610 270 3687 malleolus,
293 3612 404 3696 quibus
429 3607 514 3682 sitit
533 3607 678 3672 obiectiui
698 3610 866 3694 respondet.
