2475 3909
467 167 665 218 cosuouonre
1010 150 1065 216 1u1

43 273 75 316 e.
102 273 147 338 g,
170 263 218 318 est
239 253 492 336 eompcnetratio
514 249 653 314 duorum
675 271 870 336 corporum,
897 271 979 336 quae
1002 252 1036 316 in
1058 273 1107 316 re-

42 337 244 400 surrectione
266 334 291 398 1.
315 333 435 399 Christi
463 355 504 398 er
526 331 674 418 sepulcro
702 353 765 396 non
791 342 929 418 aperto,
952 346 1048 418 atque
1072 336 1106 399 in

43 418 127 481 Eius
150 419 295 502 ingressu
318 416 358 479 ed
379 415 557 500 discipulos
580 435 656 480 euos
674 463 683 492 ,
703 415 819 480 clausis
841 415 958 492 ianuis,
980 417 1105 493 evenit;

43 502 168 584 quippe
190 498 290 582 qood,
306 518 380 562 cum
401 519 496 562 omne
511 515 631 582 corpus
644 498 687 563 sit
707 497 897 562 naturaliter
912 498 1107 582 impenetra-

42 579 109 645 bile
131 630 138 653 ‚
161 583 489 666 compenetrationem
511 579 651 643 duorum
673 600 848 666 corporum
874 581 979 645 omnis
999 591 1106 646 creata

43 666 94 728 vis
119 664 205 726 nullo
228 663 322 726 modo
344 664 468 726 cllicerc
491 672 604 746 potest.

87 747 154 810 151.
172 743 368 810 llliraculum
385 766 461 808 vcro
476 743 574 829 quoad
587 742 756 807 subiectum
770 742 893 809 dicitur
907 765 1000 828 opus,
1015 743 1106 829 quod

42 828 131 892 vires
153 828 251 892 totius
274 839 405 891 naturae
428 836 553 891 creatae
570 835 702 911 superat
724 847 786 889 non
802 828 940 891 essentia
962 848 1033 903 sua,
1048 827 1105 893 sed

42 919 179 996 propter
206 909 423 972 conditionem
453 907 613 983 subiecti,
636 910 670 972 in
697 929 762 992 quo
783 907 834 983 lit;
859 910 904 974 ita
932 921 968 974 ut
988 929 1105 974 causae

40 1001 172 1057 creatae
195 991 312 1055 similia
336 989 383 1053 illi
406 991 530 1056 efficere
554 987 705 1067 valeant,
729 989 782 1054 scd
806 1012 869 1054 non
890 991 922 1053 in
945 991 1106 1070 subiecto,

42 1077 79 1139 in
101 1093 167 1158 quo
190 1071 269 1136 illud
291 1071 438 1138 ellicitur.
455 1073 502 1137 lta
523 1081 647 1136 certum
668 1070 763 1135 nobis
784 1083 832 1138 est
852 1093 965 1138 causas
981 1084 1106 1139 creatas

41 1154 86 1220 ad
109 1156 223 1228 vitam,
238 1165 270 1220 et
282 1155 440 1218 visionem
463 1156 496 1218 in
519 1153 615 1218 rebus
638 1152 877 1239 producendam
898 1176 1103 1233 concurrere,

39 1238 123 1322 quia
145 1238 254 1301 vivens
275 1259 293 1301 a
316 1237 443 1302 vivente
477 1237 647 1322 gignitur,
671 1247 765 1320 atque
798 1236 881 1302 visio
914 1237 1105 1303 inanimali

40 1319 191 1404 perlecto
220 1321 541 1404 per·generationem
563 1317 739 1383 obtinetur.
762 1321 805 1385 ΙΙΙ
825 1327 912 1385 certe
944 1319 1043 1384 vitam
1071 1322 1105 1384 in

40 1411 173 1465 mortuo
196 1402 418 1475 exsuscitare,
441 1411 497 1466 aut
518 1400 676 1465 visionem
701 1419 796 1464 caeco
819 1401 989 1466 restituere
1017 1401 1104 1465 nulla

39 1484 109 1548 alia
130 1503 225 1548 eausa
249 1493 371 1568 potest,
393 1483 449 1548 sed
470 1481 557 1548 solus
580 1481 693 1557 Deus,
716 1483 773 1567 qni
795 1483 937 1550 viventia
960 1504 978 1547 e
1001 1483 1103 1548 nihilo

38 1565 170 1640 eduxit,
193 1577 226 1630 et
249 1567 371 1630 visione
395 1565 548 1630 animalia
572 1562 715 1649 perlecta
738 1566 876 1630 orn‘avit.

84 1648 154 1713 152.
177 1646 324 1731 Denique
348 1647 541 1714 miraculum
563 1647 662 1732 quood
681 1649 807 1711 medem
829 1658 877 1713 est
897 1667 990 1733 opus,
1013 1645 1103 1732 quod

40 1751 103 1794 nec
125 1741 256 1817 propter
277 1731 464 1806 essentiam,
488 1749 546 1793 nec
569 1740 701 1814 propter
722 1727 930 1804 subiectum,
953 1727 1007 1794 sed
1031 1747 1105 1812 pro-

40 1822 116 1898 pter
137 1811 281 1886 modum,
304 1833 369 1897 quo
390 1809 436 1888 lit,
460 1813 544 1876 vires
566 1813 666 1877 totius
687 1823 821 1878 naturae
844 1824 969 1876 creatae
993 1831 1106 1894 super-

40 1894 200 1979 greditur.
218 1892 414 1958 Huiusmodi
438 1891 593 1957 miracula
610 1893 765 1968 existunt,
781 1914 854 1956 cum
869 1903 1019 1976 aegrotus
1032 1895 1102 1956 sine

39 1976 183 2060 praeviis
205 1974 370 2051 remediis,
394 1987 427 2041 et
448 1976 517 2040 sine
540 1975 604 2039 ulla
627 1976 703 2039 crisi
726 1974 930 2049 convalescit,
953 1974 1039 2038 vires
1063 1996 1104 2038 ue

39 2059 192 2145 corporis
212 2058 320 2124 subito
341 2059 490 2135 resumit,
508 2059 557 2124 vel
579 2077 654 2122 oum
677 2069 846 2144 tempestas
867 2057 900 2120 in
923 2058 1050 2141 tranqui
1078 2059 1103 2122 i·

39 2153 144 2207 tatem
167 2139 274 2205 subito
295 2150 439 2206 mutatur
454 2139 477 2202 ¹.

83 2223 153 2288 153.
176 2223 228 2287 Ex
252 2223 305 2298 iis,
327 2241 410 2306 quae
430 2220 470 2286 de
490 2221 633 2296 notione,
649 2228 682 2287 et
695 2219 833 2287 diversis
854 2219 1022 2306 speciebus
1044 2220 1104 2285 mi·

37 2305 145 2370 raculi
168 2305 351 2379 statuimus,
369 2302 463 2368 lacile
486 2302 692 2448 intellipitur,
708 2302 784 2388 quid
807 2301 948 2367 ,stratio
967 2324 985 2367 a
1002 2302 1100 2367 mira-

36 2389 115 2453 culo
129 2386 268 2451 differat.
285 2387 334 2450 En
355 2384 499 2464 brevem,
523 2386 597 2449 lucu
611 2393 782 2471 cutemque
804 2385 962 2451 theoriam
977 2405 1003 2448 s.
1020 2383 1102 2449 Tho-

37 2491 114 2536 mae
128 2471 161 2533 ²:
185 2468 233 2533 dd
255 2467 459 2532 efficiendum
491 2464 642 2532 mirabile
664 2465 729 2534 duo
750 2468 983 2554 requiruntur:
1008 2464 1040 2530 1⁰
1061 2478 1099 2533 ut

462 2600 728 2617 Q

77 2665 86 2701 ¹
107 2659 207 2714 Exinde
225 2658 352 2722 explicari
371 2659 468 2718 potest,
487 2665 540 2716 qua
559 2650 662 2701 ratione
681 2653 809 2703 miracola
828 2668 919 2720 supro,
938 2654 980 2706 rel
998 2662 1100 2714 centro,

36 2737 81 2790 vet
101 2743 204 2800 praeter
223 2738 344 2784 naturam
370 2742 431 2778 cum
457 2725 549 2774 codem
575 2719 707 2786 Aquinate
732 2724 783 2775 dici
807 2729 917 2788 possint.
943 2725 1103 2778 lllraculum

36 2825 120 2875 supra
139 2815 261 2858 naturam
280 2803 337 2853 lieri
357 2801 464 2856 dicitnr,
485 2811 546 2846 curn
568 2801 640 2858 petet
658 2797 723 2845 iliud
743 2810 868 2859 superare
880 2802 949 2850 vires
962 2802 1043 2850 totius
1056 2814 1104 2850 na-

37 2889 117 2932 turae
135 2883 252 2936 creatae,
273 2891 304 2926 eo
323 2873 393 2938 qircd
412 2873 520 2934 quaevis
533 2873 626 2917 nature
641 2869 717 2918 illum
730 2857 854 2921 ellectum
867 2874 909 2923 vel
922 2874 1027 2923 omnino
1041 2887 1104 2936 pro·

34 2957 138 3005 duem
157 2967 209 3002 „00
229 2954 323 3014 potest,
339 2947 379 2996 vel
399 2946 474 2994 illum
494 2941 640 3003 producere
659 2955 711 2990 non
730 2947 817 3004 potest
835 2946 861 2994 in
879 2959 912 2996 eo
931 2946 1059 3005 subiecto,
1074 2947 1102 2996 in

35 3042 93 3091 quo
113 3025 270 3091 productum
289 3019 460 3081 conspicitur.
488 3013 646 3064 lliracntum
666 3027 729 3064 vero
747 3025 838 3068 contro
855 3026 977 3068 cererem
1001 3018 1102 3080 patrari

35 3102 149 3158 (nonus,
169 3099 189 3147 ci
210 3101 235 3146 tn
255 3094 343 3150 rebus,
365 3088 503 3152 inquibus
523 3086 563 3144 lit,
581 3105 591 3130 ι
608 3090 739 3146 remanet,
759 3093 789 3137 ut
807 3103 830 3139 s.
850 3086 964 3141 Thomas
983 3093 1030 3147 att,
1050 3090 1102 3139 dis-

36 3174 135 3239 positio
156 3169 287 3222 oontreria
302 3166 333 3215 ad
347 3163 481 3220 ellectum,
496 3173 575 3224 quem
596 3155 664 3208 Deus
678 3159 742 3209 iacit
757 3179 768 3205 ι
784 3157 845 3228 (oq.
859 3165 962 3227 dispp„
976 3164 1015 3213 De
1028 3163 1099 3220 Pet„

36 3261 67 3310 q.
82 3243 129 3303 Vl,
144 3259 169 3294 a.
185 3241 245 3293 iad
260 3236 300 3309 3).
321 3235 473 3286 Huiusmodi
494 3233 654 3281 miraculum
675 3232 775 3283 lactum
795 3240 850 3291 est,
870 3249 931 3284 cum
952 3236 1018 3298 ignis
1036 3247 1101 3295 pue·

36 3333 81 3370 ros
101 3315 239 3381 Babylonis
259 3325 311 3364 non
330 3308 484 3360 combussit,
505 3310 660 3355 remanente
679 3307 705 3355 in
723 3320 756 3355 eo
774 3309 881 3366 virtute,
896 3321 948 3370 que
966 3308 1100 3356 ministros

37 3391 109 3454 regis
127 3388 253 3440 incendit.
276 3383 390 3447 Denique
409 3381 508 3448 elicitur
526 3379 685 3426 miraculum
698 3392 755 3429 esse
766 3388 870 3443 praeter
887 3387 1022 3436 suturam,
1037 3393 1101 3427 ⁰¹¹¹ss

38 3471 132 3514 netum
152 3468 192 3512 est
210 3459 274 3508 illud
294 3470 350 3507 csse
370 3453 493 3504 ellectum
507 3464 586 3514 quem
601 3454 696 3499 natura
709 3456 795 3515 potest
814 3452 921 3516 quidem
942 3453 1098 3515 producere,

37 3537 84 3587 sed
106 3550 155 3585 non
177 3537 201 3584 tn
220 3533 266 3580 illu
282 3531 370 3588 modo,
384 3541 437 3592 quo
452 3537 541 3575 revera
556 3523 722 3585 producitur,
734 3537 760 3573 e.
774 3538 813 3588 p,
827 3522 976 3589 Aegyptum
992 3529 1101 3587 repente

37 3612 112 3660 ranis
130 3613 242 3658 scatere.

75 3684 88 3721 ²
109 3681 128 3739 t,
142 3697 169 3744 q,
183 3677 239 3744 CX,
253 3692 278 3725 n.
294 3675 355 3726 tad
369 3674 396 3732 *23
411 3671 472 3721 cis.
487 3667 568 3730 lua,
582 3670 718 3730 Deleta..
737 3671 785 3721 lib.
799 3667 845 3729 ΙΙΙ,
867 3686 891 3720 c.
908 3672 933 3727 7,
953 3672 981 3729 8,
1002 3678 1029 3722 ct
1052 3669 1097 3719 iu.

112 3767 217 3816 Pueros.
231 3756 342 3813 Cumsr.
358 3755 494 3819 Cenipmd.
511 3750 549 3856 ΙΙΙ
912 3753 967 3801 11c
