2475 3909
163 162 221 227 116
372 159 381 185 '
550 171 752 222 cosuoeoora

164 257 332 328 Probatur.
356 261 490 326 Certum
512 269 560 325 est
583 256 616 324 1⁰
638 276 757 341 eorpus
777 256 846 321 sine
867 257 951 323 trina
972 258 1181 335 dimensione,

122 369 181 412 seu
194 345 381 411 extensione
403 341 593 408 naturaliter
607 359 677 406 esse
699 359 761 404 non
778 359 891 424 posse;
906 337 941 404 2⁰
955 343 1106 427 quamtis
1121 363 1183 406 non

121 449 233 495 omnes
249 427 462 513 proprietates
484 423 634 509 corporis
648 442 666 484 a
679 421 745 486 sola
760 423 844 487 trina
861 420 1059 488 dimensione
1080 427 1185 491 orian-

122 522 189 586 tur,
206 521 312 575 tamen
334 509 453 574 trinam
475 505 711 570 dimensionem
732 502 867 589 intelligi
883 505 981 571 veluti
1000 503 1185 570 fundamen-

123 602 205 671 tum,
222 599 254 656 et
274 589 456 656 subiectum
478 586 625 651 omnium
646 587 896 670 proprietatnm,
911 598 944 652 et
964 587 1182 661 affectionum,

123 695 207 761 quae
235 674 426 756 incorpore
450 678 534 734 sunt.
558 668 767 753 Quapropter
797 671 936 734 essentia
957 672 1103 754 eorporis
1135 672 1184 735 rel

124 758 158 823 in
181 753 509 827 manutenentes,
533 749 580 815 vel
604 751 638 814 iu
658 749 813 832 serpentia
833 756 1017 816 antonianis
1040 753 1185 838 ponenda

124 849 183 905 est.
207 837 306 921 atqui
328 835 467 902 essentia
488 833 635 916 corporis
658 830 691 894 in
713 830 830 896 actuali
851 837 1050 910 extensione,
1074 856 1185 920 quem-

125 916 299 986 admodum
327 915 549 992 ostendimus,
573 914 678 998 posita
705 934 774 979 esse
798 917 921 999 nequit.
944 919 1032 1001 Ergo
1059 918 1127 1001 ipsa
1151 919 1185 982 in

125 1003 282 1084 enipeote'o
301 999 500 1065 extensionis
521 997 680 1073 consistit,
702 1017 831 1081 nempe,
846 1008 882 1063 ut
903 1021 929 1062 s.
942 998 1079 1063 Thomas
1101 1000 1185 1072 ait¹,

126 1087 160 1180 in
183 1103 236 1160 eo,
259 1105 276 1144 a
293 1083 379 1168 qnod
400 1082 450 1146 rei
471 1078 634 1164 corporali
665 1075 802 1143 debetur
822 1079 941 1145 habere
973 1092 1038 1146 tres
1064 1080 1189 1146 dimen-

126 1187 232 1230 siones
247 1189 275 1227 n.

165 1248 216 1312 55.
234 1247 463 1312 Extensionem
484 1263 548 1307 uon
569 1241 732 1315 actualem,
748 1239 802 1305 sed
816 1242 985 1308 radicalem
1007 1265 1087 1323 esse,
1103 1266 1188 1330 quae

127 1331 299 1394 essentiam
321 1329 467 1414 eorporis
488 1323 665 1401 constituit,
681 1321 891 1390 confirmatur
911 1328 970 1392 hoe
983 1337 1185 1412 argumento:

127 1414 275 1478 Essentia
296 1410 493 1476 substantiae
515 1427 691 1493 corporeae
706 1405 739 1469 iu
754 1405 810 1470 illa
824 1410 1013 1475 extensione
1034 1419 1082 1474 est
1095 1431 1192 1498 repo-

125 1493 256 1570 nenda,
279 1512 361 1576 quae
385 1493 447 1580 ipsi
469 1489 638 1556 dumtaxat
658 1489 817 1552 convenit.
841 1492 884 1553 nt
906 1493 940 1556 ui
963 1492 1108 1557 extensio
1136 1514 1191 1556 ro»

126 1575 253 1652 dicetis,
274 1595 338 1638 non
362 1596 438 1639 vero
459 1571 591 1638 poteolis
611 1571 761 1636 oouveuit
780 1571 838 1634 uni
860 1593 898 1638 su
921 1576 1055 1639 stantiae
1074 1594 1192 1659 eorpo-

126 1679 214 1734 reae;
231 1657 310 1744 quia
324 1658 471 1723 extensio
493 1651 629 1719 actualis
650 1653 800 1746 convenit
812 1674 942 1754 quoque
955 1655 1194 1734 accidentibus3

127 1755 160 1807 at
181 1762 245 1805 non
267 1740 429 1817 radiculis,
452 1740 519 1803 sive
541 1736 697 1820 enipentse
719 1737 928 1816 extensionis,
943 1739 1021 1824 qnia
1042 1737 1196 1804 acciden-

127 1825 173 1888 tia
194 1845 259 1888 uou
280 1843 339 1907 per
360 1844 406 1899 se,
429 1820 484 1886 sed
506 1819 631 1884 ratione
657 1814 809 1894 subiecti,
832 1817 866 1882 in
887 1841 952 1906 quo
973 1830 1060 1895 snut,
1083 1833 1197 1888 exten·

126 1910 250 1972 sionem
271 1906 416 1992 exigunt.
440 1904 528 1988 Ergo
549 1900 696 1965 extensio
717 1897 881 1981 radiculis,
897 1924 962 1967 nou
984 1923 1061 1968 vero
1082 1915 1196 1970 aetua-

128 1990 169 2054 lis
190 1988 362 2054 essentiam
384 1984 580 2052 substantiae
602 2002 777 2068 corporeae
791 1985 959 2051 constitnit
972 1986 996 2049 ².
1012 1985 1103 2062 Quae
1118 2007 1196 2051 eum

128 2073 173 2136 ita
196 2072 287 2166 siut,
308 2091 427 2156 eorpus
448 2067 514 2132 dici
538 2075 642 2152 potest
663 2064 836 2131 substantio
859 2067 975 2132 trinam
997 2068 1122 2151 exiente
1144 2069 1196 2133 di-

130 2173 329 2218 mensionem.

528 2267 707 2338 CAPVT
739 2269 794 2335 lll.

297 2397 340 2462 lle
363 2393 546 2479 praecipuis
566 2407 742 2474 corporum
761 2393 1020 2474 proprietatibus

439 2520 505 2569 Aur.
528 2515 549 2568 l.
564 2545 598 2554 —
612 2514 650 2566 De
668 2518 819 2566 extensione

171 2639 222 2704 56.
246 2634 412 2710 Extensio,
435 2633 504 2695 sire
526 2629 690 2714 quantitas
711 2625 874 2704 continua,
897 2641 945 2698 est
966 2632 1022 2697 illa
1044 2639 1200 2722 eorporis

132 2723 338 2809 proprietas,
361 2734 538 2802 perquam
561 2712 667 2794 ipsum
689 2707 784 2773 habet
812 2721 917 2794 partes
944 2728 1034 2783 extra
1056 2729 1194 2802 partes,

131 2818 227 2890 atque
249 2823 304 2867 eas
326 2796 491 2864 communi
522 2793 651 2858 vinculo
672 2790 864 2876 colligatas,
888 2795 931 2860 ita
954 2809 991 2862 ut
1012 2820 1117 2864 unum
1138 2823 1204 2886 per

129 2910 159 2950 se
183 2885 330 2952 efficiant.
346 2876 518 2958 Quomodo
539 2875 618 2940 liaeo
640 2874 824 2960 proprietas
845 2876 880 2940 in
901 2897 1039 2965 corpore
1060 2883 1200 2963 existat,

131 2977 175 3044 ex'
195 2967 353 3041 doctrina,
377 2982 475 3048 quam
497 2955 718 3032 defendimus,
734 2954 774 3019 de
795 2961 1024 3028 constitutione
1044 2969 1203 3049 eorporis

131 3051 216 3122 haud
239 3046 369 3115 difficile
388 3056 437 3110 est
450 3041 646 3137 intelligere
665 3037 747 3134 Nam
768 3038 796 3102 si
818 3059 949 3128 corpus,
964 3047 1012 3110 uti
1029 3056 1205 3114 ostensum

131 3147 204 3210 est,
228 3154 270 3198 ex
290 3127 451 3203 materia,
475 3124 572 3191 veluti
596 3139 760 3216 prmospro
783 3126 936 3206 passivo,
959 3135 1055 3194 etex
1076 3127 1204 3208 forma,

131 3217 229 3282 veluti
252 3235 295 3280 ex
315 3209 478 3295 principio
497 3206 885 3286 activo,e1urgrt,nemo
906 3229 972 3274 non
993 3208 1115 3276 videta
1131 3233 1205 3276 ma-

132 3301 213 3366 teria
234 3294 394 3384 pullulare
416 3300 568 3374 oportere
590 3291 709 3372 partes,
724 3303 766 3350 ex
784 3286 905 3383 quibus
926 3311 1044 3376 eorpus
1063 3313 1205 3381 nempe-

133 3383 235 3456 nitur,
251 3389 348 3463 atque
371 3393 429 3459 per
449 3369 589 3434 formam
612 3380 720 3453 partes
740 3367 787 3433 ita
800 3379 885 3450 mter
898 3394 932 3438 se
953 3374 1150 3454 cohaerere,
1165 3387 1207 3440 ut

174 3593 293 3646 ⁵(loeta.
314 3597 400 3647 Gent..
420 3591 468 3642 lib.
489 3587 535 3650 lv,
556 3603 581 3639 e.
597 3587 643 3638 nt.

171 3660 237 3718 ²Cl
253 3681 275 3715 a·
295 3663 388 3726 Basti„
410 3667 488 3714 Hom.
509 3659 545 3712 lll
564 3663 592 3712 io
612 3657 754 3721 amnem,
774 3675 801 3710 u.
822 3659 850 3710 4.
