2475 3909
523 189 707 236 ONTOLOGIA

480 312 660 378 CAPVT
692 315 735 382 X.

197 438 243 502 lte
265 437 407 519 septima
428 435 609 517 cateqoria,
633 453 716 517 quae
738 435 870 500 dicitur
889 457 908 496 ι(
929 435 987 500 ubi
1009 457 1027 497 »

281 563 347 616 Ᾰιτ.
362 563 383 616 l.
396 595 428 603 -
439 562 566 616 Notionee
584 569 644 624 ubi,
664 572 692 616 et
711 567 761 616 loct
778 565 951 618 declarantur

115 676 187 742 203.
211 673 296 738 lllud
313 673 475 748 accidens,
495 671 581 757 quod
597 670 795 737 substantiae
817 693 994 757 corporeae
1013 673 1163 752 adiacet,

75 771 171 844 atque
194 755 304 828 efficit,
326 767 363 820 ut
385 755 455 838 ipsa
477 755 617 838 quodam
641 754 712 817 loco
731 754 950 830 contineatur,
965 766 998 820 et
1013 756 1164 820 circum-

77 839 254 912 scribatur,
278 837 407 900 nominc
428 835 482 898 oli
504 835 705 920 designatur.
730 836 826 910 Hinc,
843 835 1020 900 secundnm
1035 837 1073 900 Β.
1095 838 1165 902 Al·

75 923 206 987 bertum
230 919 291 992 Μ.,
313 917 369 982 ubi
391 927 439 982 ost
465 943 482 980 o
506 917 767 1001 circumscriptio
795 919 945 1014 corporis
966 939 985 980 a
1006 918 1067 985 loci
1089 919 1166 984 cir-

76 1001 330 1084 cumscriptione
353 999 558 1084 procedens¹
582 1022 611 1060 n.
636 1000 687 1064 Ex
708 1019 772 1081 qua
796 1010 928 1064 notione
950 999 1005 1062 udi
1027 1003 1166 1086 perspi-

75 1087 164 1149 citur
187 1081 306 1156 locum,
330 1093 365 1146 ut
386 1081 474 1145 idem
502 1081 622 1146 Doctor
644 1079 760 1164 inquit,
783 1101 853 1145 esse
876 1080 971 1158 illud,
993 1104 1011 1143 «
1033 1103 1051 1145 a
1071 1104 1162 1168 quo,

78 1169 164 1231 sicut
185 1184 203 1226 a
225 1183 335 1239 causa,
358 1162 393 1228 lit
416 1165 523 1248 ipsum
549 1163 630 1228 oti*
655 1186 684 1225 n.
707 1162 816 1238 Quare
842 1164 934 1228 notio
955 1162 1012 1226 uli
1032 1185 1073 1228 ex
1094 1187 1165 1230 no-

78 1251 164 1313 tione
188 1245 249 1309 loci
274 1245 378 1328 magis
399 1244 594 1310 declaratur.

116 1329 188 1393 aut.
213 1329 279 1392 lam
303 1325 393 1390 loeus
414 1327 593 1392 secundum
615 1325 824 1390 Aristotelem
848 1322 1012 1389 delinitur:
1035 1327 1167 1392 Immo-

76 1410 154 1474 hilis
176 1406 365 1494 superficies
378 1411 539 1493 corporis,
559 1427 643 1494 quae
665 1405 756 1470 aliud
778 1427 898 1492 corpus
913 1408 1021 1491 primo
1039 1406 1165 1486 ambit,

76 1503 110 1558 et
131 1491 391 1567 circumscribit,
412 1491 457 1554 ita
480 1501 515 1554 nt
543 1489 711 1574 aequalem
743 1510 819 1553 cum
851 1489 950 1553 huius
981 1488 1166 1574 superficie

76 1574 320 1660 proportionem
343 1574 498 1657 partium,
521 1574 589 1636 sire
610 1591 795 1635 mensuram
816 1569 934 1634 habeat
949 1571 971 1634 ⁸.
996 1572 1066 1635 Vox
1081 1574 1168 1654 pri-

76 1677 127 1720 mo
149 1653 312 1738 significat
333 1654 440 1718 locum
463 1655 595 1738 proprie
617 1672 686 1716 esse
709 1651 798 1717 illam
824 1651 1045 1736 superficiem,
1068 1673 1164 1736 quae

75 1737 205 1822 corpori
230 1737 382 1821 contigua
398 1747 458 1811 est;
477 1736 647 1831 ipsumque
671 1732 861 1798 immediate
882 1736 1043 1811 continct3
1066 1733 1165 1800 unde

75 1841 135 1886 nos
157 1839 219 1882 non
242 1816 381 1882 dicimus
403 1819 568 1882 hominem
597 1838 631 1881 m
653 1826 719 1881 toto
741 1836 816 1879 aere
843 1816 1004 1893 existere,
1026 1815 1081 1881 sed
1101 1836 1166 1881 eo·

75 1901 144 1966 lum
167 1901 200 1963 in
222 1920 260 1965 ea
282 1912 388 1984 parte,
410 1920 475 1982 qua
497 1897 792 1963 circumscribitur.
816 1897 1012 1981 Superlicics
1031 1910 1163 1978 autem,

75 2003 159 2068 quac
181 2003 299 2068 corpus
322 1980 505 2046 immediate
531 1979 657 2057 ambit,
684 1980 746 2045 etsi
768 1978 946 2044 secundum
972 2001 1005 2044 se
1028 1983 1166 2046 moveri

77 2067 190 2151 possit,
213 2077 320 2128 tamen
343 2085 405 2127 non
427 2061 522 2127 habet
543 2061 701 2126 rationem
729 2061 811 2138 loci,
843 2063 912 2126 sive
934 2064 1165 2138 continentis,

76 2147 140 2213 uisi
173 2157 338 2228 tamquam
371 2143 549 2208 immobilis
582 2145 797 2228 concipiatur.
820 2145 859 2208 E.
884 2164 934 2228 g„
958 2146 1036 2221 etsi,
1058 2139 1165 2208 flaute

75 2241 183 2304 rento,
206 2225 394 2311 superficies
417 2226 489 2290 talis
511 2226 667 2307 corporis,
690 2236 769 2310 puta
790 2225 895 2300 aeris,
919 2237 1084 2299 mutetur,
1105 2233 1165 2289 ta·

77 2331 150 2374 men
174 2309 241 2386 illa,
257 2329 340 2393 quae
356 2307 457 2392 priori
473 2306 632 2381 succedit,
647 2306 811 2376 eamdem,
831 2327 928 2392 quam
944 2305 1164 2391 praecedens,

76 2393 287 2478 capacitatem
312 2391 395 2456 intra
418 2409 474 2453 sua
497 2389 597 2454 latera
612 2389 731 2453 habere
747 2387 860 2463 debet;
903 2397 1082 2486 uapropter
1096 2386 1166 2453 illa

76 2495 115 2541 su
139 2474 278 2550 erlicies,
303 2482 401 2557 prout
415 2469 503 2536 aliud
519 2491 639 2556 corpus
653 2471 768 2544 ambit,
788 2408 967 2534 immulsilis
988 2469 1110 2536 dicitur
1128 2472 1161 2534 ⁸.

150 2557 187 2622 u.
217 2556 317 2620 Porro
345 2554 399 2618 ubi
426 2555 647 2636 categoricum
679 2553 705 2617 si
756 2551 840 2618 ilicat
868 2550 995 2633 aliquid
1023 2571 1090 2625 esse
1117 2550 1163 2616 in

77 2638 147 2704 loco
164 2659 223 2724 prr
244 2637 369 2701 modum
385 2637 556 2721 proprium
583 2634 646 2699 loci
666 2637 689 2699 ⁸.
709 2574 841 2700 ffxinde
864 2632 1063 2719 intelligitur
1083 2633 1162 2718 pri·

114 2844 125 2884 ¹
146 2849 184 2898 De
203 2861 249 2898 rec
266 2850 411 2910 principio,
432 2851 510 2898 tract.
534 2845 566 2904 v,
587 2862 612 2898 e.
632 2850 656 2898 t.
673 2868 684 2892 ι
701 2847 760 2908 uu,
775 2850 862 2912 toqntt
880 2851 974 2909 etlam,
990 2864 1042 2902 nou
1061 2855 1102 2902 eat
1115 2853 1169 2904 lo·

77 2934 136 2980 cua,
157 2919 202 2970 red
223 2921 248 2969 in
268 2919 328 2968 loco
346 2918 502 2981 aliqualiter
519 2933 578 2970 erse
601 2939 632 2980 a,
655 2923 693 2971 De
712 2923 889 2982 Proernam..
910 2929 991 2973 tract.
1014 2921 1058 2983 Vl,
1078 2937 1104 2974 e.
1127 2925 1165 2978 2.

112 2995 125 3029 ²
146 2993 184 3044 De
203 3006 249 3042 rra
266 2993 412 3055 princtntta,
432 2995 511 3042 tract.
536 2989 581 3050 tv,
600 3007 629 3043 o.
648 2993 677 3042 Ξ.

114 3064 208 3116 'Not
228 3077 312 3121 euro..
334 3062 379 3111 lili.
401 3059 447 3120 lV,
469 3079 495 3114 c.
516 3065 544 3122 t,
565 3071 580 3124 s
603 3065 647 3114 ta.

113 3133 224 3188 lllliud
241 3135 394 3197 exemplum
415 3133 490 3186 allert
512 3150 534 3186 a.
555 3131 671 3187 'lhomar
689 3136 761 3186 hunc
787 3137 815 3186 tn
840 3137 958 3188 meduan
982 3159 995 3184 ι
1017 3135 1066 3189 ltn
1082 3143 1166 3190 aeci-

78 3223 141 3274 pere
160 3210 249 3260 locum
270 3209 343 3258 naria
362 3206 388 3255 ln
407 3221 477 3270 aqua
497 3207 605 3267 ltuente,
626 3222 679 3259 uon
697 3209 845 3259 recondam
864 3209 934 3261 lianc
953 3219 1069 3274 aquam,
1087 3223 1167 3275 quae

75 3283 145 3341 tlutt,
160 3282 204 3332 red
218 3279 364 3332 secundum
383 3279 515 3340 ordinem,
526 3282 566 3330 ret
578 3282 669 3340 ritum,
683 3281 845 3343 quemlratiet
857 3281 926 3333 haec
944 3296 1014 3345 aqua
1026 3283 1110 3333 tinem
1122 3288 1165 3336 act

77 3357 165 3405 totum
183 3354 306 3404 llnrtumr
320 3351 365 3415 qni
385 3351 492 3414 quidem
510 3352 575 3402 ordo
594 3355 635 3402 rel
655 3354 722 3403 ritus
741 3355 811 3402 idem
830 3360 949 3405 remanet
968 3359 995 3403 in
1008 3369 1078 3418 aque
1094 3367 1166 3409 rue·

79 3425 200 3474 cedente.
217 3422 250 3475 lit
264 3424 322 3474 ldeo
341 3425 404 3474 ticet
423 3437 491 3488 aqua
506 3427 682 3475 materialiter
695 3427 877 3489 praeterfluat,
898 3431 988 3478 tamen
1008 3426 1164 3482 secundom

78 3496 149 3559 qnod
168 3495 247 3544 habet
265 3495 395 3546 rattorrem
416 3497 477 3555 loci,
493 3501 573 3560 prout
591 3498 694 3548 scilicet
713 3498 898 3548 constderatur
918 3499 944 3549 tn
958 3499 1005 3548 tali
1023 3498 1114 3549 ordine
1129 3508 1164 3553 et

78 3567 130 3680 aitp
146 3567 182 3688 pd
202 3567 428 3692 wilffinmllm'
443 3581 495 3619 non
515 3572 637 3621 moutor
657 3587 683 3631 »ς
705 3571 736 3619 ln
755 3569 801 3625 ru.
823 3572 864 3627 W
884 3571 1002 3643 Plprtc„
1021 3571 1086 3627 leot.
1106 3568 1162 3633 Vl.

159 3671 167 3699 p
187 3649 215 3706 q·
298 3673 308 3700 p
328 3651 354 3693 fle
410 3651 436 3692 ⁰·
