2475 3909
470 164 744 217 mrnnorocoom
1032 150 1091 220 185

68 249 189 328 doner,
212 252 377 329 animum,
400 260 433 317 et
453 251 606 315 tonicam
628 272 692 317 non
714 251 871 338 agnoscit.
894 253 1031 332 Verum,
1053 277 1133 342 quo-

68 335 158 398 niam
183 334 315 411 unitas,
339 344 375 399 ut
396 334 430 399 in
455 333 617 416 Ontoloqio
638 334 816 413 vidimus¹,
839 344 887 402 est
913 335 963 402 vel
988 336 1133 404 substan-

66 416 178 492 tialis,
203 416 253 480 rel
278 413 509 493 accidentalis,
532 437 596 480 non
618 419 767 484 convenit
789 419 874 482 inter
897 439 1006 484 omnes
1027 421 1134 486 chito

66 496 197 582 sophos,
220 508 332 563 utrum
355 499 462 563 unitas
483 498 648 577 bominis,
670 501 764 576 sive,
786 513 824 566 ut
845 500 949 579 aiunt,
971 499 1134 588 compositi

69 579 198 643 bomani
212 581 254 645 sit
268 579 502 657 substantialis,
513 601 553 644 an
568 579 786 648 accidentalie
803 583 844 647 Et
858 602 934 646 sane
955 605 1019 649 non
1035 584 1133 669 pauci

71 663 156 726 inter
177 663 353 747 antiquos,
376 675 583 747 recentesque
604 663 654 728 rel
677 675 787 750 aperte
811 664 946 751 professi
968 676 1044 732 sunt
1064 668 1134 732 ani-

67 763 154 806 mam
174 763 230 827 ριν
244 745 385 809 occidens
406 767 481 809 cnm
496 764 632 831 corpore
654 747 824 832 coniungi,
842 746 891 812 vel
913 747 1074 817 bominem
1089 749 1133 814 ita

68 822 257 905 definivere,
274 837 311 892 nt
325 826 446 890 nullam
468 828 629 892 rationem
644 829 789 914 corporis
804 827 969 894 baberent.
985 831 1052 896 Nos
1067 832 1135 917 pri-

67 927 158 969 mum
180 908 439 986 substantialem,
456 929 512 974 scu
535 909 715 974 naturalem
737 912 888 976 unionem
910 911 1037 978 animae
1059 933 1133 977 cum

67 1008 205 1085 corpore
228 991 261 1056 in
283 992 414 1086 bomipe
435 989 666 1137 addstruepqns,
691 989 809 1059 deinde
835 990 994 1078 quaedam
1022 1004 1133 1061 contra

66 1091 86 1135 o
154 1083 232 1136 sttas
253 1084 427 1141 sententias
449 1095 467 1136 a
491 1085 566 1138 nota
591 1095 687 1138 rmus.

87 1092 153 1218 ppo
155 1156 186 1220 S.
205 1153 354 1233 Thomas,
370 1155 410 1218 de
425 1155 547 1220 unione
570 1155 698 1221 animae
713 1176 786 1220 cum
801 1176 938 1244 corpore
960 1157 1132 1234 disserens,

67 1234 129 1300 ait:
143 1260 160 1297 ιι
174 1237 222 1301 Ex
246 1236 365 1316 anima,
381 1247 414 1303 et
436 1256 571 1320 corpore
593 1238 801 1308 constituitur
816 1239 850 1302 in
864 1260 929 1304 uno
953 1262 1061 1325 noque
1078 1261 1134 1305 no·

67 1327 173 1381 strum
195 1316 318 1402 duplex
341 1319 449 1384 unitas
469 1331 614 1396 naturae,
637 1329 671 1384 et
692 1321 908 1407 personae2».
924 1261 1053 1388 inritas
1075 1323 1133 1388 bu·

65 1401 118 1465 ius
139 1399 291 1477 theoriae,
314 1421 398 1485 quae
421 1401 456 1466 in
478 1410 544 1466 tota
566 1400 673 1465 media
695 1411 799 1468 aetate
819 1403 950 1486 viguit,
972 1414 1006 1468 et
1025 1405 1091 1470 iam
1114 1426 1134 1471 ιι

64 1503 108 1547 ss.
132 1480 295 1556 Patribus,
317 1483 453 1569 aliisque
475 1483 616 1567 antiquis
638 1481 894 1569 Scriptoribus²‚
939 1495 989 1551 ost
1009 1487 1134 1556 Aristo-

65 1564 177 1713 helem,
193 1562 311 1629 tradita
333 1564 453 1644 luerat,
469 1563 680 1651 sequentibus
702 1505 981 1652 propositionibus
1002 1590 1019 1633 a
1040 1568 1133 1636 nobis

111 1655 323 1712 monstratur:

91 1671 139 1796 el.
164 1729 261 1815 Prop.
286 1727 332 1795 1¹.
358 1727 501 1814 Corpus,
523 1737 613 1824 atquc
636 1729 797 1793 animuin
818 1729 940 1802 bomine
959 1731 1032 1796 odeo
1052 1733 1133 1810 toto

65 1833 96 1880 sc
117 1811 367 1894 coniunquntur,
381 1823 416 1875 ut
437 1831 477 1874 ec
496 1813 577 1895 ipsse
599 1832 662 1874 uno
683 1819 809 1890 natura,
832 1834 886 1877 scu
908 1833 973 1878 unc
993 1812 1134 1880 robetae·

66 1897 116 1959 tio
139 1895 288 1978 completo
308 1894 526 1958 constituntur.
1086 1923 1088 1927 ν

108 1975 278 2042 Probatur.
294 1975 354 2051 Ea,
376 1995 459 2060 quae
481 1984 555 2040 sunt
575 1973 721 2038 diversae
744 1984 891 2053 naturae,
913 1997 1024 2054 unam,
1047 1999 1133 2046 eam»

66 2057 207 2144 (lemque
228 2058 386 2123 actionem
408 2077 542 2123 exerere
570 2076 634 2120 non
657 2067 800 2140 possunt.
824 2058 924 2144 Atqui
946 2059 1079 2136 anima,
1101 2075 1135 2129 et

65 2161 187 2226 corpus
207 2187 215 2216 ,
236 2160 321 2223 quae
355 2140 388 2205 in
410 2159 443 2204 se
466 2159 611 2203 seorsum
633 2136 855 2204 consideratae
889 2150 964 2206 suut
986 2139 1133 2210 diversae

65 2243 131 2297 res,
144 2221 263 2289 babent
279 2223 311 2286 in
326 2221 454 2286 bomine
469 2220 676 2307 operationes
691 2221 821 2306 utrique
836 2243 1032 2288 communes.
1045 2221 1134 2310 Ergo

66 2323 200 2390 serpae,
223 2313 257 2369 et
277 2304 387 2368 anima
410 2304 444 2368 in
466 2302 594 2368 bomine
617 2302 699 2368 adeo
720 2303 804 2368 inter
824 2325 858 2371 se
879 2305 1134 2404 coniunguntur,

65 2403 105 2456 ut
126 2409 167 2452 ex
188 2387 279 2471 ipsis,
301 2384 390 2451 velut
410 2407 452 2454 ex
473 2383 598 2449 duabus
619 2384 807 2452 substantiis
830 2387 1046 2473 incompletrs,
1068 2407 1133 2453 una

65 2469 246 2538 substantia
267 2466 450 2553 completa,
471 2467 541 2533 sive
563 2488 628 2532 una
650 2479 766 2534 natura
788 2469 1005 2537 constituatur
1018 2471 1044 2532 ⁰.
1066 2469 1135 2536 itli-

64 2575 126 2618 nor
146 2549 301 2637 probatur
327 2550 502 2635 praecipue
524 2571 566 2614 ex
587 2547 849 2629 sensatioribus,
870 2571 952 2636 quae
974 2573 1037 2618 non
1060 2563 1135 2622 sunt

66 2635 171 2703 solius
193 2635 331 2707 arnonae,
346 2631 518 2699 antsolius
539 2633 702 2717 corporis,
723 2630 778 2698 sed
799 2635 983 2719 utriusque.
999 2633 1047 2700 lle
1061 2639 1133 2720 qui·

65 2719 142 2785 (lem
164 2737 240 2781 vera
261 2715 459 2783 sensationes
481 2734 543 2779 non
558 2725 633 2782 sunt
654 2715 756 2783 solius
779 2715 944 2801 corporis,
959 2718 1037 2802 quia
1056 2737 1134 2783 corn

66 2805 140 2888 ipsa
161 2799 203 2864 sit
223 2798 370 2895 operatio
392 2797 633 2873 immaterialis,
649 2818 666 2862 a
683 2798 750 2864 solo
773 2797 937 2896 principio
960 2799 1134 2880 materiali,

66 2879 253 2948 cuiusmodi
276 2890 324 2943 est
346 2899 488 2965 corpus,
511 2878 674 2978 proficisci
698 2883 809 2968 nequit
824 2881 853 2960 ⁵3
876 2879 911 2946 rtl
931 2881 1017 2979 quod
1038 2902 1135 2968 expe-

65 2965 184 3031 rientia
206 2960 447 3048 comprobatur,
463 2982 543 3046 qum
564 2980 694 3048 corpus,
710 2975 881 3050 postquam
904 2984 1012 3029 anrma
1033 2961 1075 3034 ab
1095 2985 1134 3030 eo

423 3087 738 3106 ffl—

104 3154 114 3190 Ι
136 3145 203 3214 Cap.
223 3147 270 3211 ΙΙΙ,
290 3165 317 3202 a.
341 3150 367 3208 Ι,
386 3162 414 3213 p.
437 3146 549 3197 lib-²
568 3142 614 3204 ΙΙΙ,
634 3162 662 3211 q.
684 3142 716 3202 ll.
736 3160 763 3196 ι.
788 3145 796 3194 l
820 3144 852 3195 ιιΙ
870 3143 899 3196 2.

104 3225 117 3262 ⁸
135 3219 177 3283 (ΙΙ,
192 3236 254 3286 pres
267 3222 371 3280 ceteris,
384 3234 407 3272 ι.
424 3216 552 3270 lustinum
566 3216 685 3287 (mecm.
698 3219 759 3269 libri
772 3219 810 3270 Dc
822 3232 923 3268 resurr.
936 3219 1036 3277 torota,
1049 3231 1078 3269 ιι.
1092 3211 1132 3288 8),

67 3294 267 3360 Athenagoram
285 3293 463 3364 (Darem,
476 3307 503 3342 c.
520 3291 565 3350 12,
580 3291 623 3351 13,
641 3293 684 3349 18,
704 3296 731 3343 et
749 3283 808 3358 at),
828 3304 851 3341 s.
871 3287 1010 3342 lronenm
1029 3285 1132 3358 (cono.

65 3372 193 3428 fluores..
208 3367 253 3417 lib.
268 3366 302 3426 ΙΙ,
317 3383 342 3419 c.
359 3367 414 3431 tt),
435 3359 629 3414 Tertullianum
648 3361 727 3434 (Atto.
741 3366 883 3420 Marcion„
897 3363 944 3412 bb.
960 3359 1019 3422 XV,
1033 3377 1059 3414 o.
1075 3359 1133 3430 st),

65 3448 96 3494 et
114 3457 137 3493 ι.
160 3439 228 3502 nur.
248 3438 300 3509 (De
318 3443 371 3492 Clo.
392 3439 452 3497 Det,
472 3437 518 3486 lib.
531 3432 606 3494 xlx,
626 3451 652 3487 c.
667 3437 694 3498 ὃς
715 3439 796 3502 Epist.
811 3437 855 3486 ΙΙΙ
871 3436 906 3488 cd
925 3435 1043 3498 borio„
1062 3449 1090 3488 ιι.
1105 3436 1134 3497 t,

64 3521 97 3567 et
115 3513 181 3565 alibi
198 3549 205 3562 .

104 3584 116 3623 ⁴
137 3511 225 3637 coreb.
247 3587 333 3644 Gent„
352 3581 398 3631 lib.
421 3579 454 3639 ll,
474 3595 500 3631 c.
520 3580 566 3630 57.

106 3655 174 3714 ⁵Ct
191 3663 322 3728 opaco„
342 3647 367 3708 c.
388 3653 436 3714 ΙΙΙ,
456 3667 483 3706 ιι.
503 3653 531 3714 t,
552 3667 578 3718 p.
602 3653 718 3709 tte-tta
738 3654 791 3708 vol.
812 3651 834 3711 Ι.
