2475 3909
511 206 551 217 ···
573 190 619 237 vll
641 210 682 223 -

72 306 199 385 epulata
214 296 330 378 fere,
346 296 585 381 obfirmentur,
599 310 704 387 atque
715 298 797 370 inde
808 297 1001 370 recentium
1013 294 1128 385 philo·

76 406 138 494 sopl
153 425 247 475 orum
264 424 405 475 errores
420 407 638 477 refellantur.

112 518 178 589 Iam
193 519 230 588 in
245 515 396 587 Scholae
411 518 570 589 doctrina
582 517 839 609 pertractanda,
854 518 1013 588 consulto
1029 513 1128 585 nulla

77 626 211 697 alicuius
231 630 394 697 momenti
419 630 555 700 theoria
576 630 684 699 tacita
706 630 931 719 praeteritur,
956 628 1039 716 quia
1054 637 1126 696 tum

80 732 286 823 disciplinas,
312 739 461 807 maxime
483 737 762 827 philosophicas,
778 758 821 807 ea
834 748 969 807 tantum
989 737 1068 827 lepe
1091 734 1128 801 in

77 845 301 935 compendium
325 848 491 939 colliqere
514 849 609 933 licet,
631 857 669 918 ut
684 849 722 917 in
737 849 850 921 levem
871 870 943 919 non
964 847 1127 919 desinant

75 978 274 1041 sermonem,
297 968 370 1028 tum
389 960 487 1047 quia,
510 961 541 1027 si
558 958 807 1047 Philosophiae
829 958 1060 1028 scholasticae
1075 957 1128 1026 in-

75 1071 232 1139 stauratio
255 1067 387 1137 idoirco
410 1068 476 1137 hae
504 1078 626 1137 nostra
648 1075 763 1136 aetate
786 1068 1019 1155 maximopere
1035 1086 1127 1134 com-

75 1175 259 1260 mendatur,
277 1186 454 1248 utcontra
475 1178 696 1261 insolentem,
719 1177 958 1265 lubricamque
973 1177 1127 1266 philoso-

69 1284 193 1373 phandi
216 1288 388 1359 rationem
402 1290 513 1359 veluti
536 1310 702 1381 apperem
723 1299 864 1372 struat,
887 1290 1028 1380 intepra
1050 1310 1130 1379 pro-
1226 1319 1230 1326 ‚

68 1400 167 1483 fecto,
184 1410 219 1471 et
234 1401 393 1473 absoluta
415 1404 650 1493 perspiciatur
673 1412 821 1491 oportet.
847 1400 964 1490 Neque
987 1400 1070 1471 inde
1092 1402 1130 1471 in

68 1508 302 1583 difficultatum
324 1512 467 1601 laqueos
488 1515 636 1583 iuvenes
653 1511 882 1593 inducuntur,
911 1513 1015 1579 immo
1042 1528 1129 1580 vero

65 1618 168 1690 latior
182 1621 234 1689 eis
250 1620 294 1691 ad
309 1623 479 1691 scientiae
500 1622 720 1711 adeptionem
743 1623 802 1691 via
825 1622 1005 1702 sternitur,
1022 1617 1130 1705 siqui·

70 1730 147 1802 dem
162 1752 204 1801 ea
220 1742 272 1799 est
290 1731 533 1823 Philosophiae
556 1730 786 1802 scholasticae
809 1731 956 1813 indoles
970 1742 1008 1801 ut
1024 1748 1130 1799 unum

65 1845 143 1915 eius
155 1841 414 1931 pronuntiatum
431 1840 576 1910 alterius
591 1842 818 1931 explicationi
833 1842 1017 1921 inserviat,
1029 1850 1064 1908 et
1080 1837 1132 1908 fe-

66 1978 104 2026 re
129 1952 263 2024 nullum
292 1953 432 2034 existat,
459 1952 551 2040 quod
576 1952 840 2042 metaphysicis,
867 1963 902 2020 et
925 1948 1132 2041 theologicis
1231 2039 1232 2042 Ἴ

67 2068 290 2159 dopmatihus
304 2064 533 2154 explanandis
548 2084 675 2156 maqno
690 2067 770 2135 usui
786 2087 855 2137 non
871 2067 928 2134 sit.

108 2180 222 2249 Porro
237 2176 483 2264 Philosophiae
498 2178 716 2249 Christianae
733 2177 979 2269 compendium
998 2177 1064 2247 hac
1080 2176 1133 2246 di·

62 2296 201 2380 qestum
220 2286 355 2357 ratione
376 2285 562 2355 iuvenibus
581 2284 770 2359 edocendis
790 2288 948 2377 apprime
968 2286 1132 2359 idoneum

64 2408 286 2477 aestimatum
303 2402 413 2471 luisse
430 2399 513 2469 illud
531 2399 673 2474 minime
689 2399 875 2471 obscurum
886 2398 1052 2470 indicium
1063 2409 1130 2484 est,

60 2517 157 2607 quod
171 2519 208 2586 in
223 2516 399 2607 plerisque
420 2534 490 2583 non
505 2513 615 2588 solum
631 2512 775 2597 ltaliae,
793 2511 976 2581 sedetiam
991 2515 1132 2582 Germa-

62 2631 164 2711 niae,
182 2626 333 2707 Galliae,
352 2622 480 2713 Relpii,
505 2621 712 2711 llispaniae,
736 2631 770 2688 et
792 2622 973 2690 Americae
994 2619 1132 2690 Scholia

60 2736 261 2807 adhibitum
276 2734 346 2804 iam
362 2732 483 2814 fuerlt,
501 2729 594 2803 adeo¹
604 2739 642 2799 ut
657 2731 735 2801 eius
748 2709 1029 2819 quinque,brevi
1045 2740 1131 2801 tem·

58 2852 163 2941 poris
176 2846 360 2923 intervallo
375 2845 571 2925 interiecto.
589 2846 677 2914 satis
691 2848 854 2935 copiosae
878 2846 1050 2918 editiones
1071 2865 1132 2915 ex-

57 2968 211 3035 haustae
228 2962 311 3031 siut.

105 3080 154 3147 At
170 3096 254 3146 vero
272 3073 510 3175 Cmnpeadium
531 3070 638 3155 istud,
661 3093 716 3155 ea,
733 3094 802 3160 qua
817 3076 987 3146 hactenus
1009 3094 1132 3145 exara-

57 3202 136 3261 tum
153 3197 220 3269 est,
236 3186 387 3267 milone,
403 3183 643 3274 philosophiae
665 3193 800 3253 tantum
823 3186 1036 3256 theoreticae
1050 3206 1132 3277 par-

55 3316 114 3373 tes
143 3296 403 3385 complectens,
427 3295 672 3365 tractationem
699 3295 941 3386 philosophiae
964 3295 1130 3379 moralis,

54 3434 152 3505 quae
166 3411 232 3479 hac
248 3406 453 3497 praesertim
470 3414 585 3476 aetate
602 3405 743 3479 maximi
758 3409 921 3478 momenti
935 3419 1001 3491 est,
1019 3406 1136 3477 adhuc

55 3518 330 3611 desiderandam
345 3515 576 3604 relinquebat.
596 3516 683 3587 llinc
698 3526 737 3583 ut
761 3517 1020 3600 institutiones,
1044 3536 1133 3604 quae

56 3630 340 3730 philosophicam
368 3626 549 3697 scientiam
573 3646 616 3694 ex
639 3634 712 3693 toto
728 3626 943 3712 exhiberent,
968 3623 1132 3718 prodere·
