2475 3909
499 253 682 302 onrococrn
1048 240 1087 307 51

65 330 143 398 tiale
164 334 280 401 alliciat
295 334 317 398 ¹.
340 336 378 400 ll.
404 354 434 420 g.
458 358 476 397 a
498 336 775 422 animaseparata
796 343 940 422 estpars
962 342 1130 405 rationalis

64 425 217 497 naturae,
241 417 364 483 scilicet
385 417 568 497 humanae,
591 430 625 483 et
645 438 710 482 non
736 428 802 484 tota
828 430 942 485 natura
963 423 1132 488 rationalis

64 497 218 578 bominis,
234 512 267 567 et
289 500 363 566 ideo
384 520 448 565 non
470 512 518 567 est
560 503 697 565 ersona²
711 524 739 564 n.
755 500 878 577 Tertio,
893 500 990 568 debet
1010 503 1129 569 babere

64 579 307 649 subsistentiam
331 584 496 669 propriam
511 520 574 648 sibi
587 584 610 661 ⁸,
627 584 674 647 ita
694 593 731 649 ut
745 602 882 666 persona
904 583 972 649 dici
989 594 1130 671 nequeat

64 662 121 725 illa
143 678 279 745 natura,
302 688 384 751 quae
406 668 465 731 etsi
487 664 674 750 singularis,
697 675 730 730 et
750 666 911 751 completa
932 666 998 743 sit,
1020 681 1128 732 tamen

65 745 144 827 quia
166 750 343 813 assumitur
364 772 383 813 a
405 768 539 833 persona
561 747 809 824 excellentiori,
833 748 1000 832 propriam
1030 750 1131 834 hypo-

63 824 196 891 stbasim
219 832 361 906 amittit,
383 842 478 915 atque
501 831 535 892 in
558 827 613 892 illa
635 829 856 893 excellentiori
878 828 1086 916 hypostbasi,
1110 853 1129 895 a

61 927 129 990 qua
152 913 338 989 assumitur,
362 911 544 977 subsistit‘.

104 988 139 1054 3⁰
160 991 217 1055 Illa
240 1014 302 1057 vor
323 993 488 1058 rationalis
508 989 652 1068 additur,
668 1003 704 1060 ut
718 990 928 1058 subsistentia
950 992 1128 1063 cuiuslibet

62 1081 197 1137 naturae
219 1074 394 1159 singularis
414 1072 592 1156 completae
612 1073 654 1138 ab
675 1074 747 1152 illa,
769 1095 853 1159 quae
875 1078 1008 1162 propria
1030 1077 1132 1143 iutel-

65 1151 212 1219 leetualis
234 1168 367 1223 naturae
389 1169 446 1236 est,
469 1155 689 1243 distinguatur
703 1161 727 1220 ⁵.

106 1234 173 1301 139.
198 1238 249 1301 Ex
271 1240 398 1305 notione
422 1259 602 1325 personae,
626 1259 725 1322 quam
746 1236 966 1316 tradidimus,
990 1236 1071 1305 illud
1094 1262 1127 1303 e-

62 1315 142 1379 tiam
172 1321 393 1405 perspicitur,
417 1341 586 1407 personam
614 1337 683 1383 esse
710 1320 872 1403 integrum
900 1322 1128 1405 operationum

59 1418 196 1464 suarum
219 1404 433 1489 principium,
448 1405 571 1551 quippe
591 1401 678 1487 quod
702 1401 790 1465 nulla
810 1410 925 1466 natura
948 1401 1072 1486 aliquid
1095 1423 1128 1465 a·

60 1483 124 1565 git,
147 1483 209 1546 uisi
231 1485 296 1547 iam
317 1486 481 1551 subsistat.
538 1486 591 1549 inc
613 1481 696 1549 illud
718 1482 873 1561 effatum,
894 1485 1037 1549 Actiones
1057 1495 1129 1548 sunt

58 1565 306 1647 suppositorum,
330 1588 459 1665 nempe,
476 1568 535 1632 etsi
559 1577 672 1632 natura
695 1565 767 1629 lons
787 1566 843 1641 sit,
859 1575 893 1631 et
913 1568 1126 1652 principium,

59 1667 121 1731 quo
143 1649 347 1732 operationes
369 1649 559 1726 eliciuntur,
576 1659 682 1714 tamen
705 1647 909 1731 suppositum,
926 1670 983 1715 seu
992 1669 1129 1733 persono
1217 1682 1226 1695 -

60 1740 112 1794 est
133 1730 307 1816 integrum,
322 1741 354 1796 et
375 1730 573 1817 completum
596 1728 806 1814 principium,
821 1731 901 1815 qood
920 1741 1085 1817 operatur.

273 1870 342 1923 llus.
363 1868 409 1923 tu,
422 1867 615 1920 —Nonnuttae
634 1868 764 1919 absurdae
782 1869 918 1930 opiniones

320 1945 391 1993 circa
410 1944 545 1993 notionem
565 1954 693 2006 personae
710 1940 870 1990 refelluntur

105 2058 174 2124 140.
191 2058 305 2143 Aliqui
320 2080 362 2123 ex
376 2058 541 2124 hodiernis
560 2056 753 2125 Germaniae
769 2055 939 2142 Theologis
953 2078 1128 2143 personam

60 2139 237 2217 definiunt,
258 2151 403 2205 naturam
425 2142 476 2206 sui
497 2140 685 2204 consciew.
707 2140 833 2203 llorum
854 2140 1010 2205 sententia
1032 2141 1126 2207 valde

60 2223 166 2288 affinis
189 2222 317 2289 videtur
331 2224 479 2310 opinioni
492 2220 623 2301 Locltii,
638 2223 695 2307 qui
711 2221 902 2286 identitatem
916 2242 1070 2307 personae
1091 2226 1128 2289 in

59 2306 261 2371 conscientia
283 2306 492 2391 propriarum
513 2306 691 2382 actionum,
709 2324 766 2368 seu
789 2305 823 2369 in
844 2315 930 2381 actu,
952 2326 1018 2451 quo
1039 2308 1128 2392 quis-

56 2409 126 2474 que
154 2389 382 2505 oppretionum
411 2408 542 2453 suarum
569 2396 618 2452 est
645 2390 819 2466 conscius,
849 2408 953 2474 poneu
978 2411 1031 2454 am
1057 2412 1126 2455 esse

55 2472 187 2535 censuit
218 2517 225 2532 .

100 2552 172 2645 111.
199 2552 297 2637 Prop.
321 2550 367 2617 1⁸.
391 2554 529 2619 Persona
550 2570 717 2636 perperam
745 2550 891 2635 definitur
908 2597 918 2630 ,
938 2563 1054 2617 acturo
1075 2557 1126 2620 sui

54 2654 194 2699 conecto.

94 2878 102 2913 ¹
127 2878 158 2925 in
175 2870 219 2921 tu.
241 2870 356 2925 Isana,
375 2865 428 2915 too.
448 2863 495 2912 cit.

91 2948 105 2985 ²
126 2949 174 3011 ος.
188 2946 285 3006 diapp„
302 2943 340 2991 De
352 2940 423 2989 Pet..
438 2949 465 2999 q.
482 2928 528 2991 tx,
543 2930 569 2980 a'.
584 2928 600 2979 1
615 2928 648 2979 ad
664 2926 764 2979 ιιι-3
783 2919 869 2979 mot.
885 2930 1124 2988 isenr.,100,0q,

91 3019 103 3057 ⁴
126 3018 153 3068 ld
173 3018 199 3067 in
218 3030 253 3065 ss.
269 3010 459 3064 incarnationis
478 3002 601 3070 mysterio
621 3002 722 3059 evenit,
735 3000 809 3064 qnia,
823 3014 885 3051 cnm
897 3002 1015 3053 humana
1029 3009 1125 3054 natura

55 3111 71 3146 a
91 3090 181 3147 Verbo
201 3089 335 3149 assumpta
356 3082 417 3141 tuit,
434 3076 571 3129 «Persona
591 3075 741 3132 divinasset
759 3074 877 3137 aquinas
895 3076 944 3133 ait,
959 3088 1006 3125 sna
1027 3077 1124 3126 unione

56 3164 205 3229 impedivit,
225 3173 259 3210 nc
278 3160 394 3209 humana
413 3158 507 3203 natura
527 3148 663 3214 propriam
677 3146 893 3209 personalitatem
912 3147 1046 3197 haberet·
1061 3144 1123 3217 (tit,

55 3256 84 3304 q.
100 3236 146 3295 lv,
168 3233 224 3286 ml
245 3232 278 3281 ad
298 3230 337 3301 3).
358 3226 430 3281 Unde
447 3246 457 3270 ι
474 3228 585 3275 naturae
605 3223 757 3282 assumptae
775 3231 828 3267 non
848 3219 920 3267 deest
940 3221 1045 3283 propria
1066 3234 1126 3282 per-

55 3312 184 3363 sonalitas
203 3310 310 3369 propter
328 3300 463 3353 delectum
482 3296 615 3352 alieuius,
636 3292 707 3356 quod
725 3291 758 3341 ad
778 3290 969 3354 perfectionem
990 3292 1125 3343 bumanae

55 3391 169 3435 naturae
188 3380 328 3442 pertineat,
349 3373 394 3424 sod
413 3375 520 3435 propter
532 3366 693 3418 additionem
706 3364 831 3423 alieuius,
844 3365 914 3427 quod
929 3368 970 3413 eat
982 3378 1059 3429 snpra
1073 3365 1124 3415 bu-

54 3470 164 3507 manam
183 3458 316 3509 naturam,
337 3446 407 3511 qnod
426 3446 466 3493 est
484 3444 547 3493 unio
565 3441 598 3490 ad
617 3436 732 3488 divinam
752 3449 893 3500 personam
906 3455 932 3496 ι,
946 3439 1022 3497 ttr'd„
1041 3438 1075 3487 ad
1094 3438 1122 3488 2.

91 3530 105 3637 l
124 3518 358 3661 dibrabxldt’edi
377 3520 507 3650 duliae,
536 3586 658 3646 balmeto
683 3584 818 3648 rdmttfien
836 3583 950 3634 ttraortoa
967 3582 1124 3636 christianus

56 3674 191 3726 trinitatis
208 3661 329 3733 (germ),
351 3663 467 3717 Viennae
488 3657 568 3709 tato.

91 3746 103 3782 ι
125 3748 175 3811 op.
194 3746 248 3805 er,
267 3739 315 3793 uu.
336 3735 370 3801 tt,
392 3751 417 3789 e.
438 3734 483 3795 ar,
505 3738 519 3795 s
539 3731 565 3781 e.

913 3792 935 3839 st
