2475 3909
124 126 183 193 190
489 142 720 192 uruxurxocm

82 225 328 311 prehenduntur
341 226 375 290 in
395 226 617 311 singularibus
639 226 776 293 obiectis
795 225 938 291 rationes
959 224 1153 293 couvenien-

82 307 160 386 tiae,
183 306 270 374 uude
291 309 424 394 exurgit
456 310 639 392 appetitus,
666 309 724 394 qui
752 306 937 374 facultatem
963 308 1152 374 iocomotri-

82 409 153 454 cem
188 388 228 454 ad
257 389 422 458 obiectum
450 388 685 487 assequendum
712 400 831 455 movet.
860 390 923 454 Per
950 388 1152 457 intellectum

78 462 270 553 praetimore,
293 493 357 537 uon
379 470 625 557 speculativum,
670 471 726 535 uia
749 494 767 534 a
792 482 898 538 motus
920 470 954 537 iu
977 469 1153 559 particula-

83 550 176 617 ribus
202 566 298 629 sunt,
325 553 412 619 uude
438 573 458 617 o
483 564 566 619 ortet
591 552 630 616 ad
648 491 716 618 ⁴irco
741 552 828 637 quod
858 567 963 619 motus
984 560 1150 639 sequatur,

82 632 170 718 quod
184 635 297 719 opinio
311 574 504 701 uuiversaiis
519 633 559 700 ad
574 634 752 719 singularia
776 634 981 732 applicetur¹
998 653 1029 713 »3
1046 632 1080 698 id
1095 653 1153 697 au-

84 728 164 791 tem,
186 727 223 781 ut
245 715 324 782 alibi
347 716 492 785 diximus
505 716 532 793 ¹,
559 716 698 781 rationis
722 727 881 800 practicae
903 736 1022 781 munus
1043 726 1102 780 est.

122 796 157 859 2⁰
179 798 384 876 intellectus,
408 799 458 866 vei
481 798 704 873 aestimativa,
729 808 762 863 et
783 798 947 883 appetitus
968 807 1043 864 sunt
1086 795 1154 860 riu-

83 878 221 961 eipium,
236 879 323 964 quod
347 882 411 947 vim
433 882 604 945 motricem
628 877 668 943 ad
690 899 765 943 suos
779 890 870 945 actus
884 887 1001 957 movet,
1016 899 1049 945 se
1088 896 1154 941 nou

83 969 158 1025 sunt
179 961 282 1045 princi
310 962 391 1039 ium,
407 983 467 1059 per
505 960 571 1026 uod
593 959 649 1025 iiia
671 980 746 1025 suos
768 971 858 1026 actus
871 959 1057 1047 exequitur,
1073 958 1154 1043 quia

83 1053 191 1108 motus
213 982 324 1108 iocaiis
345 1042 386 1107 ab
410 982 652 1119 retaliatum
675 1043 890 1119 aestimativa,
903 1052 935 1109 et
949 1040 991 1106 ab
1006 1040 1152 1129 appetitu

84 1124 277 1208 imperatur,
300 1125 356 1188 sed
378 1145 442 1189 nou
462 1124 642 1211 perficitur.
666 1123 816 1191 Potentia
838 1134 960 1200 autem,
981 1142 1063 1209 quae
1078 1120 1153 1186 illos

85 1219 191 1273 motus
212 1206 400 1292 exequitur,
423 1219 484 1283 est,
507 1218 544 1272 ut
565 1207 612 1272 ait
634 1226 660 1268 s.
681 1204 832 1280 Thomas,
855 1225 910 1284 aa,
933 1228 951 1267 a
974 1225 1034 1289 per
1053 1222 1153 1300 quam

85 1286 231 1352 membra
259 1286 439 1354 redduntur
464 1289 586 1354 habilia
607 1284 648 1352 ad
671 1285 891 1352 obediendum
916 1286 1077 1372 appetitur
1092 1285 1104 1320 ⁸
1120 1306 1150 1365 t,

85 1367 175 1435 Haec
189 1379 300 1436 autem
322 1373 476 1456 potentia,
492 1391 575 1457 quae
596 1368 773 1453 exequitur
795 1378 913 1445 motus,
936 1389 974 1434 ea
995 1378 1054 1444 est,
1069 1384 1153 1452 quae

85 1447 279 1518 locomotrix
301 1451 494 1536 appellatur,
517 1451 597 1537 quia
618 1452 761 1536 potentia
783 1449 906 1516 dicitur
927 1450 1154 1516 immediatum

85 1533 286 1628 principium
308 1535 484 1609 actionum,
502 1534 702 1619 principium
724 1543 832 1598 autem
855 1532 1082 1598 immediatum
1104 1542 1155 1594 est

84 1613 178 1693 riiud,
199 1637 220 1713 a
240 1636 307 1702 quo
328 1617 471 1682 actiones
493 1613 718 1701 perficiuntur,
741 1634 805 1678 uon
827 1634 903 1683 vero
926 1612 1025 1691 illud,
1048 1634 1066 1677 a
1088 1632 1153 1698 quo

86 1696 175 1779 ipsae
197 1706 411 1784 imperantur.

124 1988 132 2021 ¹
154 1988 183 2036 Ιη
202 1986 248 2037 iio.
270 1990 311 2037 111
329 1989 368 2039 Da
386 1987 493 2043 datm„
514 1986 578 2035 tect.
599 1980 658 2037 XV.
680 1981 739 2019 -²
758 1979 787 2033 P.
811 1982 872 2034 156.

121 2058 134 2095 ³
152 2056 174 2118 1,
193 2073 221 2122 q.
243 2054 346 2119 cxxv,
367 2074 392 2110 a.
413 2058 429 2108 a
449 2058 481 2108 aa
502 2057 529 2107 a.
