2475 3909
468 223 550 274 PARS
571 221 692 273 rssn‘rla

477 351 613 419 CAPVT
635 354 675 416 V.

394 471 438 540 lle
458 475 612 541 methodo
635 474 774 539 docendi

289 595 356 649 Ana.
379 595 517 661 l.-Qnid
536 599 570 646 sit
589 598 696 656 docere,
716 599 868 648 declaratur

85 705 134 772 ts.
159 703 286 779 Docere,
309 701 486 766 secundum
508 721 534 764 s.
550 699 721 777 Thomam,
744 721 808 764 nou
830 699 921 764 alind
941 711 1001 779 est,
1017 723 1115 786 quam

54 807 220 854 «causare
242 786 412 849 scientiam
436 785 470 848 iii
493 782 556 847 alio
578 783 767 868 operatione
795 783 933 848 rationis
960 786 1118 851 naturalis

54 869 160 936 illius¹
180 891 209 932 ri.
240 867 321 932 Sane
351 876 474 929 mentes
501 864 660 929 humanae
687 875 762 928 sunt
790 865 824 927 in
849 865 989 948 potentio
1012 869 1117 933 actico

55 953 89 1018 ad
110 951 304 1025 scientiam,
330 948 409 1032 quia
431 947 520 1032 ipsae
545 967 603 1029 per
626 945 733 1010 lumen
759 947 906 1012 naturale
934 945 1117 1016 intellectus

54 1040 247 1120 cognoscunt
270 1027 456 1126 principia,
478 1049 562 1113 quae
585 1039 661 1092 suut
680 1026 838 1114 quaedam
862 1031 986 1094 semina
1013 1032 1118 1098 scien·
1160 1086 1164 1092 ,

54 1117 184 1189 tiarnm;
209 1109 407 1207 proindeque
429 1109 576 1175 docentis
597 1129 662 1172 non
683 1107 773 1174 alind
797 1130 915 1176 munus
937 1123 996 1189 est,
1019 1135 1118 1211 quam

54 1207 189 1262 nienteni
212 1191 365 1278 discipuli
388 1212 447 1280 per
468 1191 559 1277 signa
573 1192 738 1256 exteriora
754 1190 922 1270 adiuvare,
943 1203 981 1259 ut
1002 1195 1053 1260 liic
1076 1217 1118 1262 ex

55 1277 225 1362 principiis
245 1275 277 1340 ei
300 1275 386 1339 notis
407 1274 645 1350 conclusiones,
659 1293 744 1358 quae
760 1273 932 1360 principiis
952 1278 1120 1342 continen-

54 1371 122 1434 tur,
145 1359 276 1423 rntione
298 1376 357 1420 sua
378 1356 499 1422 eliciat.
529 1357 581 1421 Ex
607 1355 659 1420 liis
687 1353 776 1419 vides
804 1375 824 1418 a
852 1356 1029 1442 magistro,
1053 1381 1118 1424 non

54 1453 217 1527 umquam
237 1458 335 1504 cansa
357 1435 544 1524 principali,
568 1436 623 1502 sed
648 1448 814 1533 tamquam
835 1457 931 1502 cansa
946 1439 1118 1515 adiutrice,

54 1525 221 1590 scientiam
244 1521 276 1585 in
299 1519 460 1607 discipulo
483 1519 648 1616 progigni3
670 1539 748 1603 quia
769 1521 941 1602 quantavis
956 1521 1063 1587 media
1078 1522 1119 1587 ad

53 1601 248 1691 discipulum
271 1599 485 1667 erudiendum
509 1611 665 1697 magister
685 1599 849 1696 adhibeat,
874 1621 1002 1688 semper
1022 1605 1119 1670 disci·

55 1689 146 1772 pulns
174 1686 299 1751 ratione
327 1705 385 1748 sna
414 1685 583 1748 scientiam
613 1703 648 1746 in
676 1703 709 1747 se
737 1682 857 1760 efficit,
887 1693 920 1749 et
948 1697 1015 1751 tum
1043 1711 1118 1754 vere

53 1769 219 1836 scientiam
248 1766 415 1831 addiscere
444 1765 589 1841 dicitur,
617 1784 692 1828 cum
721 1764 904 1832 considerat
931 1779 1040 1834 utrum
1068 1793 1118 1846 ea,

54 1873 132 1938 qnae
154 1871 173 1914 a
195 1850 352 1934 magistro
374 1847 533 1933 explicata
556 1856 646 1924 sunl,
670 1867 746 1911 vera
769 1849 844 1924 sint,
868 1869 979 1914 necne.
1003 1852 1121 1917 Exem-

74 1933 104 1999 ln
124 1935 207 1999 lianc
229 1951 298 1995 reni
323 1930 406 1995 idem
429 1940 558 1995 sanctus
580 1927 702 1993 Doctor
722 1928 872 2005 illustrat,
888 1940 920 1994 et
940 1930 1119 2001 confirmat.

54 1956 333 2094 finemadmodnm
354 2011 498 2078 medicus
519 2032 639 2098 corpus
660 2032 796 2096 aegrum
819 2009 858 2074 ad
879 2014 1050 2079 sanitatem
1070 2037 1122 2080 re-

54 2109 167 2176 vocat,
191 2117 255 2160 non
277 2095 364 2181 qnod
389 2097 397 2158 i
423 2115 457 2158 se
479 2115 538 2180 per
560 2115 594 2158 se
617 2091 853 2178 aegritudinem
876 2113 894 2156 n
914 2113 1049 2180 corpore
1071 2120 1122 2163 re-

54 2181 156 2266 pellit,
180 2176 235 2243 sed
259 2177 343 2262 quod
367 2178 394 2242 ci
441 2197 477 2252 s,
505 2187 539 2242 et
560 2173 794 2240 medicamenta
817 2179 947 2262 corpori
969 2179 1123 2266 suppedi-

55 2275 109 2340 tat,
132 2259 254 2347 quibus
276 2271 390 2327 natura
412 2259 560 2344 corporis
581 2257 622 2322 ad
638 2257 879 2342 aegritudinem
897 2261 1121 2356 expellendam

55 2343 239 2418 adiuratum
265 2343 308 2408 ita
330 2341 483 2424 magister
503 2339 672 2404 scientiam
694 2340 727 2403 in
749 2340 910 2426 discipulo
927 2346 1043 2428 gignit,
1059 2366 1125 2410 non

55 2430 130 2511 quia
152 2424 290 2491 eandem
313 2423 481 2487 scientiam
508 2441 599 2486 suam
621 2423 654 2486 ei
677 2422 799 2498 tradit,
822 2422 879 2487 sed
900 2425 978 2522 qnia
1000 2447 1059 2510 per
1080 2429 1123 2490 si-

58 2529 117 2592 gna
144 2503 305 2606 quaedam
334 2513 473 2568 mentem
501 2506 572 2569 eins
601 2514 731 2570 revocat
757 2503 797 2567 ad
829 2503 1123 2572 considerationem

57 2589 305 2684 principiorum,
321 2607 404 2671 quae
420 2587 611 2684 naturaliter
625 2587 801 2671 cognoscit,
817 2599 850 2652 et
863 2587 1122 2665 conclusionum,

58 2693 137 2755 quae
162 2671 333 2755 principiis
356 2678 562 2734 continentur
582 2669 606 2731 ².

92 2806 160 2854 itur.
182 2799 216 2852 ll.
229 2796 407 2864 -Qnaenam
427 2797 461 2847 sit
481 2797 630 2860 methodus,
650 2811 702 2860 qna
722 2799 850 2848 scientiae
871 2801 1013 2852 tradendae
1032 2808 1094 2853 snut

94 2905 147 2970 lo.
171 2903 245 2968 Non
267 2902 361 2988 pauci
376 2897 571 2986 philosophi,
589 2900 674 2965 inter
685 2922 768 2986 qnos
781 2905 972 2987 nuperrime
986 2908 1027 2969 Α.
1043 2906 1125 2972 Gar·

61 2987 183 3054 nierins
205 2985 228 3061 ¹,
252 3005 315 3047 noii
337 2981 426 3047 aliud
447 2982 649 3048 discriminis
672 2983 759 3050 inter
781 2984 966 3050 methodum
988 2987 1126 3074 analyti-

60 3089 140 3146 cam,
161 3078 196 3133 et
216 3065 424 3154 syntheticam
447 3075 583 3150 ponunt,
598 3085 697 3149 quam
717 3064 804 3150 qnod
820 3067 876 3132 illa
892 3068 1123 3144 inventionem,

59 3151 136 3216 liaeo
156 3147 392 3236 expositionem
413 3149 483 3211 veri
513 3157 647 3232 spectat.
670 3147 762 3212 Hanc
788 3151 980 3215 sententiam
1001 3148 1126 3214 refelli-

59 3253 129 3298 inns
149 3231 297 3316 sequenti
320 3229 557 3312 Pmpositione:

93 3315 148 3380 tn.
172 3311 329 3381 scientias
349 3309 452 3374 eodem
473 3309 629 3387 methodo,
652 3327 714 3396 quo
734 3311 875 3376 inmittor
896 3322 979 3391 runt,
1001 3312 1126 3377 tradere

53 3403 204 3482 macelot.

93 3595 102 3632 ¹
126 3597 176 3659 oq.
196 3595 294 3657 dlcpp„
316 3591 355 3641 Dc
376 3589 487 3650 νει-ης
519 3581 567 3644 lll,
586 3597 613 3633 a.
639 3585 648 3634 l
671 3601 697 3636 c.

92 3665 192 3717 ²ittc.
205 3663 261 3702 -³
281 3663 366 3714 narie
383 3662 428 3712 der
444 3659 561 3724 [nouiter.
582 3655 628 3707 lili.
649 3655 720 3721 viti,
742 3673 767 3709 c.
788 3657 816 3718 2,
836 3662 852 3719 s
872 3659 899 3709 3.
