2475 3909
144 174 207 241 200
556 190 735 239 sausoure

103 280 232 354 stantia,
248 274 472 343 consideratur
493 276 591 343 veluti
614 287 709 363 typus
731 273 874 362 plurium
896 294 1007 341 rerum
1027 271 1172 360 singala-

102 357 203 434 rium;
226 379 299 424 nam
321 358 377 424 illa
398 379 529 446 quoque
551 361 654 435 notio,
700 380 760 423 uae
781 368 998 442 repraesentat
1016 378 1099 433 rem,
1113 378 1169 423 ve-

102 440 164 506 luti
186 440 434 507 determinatam
456 442 627 527 principiis
648 380 945 516 inlividuansibus,
968 438 1166 505 considerari

101 525 276 607 potestati
298 522 444 610 plurium
466 530 576 603 re'rum
599 524 812 608 singularium
833 522 1009 606 exemplar.

141 604 176 670 5⁰
198 605 288 671 Nihil
310 618 369 685 est,
391 624 451 671 cur
473 604 548 671 idea
569 608 679 671 innata
705 606 739 670 in
761 606 870 670 anima
892 602 1089 672 admittenda
1111 603 1162 667 sit:

99 688 238 752 rationis
248 689 336 755 enim
351 699 527 765 momentu,
539 686 659 774 quibus
673 687 859 754 llosminius
873 688 1060 753 senteutiam
1074 704 1163 750 suana

101 770 329 846 communivit,
353 770 464 836 iutilia
486 792 554 836 esse
575 767 761 857 paulopost
782 770 815 833 in
838 779 897 835 art.
920 770 1161 836 Xeaincemus.

138 849 173 915 6⁰
195 850 365 937 Denique,
388 852 469 918 illud
497 852 759 941 praetermissum
788 849 959 929 uolumus,
981 850 1068 937 quod
1091 848 1163 916 idea

98 933 194 1008 entis,
232 956 308 999 nam
322 934 512 1001 Rosminius
525 934 694 1012 confinxit,
709 934 909 1012 necessitate,
923 934 1091 1010 infinitate,
1105 933 1165 996 im-

98 953 327 1094 mutabilitate,
350 1017 489 1103 aliisque
511 1017 607 1095 nous,
623 1017 767 1115 propriis
787 1014 925 1081 Divinae
948 1026 1096 1094 naturae,
1112 1034 1165 1077 or-

98 1106 171 1161 uata
195 1100 312 1181 passim
333 1097 374 1164 ab
395 1120 435 1164 eo
449 1097 580 1167 dicitur.
603 1103 702 1184 Atqm
724 1096 780 1163 illa
796 1096 879 1175 idea,
895 1120 969 1163 cum
991 1099 1033 1166 sit
1055 1100 1164 1163 innata

98 1180 221 1255 menti,
244 1181 374 1246 nonnisi
406 1182 534 1250 allectio
568 1182 671 1268 ipsias
698 1181 815 1245 mentis
840 1202 909 1247 esse
935 1190 1051 1267 potest.
1074 1180 1162 1263 Ergo

96 1260 271 1343 quamdam
285 1262 490 1330 allectionem
512 1262 634 1329 divinis
648 1260 887 1329 characteribus
900 1274 1048 1328 ornatam
1061 1262 1163 1327 menti

96 1352 224 1441 nostrae
246 1344 413 1411 inhaerere
434 1344 610 1413 dicendum
631 1356 691 1423 est3
713 1344 747 1412 id
771 1344 857 1431 quod
883 1356 1016 1411 naturae
1045 1343 1164 1411 mentis

96 1441 230 1491 omnmo
251 1425 451 1494 adversatur.

369 1553 491 1609 saatv.
503 1553 582 1607 -ne
595 1548 887 1607 Transcendentetiimo

135 1654 187 1721 20.
211 1656 277 1727 sah
302 1660 636 1727 Troascardeataiismi
654 1660 784 1727 nomine
803 1658 1013 1758 designantur
1035 1652 1089 1724 illa
1112 1658 1163 1725 di-

95 1752 188 1800 versa
209 1750 377 1827 systemata
402 1744 586 1813 recentium
612 1742 806 1810 Germaniae
833 1742 1119 1827 philosophorum,
1142 1764 1163 1807 a

90 1817 220 1917 guihus·
240 1823 334 1909 origo
359 1836 486 1892 nostrae
513 1824 707 1911 cognitionis
733 1826 778 1889 ita
799 1827 990 1923 exponitur,
1012 1834 1049 1890 ut
1070 1844 1162 1891 mens

94 1919 166 1985 spsa
187 1899 316 1972 dicatur
336 1905 401 1973 sihi
424 1918 609 1975 construere
632 1927 708 1971 suae
731 1907 922 1991 cognitionis
942 1908 1077 1973 obiecta.
1093 1906 1160 1993 Ipsi

96 1983 302 2069 appellantur
335 1990 648 2066 Trausceadeatales,
670 1988 748 2074 quia
771 2009 900 2053 omnem
922 1989 1160 2075 experientiam

94 2067 324 2146 transcendant,
345 2092 404 2137 seu
425 2072 622 2148 transiliunt,
644 2082 678 2137 et
698 2071 860 2166 originem
888 2072 1082 2157 cognitionis
1102 2071 1162 2138 hu-

94 2166 209 2241 manae
229 2147 450 2219 demonstrare
474 2153 601 2221 student
621 2177 640 2217 a
657 2155 776 2238 priora,
793 2172 907 2237 nempe
929 2152 969 2219 ab
991 2155 1061 2239 ipsa
1084 2174 1162 2221 ana·

92 2226 154 2324 lpsr
167 2230 375 2376 cuglitutionis
397 2246 538 2302 remotae
552 2236 592 2301 ah
606 2238 697 2300 omui
719 2234 920 2321 experientia
933 2236 1002 2301 sive
1018 2236 1159 2315 interna,

94 2330 162 2375 srae
183 2331 224 2376 ex
239 2332 329 2380 erna.

133 2392 185 2457 21.
208 2393 336 2489 llornm
355 2397 624 2496 Philosophorum
650 2408 820 2488 systemata
847 2406 954 2463 ortum
974 2396 1161 2465 habuerunt

94 2473 268 2553 alisatio.
291 2479 306 2543 l
330 2502 364 2547 se
386 2492 551 2547 materiam
572 2490 606 2547 et
625 2482 757 2565 parmam
780 2480 812 2545 in
833 2480 949 2566 quavis
975 2481 1160 2565 cognitione

93 2554 191 2653 distin
241 2559 277 2626 't.
330 2563 432 2628 steria
452 2575 501 2630 est
521 2562 702 2642 mutabilis,
724 2574 756 2637 et
777 2562 976 2661 contingens,
998 2575 1094 2660 atque
1116 2584 1158 2629 ex

92 2639 205 2708 sensili
229 2662 268 2707 ns
289 2642 426 2711 obiectis
440 2648 508 2713 sive
524 2646 674 2720 internis,
689 2647 756 2711 sire
777 2654 920 2710 externas
942 2643 1082 2721 adventu
1096 2646 1159 2727 for-

92 2741 145 2784 ma
164 2734 213 2792 est
233 2726 437 2809 necessaria,
459 2739 492 2795 et
513 2727 729 2805 universalis,
753 2740 848 2813 atque
870 2727 1002 2812 exurgit
1023 2748 1064 2792 cx
1087 2727 1158 2814 ipsa

92 2816 206 2900 natura
232 2808 371 2875 subiecti
396 2812 628 2897 cognoscentis.
657 2812 724 2876 lam
753 2810 918 2895 cogitare,
945 2829 1004 2875 seu
1030 2808 1157 2893 aliquid

93 2906 265 2971 concipere
293 2890 380 2957 idem
406 2903 476 2972 est,
499 2914 537 2958 ac
560 2890 718 2959 iudicium
744 2891 784 2957 de
806 2891 915 2978 aliqua
936 2912 972 2956 re
994 2889 1155 2977 prolerre;

92 2980 124 3066 et
139 2966 214 3065 ideo
228 2970 352 3040 formae
366 2974 573 3060 cogitationis
595 2972 729 3043 totidem
749 2994 818 3040 esse
839 2972 969 3052 dehent,
988 2982 1068 3071 quot
1081 2985 1157 3041 sunt

91 3049 295 3121 rutinorum
317 3057 451 3143 species.
483 3058 568 3122 Hinc
590 3057 771 3124 intellectui
804 3067 913 3123 nostro
945 3056 1061 3121 insitae
1082 3066 1158 3122 sunt

92 3132 265 3203 duodecim
278 3136 414 3217 formae,
430 3159 487 3205 seu
501 3142 770 3238 categoriae,quae
785 3150 859 3205 sunt
874 3139 996 3215 linitas,
1012 3136 1157 3203 multita-

91 3218 143 3294 do,
158 3228 191 3284 et
204 3218 341 3286 totalitas
360 3222 485 3287 ratione
499 3224 684 3308 quantitatis
699 3220 911 3297 iudiciorum,
927 3231 1024 3307 prout
1038 3240 1156 3305 nempe

90 3301 179 3366 notio
194 3302 330 3370 subiecti
345 3312 402 3368 aut
414 3323 529 3381 unum,
541 3316 598 3371 aut
612 3304 718 3390 plura,
731 3315 786 3370 aut
800 3314 902 3370 totum
916 3302 1155 3388 complectitur;

90 3382 238 3463 Reatitas,
249 3386 382 3469 negatio,
397 3394 431 3451 et
445 3384 593 3452 limitatio
607 3388 733 3455 ratione
748 3386 921 3474 qualitatis,
933 3405 1049 3472 nempe
1063 3384 1156 3450 reali-

91 3476 137 3528 tas
150 3466 258 3550 quoad
270 3466 396 3534 indicis
410 3468 613 3545 affirmantia,
627 3472 747 3553 argatio
765 3468 871 3554 quoad
894 3466 1016 3533 indicia
1036 3484 1158 3551 negan-

91 3548 150 3623 tia,
172 3561 205 3615 et
227 3548 379 3615 limitatio
398 3549 506 3633 quoad
520 3548 644 3617 indicia
665 3549 848 3626 indefinita;
864 3549 1045 3617 Substantia
1057 3556 1090 3613 et
1103 3570 1158 3613 aa

91 3630 206 3713 siderea
228 3652 321 3697 cauea
342 3641 375 3699 et
396 3631 543 3717 effectas,
566 3642 661 3724 atque
688 3634 904 3723 reciprocatio,
928 3633 996 3699 sive
1017 3628 1099 3699 actio
1120 3642 1157 3703 et
