2475 3909
529 173 711 221 onronocrn
1069 155 1110 223 ἴ)

80 261 119 325 ali
145 260 249 327 altero
272 258 361 325 nullo
383 256 480 323 modo
503 257 662 323 differret.
678 256 778 341 Atqui
800 252 884 333 duo,
905 277 988 341 quae
1012 257 1095 325 iuter
1117 282 1151 326 se

82 343 172 408 nullo
196 340 291 405 modo
314 341 482 413 differunt,
504 350 677 414 suntuna,
700 337 878 422 eademque
900 360 963 403 res.
987 340 1087 425 Ergo.

117 425 169 489 73.
195 423 306 506 Resp,
330 422 408 504 Nep.
433 421 510 485 moi.
533 420 688 496 Etenim,
716 421 777 486 etsi
800 416 865 485 duo
891 419 1034 506 perfecte
1058 423 1152 488 simi-

79 505 123 569 lia
146 504 322 569 secundum
344 499 528 588 qualitates,
551 502 734 587 harumque
758 500 877 585 gradus
898 523 962 566 nou
984 501 1150 582 differant,

76 597 188 651 tamen
204 584 382 650 secundum
398 584 610 650 substantiam
633 603 735 648 unum
756 603 871 648 eorum
892 605 955 647 non
977 592 1026 649 est
1046 585 1146 650 aliud.

77 670 129 733 Ex
152 688 217 752 quo
241 666 330 733 vides
352 667 410 730 hac
432 665 617 731 obiectione
639 667 787 730 notiones
808 665 993 743 identitatis,
1009 677 1042 731 et
1063 668 1151 733 simi-

77 750 226 813 litudinis
253 748 294 813 ab
316 747 511 813 adversariis
539 767 709 845 perperam
738 745 907 811 conlundi.
937 746 1099 814 Audiatur
1122 772 1147 815 s.

76 832 227 896 Thomas:
252 854 269 893 a
292 828 447 896 ldentitas
471 839 563 913 ponit
583 830 740 893 unitatem
763 829 797 891 in
812 831 951 893 essentia
972 831 1149 895 secundum

77 933 275 977 numerum.
296 962 302 973 .
322 959 355 985 .,
378 911 574 997 aequalitas,
600 920 633 975 et
659 908 861 975 similitudo.
880 957 889 975 .
908 959 915 973 .
933 932 997 975 non
1025 913 1149 999 impor-

78 1004 147 1060 tant
168 995 326 1059 unitatem
353 994 560 1079 quantitatis,
585 992 636 1057 vel
682 993 825 1057 ualitatis
851 992 1068 1069 innumero,
1092 993 1150 1059 sed

77 1077 197 1141 sufficit
217 1076 303 1160 quod
325 1075 388 1139 sint
410 1074 495 1140 idem
519 1076 638 1159 speeie.
695 1082 882 1139 necantem
909 1075 1015 1140 unitas
1042 1086 1091 1140 est
1115 1076 1149 1140 in

77 1156 214 1222 diversis
234 1157 423 1244 suppositis;
446 1166 477 1221 et
498 1154 573 1220 ideo
595 1156 788 1239 aequalitas,
804 1165 837 1221 et
850 1155 1031 1222 similitudo
1051 1156 1148 1223 simul

80 1260 155 1305 curn
178 1242 302 1307 unitate
325 1242 502 1324 important
523 1236 767 1302 distinctionem
783 1239 793 1277 ¹
812 1261 841 1301 n.

348 1364 416 1419 Aac.
434 1365 478 1421 lV.
495 1394 527 1403 —
542 1365 578 1417 De
598 1369 702 1418 eutium
720 1368 886 1431 oppositione

116 1480 171 1544 ut.
195 1480 359 1565 Superest,
375 1487 411 1544 ut
424 1477 464 1542 de
479 1499 590 1544 rerum
611 1477 803 1564 oppositione
824 1475 948 1562 aliquid
963 1478 1150 1560 innuamus;

77 1559 241 1646 siquidem
262 1585 280 1624 u
303 1561 470 1626 distinctio
491 1560 689 1646 aliquorum,
706 1559 813 1626 aiente
836 1560 1011 1644 Aquinate,
1032 1558 1151 1628 hahen-

79 1644 162 1707 tium
185 1663 283 1707 unam
305 1653 453 1708 naturam
475 1643 587 1707 saltem
611 1641 753 1728 generis,
769 1662 839 1705 csse
862 1662 926 1705 nou
948 1652 1064 1726 potest,
1087 1644 1151 1711 u‘ui

78 1724 206 1789 ratione
228 1723 366 1790 alicuius
386 1724 614 1809 oppositionis:
630 1721 715 1788 unde
739 1724 924 1818 invenimus
939 1721 1026 1806 quod
1040 1726 1151 1793 cuius-

77 1803 160 1871 libet
182 1807 311 1891 generis
332 1804 535 1871 differentiae
558 1812 633 1868 sunt
650 1804 1157 1895 fflnfflfflhmmqw...
1173 1834 1212 1838 -

78 1908 119 1961 ep
141 1876 672 1946 dto‚2......,.qm-mquaranone
688 1878 796 1923 secum
819 1870 963 1944 pugnant
993 1870 1052 1935 ;et
1072 1881 1153 1946 qno.

75 1936 167 2007 nram
188 1942 316 2007 diversa
338 1956 386 2008 est
409 1944 505 2017 ratio,
522 1962 562 2003 ex
578 1961 643 2025 quo
657 1940 737 2005 haec
752 1941 967 2026 repugnantia
983 1942 1065 2005 effici
1083 1954 1152 2027 pot-

77 2035 138 2102 est,
161 2022 307 2090 diversae
330 2023 548 2109 oppositionis
570 2021 696 2105 species
718 2021 872 2087 existunt.
896 2023 1075 2087 Enimvero
1096 2044 1153 2111 op-

76 2107 200 2193 positio
222 2128 331 2171 rerum
355 2106 402 2170 vel
425 2126 465 2169 ex
488 2102 647 2169 relatione
673 2107 771 2166 unius
797 2103 838 2168 ad
859 2103 1012 2180 alteram,
1034 2106 1085 2170 vel
1108 2128 1152 2172 ex

78 2209 133 2265 eo,
155 2188 241 2269 quod
257 2208 321 2253 una
336 2187 470 2253 alteram
492 2183 652 2261 excludit,
673 2185 846 2250 enascitur.
865 2186 897 2252 Si
922 2186 1078 2270 primurn,
1095 2206 1152 2273 op-

78 2271 202 2356 positio
228 2269 351 2335 dicitur
377 2269 520 2333 relativa.
552 2263 746 2331 Huiusmodi
780 2268 942 2352 oppositio
969 2268 1152 2352 appellatur

78 2352 224 2427 minimo,
247 2352 324 2437 quia
347 2349 520 2434 distinguit
540 2358 665 2414 tautum
687 2348 753 2411 duo
773 2360 931 2423 extrema,
955 2348 1041 2414 inter
1065 2371 1150 2437 quae

78 2431 250 2499 intercedit
263 2435 288 2497 ⁴.
310 2434 366 2499 Sin
390 2432 541 2506 alterum,
565 2450 602 2493 ea
627 2436 732 2515 potest
751 2450 820 2496 esse
835 2438 893 2495 aut
905 2432 1077 2510 contraria,
1094 2443 1152 2499 aut

72 2515 258 2602 privativa,
280 2524 336 2580 aut
358 2512 612 2579 contradictoria.

117 2596 171 2662 75.
193 2596 366 2681 Oppositio
388 2594 550 2662 contraria
572 2595 658 2657 inter
677 2611 716 2654 ea
737 2594 860 2666 existit,
875 2614 960 2676 quae
982 2613 1015 2657 se
1038 2593 1078 2658 ab
1098 2616 1151 2660 eo·

76 2678 151 2743 dem
174 2677 320 2744 subiecto
342 2678 483 2743 invicem
505 2675 683 2761 expellunt;
705 2693 736 2737 e.
752 2696 798 2772 q„
818 2676 981 2741 contrarie
1002 2677 1151 2763 opposita

77 2770 154 2827 sunt
176 2760 272 2835 color,
295 2770 326 2827 et
345 2761 457 2842 frique,
475 2758 553 2843 quia
576 2756 646 2821 lieri
670 2768 798 2839 nequit,
816 2768 853 2822 ut
867 2757 953 2821 idem
974 2776 1093 2843 corpus
1107 2760 1153 2825 sit

77 2841 178 2906 simul
202 2839 357 2914 calidum,
380 2851 411 2907 et
435 2839 603 2925 frigidum.
621 2841 671 2903 Ex
693 2857 759 2920 quo
774 2840 973 2924 perspicitur
987 2842 1151 2906 contraria

76 2943 226 2987 essenon
250 2944 353 3009 posse,
376 2924 437 2986 nisi
461 2942 544 3007 quae
567 2920 609 2985 ob
632 2918 854 2986 diversitatem
869 2918 994 2985 formae
1017 2922 1150 2987 interae

75 3003 250 3071 differunt.
266 3004 356 3071 Unde
372 3026 397 3070 s.
414 3004 562 3069 Thomas:
576 3002 825 3067 «contrarietas
839 3011 888 3067 est
902 3002 1086 3069 differentia
1103 3024 1151 3069 se·

77 3086 223 3153 cundum
244 3086 383 3152 formam
398 3088 410 3123 ⁸
426 3109 455 3150 n.
479 3085 653 3170 Oppositio
662 3085 828 3168 privativo
842 3094 890 3150 est
905 3086 989 3149 iuter
1010 3085 1151 3169 aliquam

430 3198 750 3210 -u-...-—--—-—·-—

112 3244 120 3279 ¹
144 3245 175 3292 tn
194 3242 239 3292 tta.
260 3244 372 3299 lSent„
393 3239 458 3291 Dtst.
479 3236 551 3297 lllll,
572 3252 600 3302 q.
622 3235 643 3296 l,
660 3251 686 3286 ι.
709 3237 722 3286 1
743 3238 777 3288 ad
795 3241 824 3291 Ξ.

113 3315 195 3378 ²0q.
216 3316 313 3377 dtspp„
337 3316 374 3363 tte
394 3315 462 3370 Pet,
483 3326 510 3375 q.
533 3308 566 3369 ll,
588 3325 614 3360 a.
635 3311 653 3360 t
671 3323 698 3360 e.

112 3387 124 3422 ὃ
145 3384 182 3435 lte
201 3399 291 3436 rerum
310 3386 473 3447 oppositione
488 3383 531 3433 hle
545 3383 689 3445 loquimur,
704 3395 756 3432 nou
769 3397 832 3433 raro
845 3387 877 3434 do
891 3386 1054 3448 oppositione
1067 3400 1152 3439 enun-

76 3460 236 3513 elationum,
257 3457 289 3507 de
308 3470 358 3520 qua
379 3457 432 3506 rid.
458 3457 554 3519 copta,
575 3468 633 3515 par.
654 3452 675 3513 l,
695 3467 721 3504 c.
743 3451 776 3513 ll,
796 3470 823 3505 a.
844 3458 871 3509 6.
894 3471 920 3519 p.
942 3457 977 3509 35
996 3457 1049 3508 vol.
1072 3455 1092 3509 l.

114 3528 125 3565 ⁴
145 3528 218 3580 llaec
237 3530 379 3591 oppositio,
395 3530 432 3578 utt
447 3526 527 3590 paulo
541 3532 603 3575 ante
617 3526 813 3585 adnotavimus,
834 3530 934 3579 realem
954 3531 1150 3585 distinctionem

76 3603 147 3656 tutor
168 3600 295 3655 Personas
314 3598 420 3655 Divinas
440 3598 640 3652 contemnit-³
662 3598 687 3649 1³
707 3598 757 3660 22‘,
778 3614 805 3666 q.
828 3598 935 3663 XXXV,
956 3617 982 3655 a.
1004 3604 1020 3655 t
1039 3618 1065 3659 ο.
