2475 3909
476 164 707 212 nruaurcoura
723 185 726 190 -
1039 148 1096 224 151

75 259 107 316 ut
127 247 237 326 unico,
253 257 285 314 et
300 249 406 334 primu
427 259 500 314 actu
524 257 664 331 nequeat
684 265 878 331 cognoscere
903 248 1076 331 qualitates
1097 249 1140 313 si-

74 331 136 394 mul
160 350 236 395 cum
258 331 395 396 essentia
419 331 478 394 rei.
503 329 611 407 Quare
636 329 704 412 ipse
727 328 871 412 primum
899 331 1043 395 notiones
1065 333 1138 410 rei,

72 421 100 475 et
121 411 316 496 qualitatum
338 410 540 498 adipiscitur,
556 411 633 475 dein
654 410 926 489 convenientiam,
949 422 1005 476 aut
1019 412 1141 478 discre-

73 495 213 578 pantiam
236 495 491 578 uniuscuiusque
514 492 682 580 qualitatis
703 512 778 556 cum
797 494 938 558 essentia
957 495 1006 558 rei
1021 515 1141 580 cogno·

72 577 130 640 scit
146 577 169 638 ¹.
193 576 264 640 lloc
288 575 383 641 modo
408 576 475 660 ipse
490 575 529 640 de
549 574 648 639 rebus
662 573 792 636 iudicat.
805 573 893 651 Quid
908 575 952 640 sit
965 575 1138 651 iudicium,

71 655 306 742 explicavimus
329 660 362 724 in
385 658 500 740 Loqica
513 659 538 720 ².
561 655 778 734 Quaestioncs
799 666 908 720 autem
928 655 1140 744 dynamilogi·

70 760 135 814 cae,
159 760 241 823 quae
265 742 352 804 circa
371 749 517 805 naturam
534 738 650 804 iudicii
671 745 851 815 versantur,
867 738 927 803 hae
943 740 1140 825 praecipuae

70 829 154 886 suut:
178 818 211 885 1⁰
233 820 348 887 Utrum
371 820 531 886 iudicium
551 819 741 895 intellectui,
758 840 799 884 an
813 820 973 888 voluntati
994 821 1140 888 tribuen-

70 902 147 968 dum
170 903 233 976 sit;
260 901 295 968 2⁰
319 914 429 968 utrum
449 903 560 969 omnia
583 900 706 968 iudicia
730 900 808 966 siant
840 923 899 987 per
927 906 1161 988 comparatio-⁸

71 1005 143 1049 nem
167 987 396 1062 terminorum,
418 1008 457 1049 an
480 985 590 1068 aliqua
614 981 736 1049 iudicia
758 981 836 1049 liant
857 1005 898 1048 ex
920 987 1089 1064 instinctu3
1104 987 1139 1054 3⁰

70 1078 179 1132 utrum
203 1068 336 1132 essentia
361 1067 475 1132 iudicii
500 1069 532 1132 in
555 1066 814 1151 comparatione,
837 1085 877 1129 an
901 1067 933 1130 in
954 1069 1141 1134 affirmatio

72 1170 122 1223 ne,
147 1158 205 1212 aut
225 1151 399 1236 negatione
421 1150 585 1214 consistat.

98 1228 181 1374 1³51.
205 1229 304 1317 Prop.
329 1229 374 1295 1⁸.
402 1231 561 1296 iudicium
583 1249 644 1292 aaa
658 1238 701 1292 ast
716 1237 804 1292 actus
824 1227 1007 1308 uoluntatis,
1027 1234 1077 1298 sut
1092 1235 1141 1298 io-

69 1325 96 1372 te
121 1323 217 1374 ectus.

110 1393 272 1457 Probatur
294 1405 404 1460 contra
426 1393 643 1460 Cartesianos.
668 1394 846 1466 Actiones,
868 1411 952 1476 quae
974 1406 1048 1461 sunt
1070 1416 1084 1460 s
1108 1419 1142 1461 e·

67 1473 160 1539 cifice
182 1471 355 1548 diversae,
381 1474 494 1540 reduci
525 1495 588 1538 non
640 1483 752 1540 ossunt
774 1471 814 1537 ad
836 1472 984 1538 eamdem
1008 1419 1141 1543 luculla-

67 1568 131 1620 tcm
148 1557 171 1620 ³.
196 1557 295 1641 Atqui
319 1554 492 1633 iudicium,
518 1565 551 1620 et
571 1495 699 1633 volitiu,
715 1577 831 1640 nempe
847 1569 936 1623 actus
953 1558 1139 1634 voluntatis,

67 1649 142 1702 sunt
165 1639 308 1703 actiones
330 1638 479 1723 specifice
505 1636 676 1714 diversae,
705 1639 785 1723 quia
807 1636 968 1702 iudicium
997 1639 1140 1708 refertur

66 1719 106 1783 acl
129 1740 263 1795 cerum,
286 1719 399 1784 solitio
420 1730 528 1785 autern
557 1717 597 1782 ad
624 1717 747 1783 bouum.
771 1720 859 1803 Ergo
882 1721 908 1784 si
934 1721 1046 1788 volitio
1070 1745 1141 1808 per·-

66 1803 148 1866 tinct
170 1800 210 1864 ad
231 1800 441 1879 voluntatem,
458 1799 621 1866 iudicium
644 1821 705 1864 nou
744 1810 826 1865 otest
841 1803 1004 1887 pertinere
1028 1802 1067 1868 ad
1091 1806 1141 1888 ip·

66 1905 150 1958 sam,
173 1882 227 1947 scd
250 1882 348 1950 debet
369 1886 533 1969 pertinere
547 1881 586 1945 ad
603 1880 692 1946 illam
724 1882 909 1959 acuitatem,
932 1885 1028 1948 cuius
1050 1883 1139 1950 ubie-

65 1977 156 2030 ctum
178 1975 226 2029 est
248 1987 367 2040 cerrum,
392 1986 508 2062 nempe
531 1963 569 2028 ad
597 1960 808 2029 intellectum.

109 2045 177 2112 152.
200 2044 309 2112 Obiic.
332 2047 367 2110 ln
411 2047 536 2112 uolrbet
557 2042 682 2110 iudicio
705 2065 794 2109 mens
816 2044 867 2108 vel
888 2047 1065 2111 assentitur
1080 2047 1139 2112 ali-

64 2131 120 2192 cui
145 2128 297 2206 veritati,
320 2127 369 2192 vol
388 2067 541 2194 ilisscntit
563 2125 603 2189 ab
627 2125 736 2210 aliqua
764 2125 916 2203 falsitate,
939 2129 1026 2210 quud
1053 2128 1138 2192 idem

65 2221 115 2274 cst
136 2231 175 2274 ac
197 2207 306 2274 dicere
329 2221 467 2274 mentem
483 2211 516 2274 in
533 2206 657 2273 iudicio
680 2205 805 2294 aliquid
827 2209 993 2294 amplecti,
1013 2211 1064 2275 vel
1087 2233 1139 2274 re·

65 2313 79 2352 s
105 2312 195 2356 uere.
218 2291 317 2388 Atqui
340 2291 505 2376 amplecti,
526 2300 559 2357 et
580 2310 735 2376 respuere
750 2300 825 2356 sunt
838 2301 930 2356 actus
952 2290 1137 2358 voluntatis.

96 2394 113 2436 r
135 2395 156 2436 o
178 2371 339 2438 iudicium
362 2386 410 2440 est
431 2384 521 2438 actus
544 2370 728 2438 voluntatis.

109 2394 178 2520 i53.
203 2455 301 2540 Resp.
328 2454 420 2518 Cone.
445 2455 535 2530 mai,⁸
553 2453 630 2518 dict.
647 2453 739 2531 min,
756 2452 922 2539 amplecti,
938 2462 970 2517 et
984 2474 1138 2539 respuere

64 2545 143 2600 sunt
164 2544 255 2600 actus
277 2535 454 2603 voluntatis
480 2546 623 2609 tantum,
645 2554 712 2617 tuq.
735 2535 833 2611 mie,
857 2544 932 2599 sunt
952 2544 1042 2599 actus
1065 2557 1138 2599 cum

64 2616 254 2694 voluntatis,
277 2629 346 2683 tum
368 2618 562 2692 intellectus,
586 2615 664 2681 licet
685 2615 813 2682 diverso
836 2615 943 2691 modo,
958 2636 1040 2681 coac.
1057 2617 1138 2681 mie.

65 2700 146 2781 Nep.
171 2720 253 2764 coar.
276 2701 319 2766 Et
340 2721 416 2764 sanc
439 2699 616 2784 amplecti,
638 2709 671 2764 et
696 2719 851 2784 respuere
874 2719 937 2762 non
971 2696 1077 2763 sulum
1099 2698 1139 2763 ad

64 2782 283 2856 voluntatem,
305 2779 361 2846 sed
384 2784 482 2847 ctiam
505 2779 544 2844 ad
569 2779 769 2845 intellectum
792 2781 972 2866 pertinent,
996 2780 1075 2864 quia
1097 2781 1140 2845 si-

64 2875 122 2929 cut
143 2863 292 2930 voluntas
320 2863 525 2946 amplectitur
552 2861 698 2936 bonum,
721 2870 753 2927 et
776 2861 903 2947 respuit
925 2858 1071 2940 malum,
1095 2862 1139 2929 ita

64 2946 265 3020 intellectus,
288 2965 363 3008 cum
387 2944 548 3010 indicium
571 2941 712 3020 coniicit,
736 2942 946 3028 amplectitur
965 2963 1093 3020 verum,
1108 2955 1141 3011 ct

63 3027 194 3114 respuit
216 3025 346 3091 falsum.
370 3029 413 3092 nt
433 3047 476 3092 ex
496 3045 550 3104 eo,
594 3025 660 3090 uod
686 3046 738 3089 am
763 3025 851 3102 lecti,
867 3035 900 3090 et
914 3044 1070 3110 respuere
1092 3026 1141 3089 in-

62 3113 243 3174 veniuntur
264 3129 329 3173 nun
350 3107 456 3173 solum
479 3109 513 3172 in
536 3046 677 3182 inlicio,
698 3043 762 3171 setl
780 3107 880 3171 etiam
901 3107 935 3170 in
958 3107 1139 3182 voluntate,

63 3191 143 3257 inde
167 3187 375 3255 inserendum
409 3209 472 3255 non
504 3199 552 3254 est
580 3186 742 3253 iudicium
764 3187 804 3252 ad
827 3186 1025 3253 voluntatem
1048 3207 1140 3252 revo-

61 3275 134 3338 cari
204 3291 263 3348 sse;
286 3293 362 3336 nam
384 3272 558 3356 amplecti,
581 3281 613 3336 et
636 3289 790 3355 respuere
818 3267 948 3334 diverso
970 3267 1068 3333 modo
1091 3267 1138 3333 lo-

59 3375 138 3420 cum
185 3351 282 3419 abent
304 3353 337 3419 in
361 3352 499 3430 iudicio,
522 3373 621 3438 quam
637 3353 671 3415 iu
686 3351 853 3417 rulitioue.
875 3351 1007 3418 Etenim
1029 3350 1138 3415 anima

411 3489 549 3502 ..α-..οη-
557 3489 641 3496 .·--—-
661 3490 672 3495 -
682 3488 752 3496 0...-

100 3555 110 3588 ¹
131 3546 170 3602 Cl
186 3565 209 3602 r.
231 3546 338 3606 liram„
360 3544 381 3603 l.
402 3561 431 3608 q.
452 3541 545 3606 LVlll,
565 3559 592 3594 a.
613 3545 632 3596 4
651 3558 676 3595 c.

95 3619 169 3678 ’Gt
183 3637 211 3690 p.
232 3619 340 3676 &la-³
360 3615 396 3674 et
412 3633 439 3682 p.
461 3615 522 3668 tta.
