2475 3909
488 196 673 248 outonaats
1040 184 1082 249 to

53 296 135 357 tur,
158 294 208 349 est
229 281 406 350 indivisum
434 284 532 348 inse.
558 285 647 367 Ergo
668 302 764 348 omne
790 302 846 347 eus
867 293 917 350 est
944 283 1123 350 indivisum
1179 300 1182 307 ·

53 370 89 431 in
112 386 158 429 se.
182 366 283 448 Atqui
305 386 388 445 ens,
413 375 509 452 prout
529 374 578 431 εει
599 362 777 431 indivisum
798 364 833 428 in
853 384 913 442 se,
936 376 985 431 est
1005 387 1119 431 unum.

52 450 99 513 Er
124 467 144 510 o
165 467 259 511 omne
281 468 338 511 ens
359 456 406 513 est
428 447 564 512 unum¹.

162 528 252 591 Hanc
266 527 308 593 ob
323 530 482 594 rationem
502 547 601 591 onam
623 547 698 591 cum
719 537 793 591 ente
806 528 946 592 concerti
959 526 1082 594 dicitur
1092 530 1118 605 ²3

50 630 182 692 nempe,
198 620 234 675 ιιι
248 610 360 675 Scotus
382 611 438 688 ait,
456 632 474 671 a
490 609 604 675 codem
618 618 667 675 εει
681 606 805 692 aliquid
827 630 896 686 cns,
912 618 945 675 et
958 631 1061 675 nuum
1074 610 1118 673 ⁸».

50 692 205 767 Etenim,
228 713 323 756 omne
344 712 400 757 ens
425 710 483 777 per
504 690 678 757 essentiam
699 710 790 755 suam
811 702 862 757 εει
880 711 983 755 unum
995 709 1005 767 ;
1028 692 1121 756 item·

49 794 116 859 qne
141 794 199 857 per
218 774 392 840 essentiam
413 783 462 839 εει
483 772 543 853 id,
565 771 652 859 quod
674 782 745 849 est;
767 781 966 917 quapropter
991 794 1033 837 ex
1054 792 1120 850 eo,

50 852 139 941 quad
162 862 210 973 cst
230 876 288 921 ens
305 902 314 933 ,
334 864 384 921 εει
404 876 532 934 uuum,
556 868 653 940 atque
672 874 715 919 ex
735 875 798 931 eo,
821 875 886 939 quo
930 863 979 920 εει
999 876 1119 931 ιιιιιιιιι,

52 946 102 1002 εει
122 956 179 1001 eus
206 985 214 1000 .

90 1016 144 1083 55.
167 1018 330 1093 Quoniam
351 1040 454 1084 unum
476 1040 551 1085 cnm
572 1025 646 1082 ente
669 1016 880 1094 convertitur,
895 1025 927 1082 et
946 1016 1029 1082 entis
1050 1017 1123 1101 plu-

51 1120 87 1163 ra
110 1108 186 1163 sunt
207 1120 337 1184 genera,
382 1101 454 1165 lura
475 1102 573 1169 etiam
597 1118 717 1183 genera
742 1098 876 1163 unitatis
895 1096 935 1161 ab
954 1120 988 1164 se
1008 1097 1123 1164 discri-

51 1180 172 1243 minari
194 1190 334 1263 oportet.
356 1122 406 1247 bx
422 1182 472 1246 bis
487 1182 663 1269 praecipue
685 1177 878 1264 explicanda
899 1180 993 1246 nobis
1015 1192 1064 1248 εει
1086 1202 1123 1245 u·

51 1262 136 1325 nitas
157 1262 383 1345 simplicitatis,
406 1272 439 1327 et
458 1266 567 1329 unitas
587 1262 834 1345 compositionis.

94 1344 201 1409 Unum
224 1344 349 1410 unitate
370 1345 585 1428 simplicitatis
605 1344 727 1409 dicitur
750 1341 854 1417 illud,
876 1342 964 1425 quod
987 1364 1049 1407 nan
1072 1362 1123 1407 so-

52 1422 121 1487 lum
144 1436 216 1489 octa
236 1436 285 1491 est
307 1426 499 1504 indivisum,
523 1427 579 1492 sed
605 1427 706 1491 etiam
724 1424 875 1509 patentia.
899 1426 987 1490 Haeo
1013 1424 1123 1490 unitas

51 1504 184 1571 entibus
205 1505 409 1593 simplicibus
430 1511 593 1584 convenit,
617 1504 780 1592 siquidem
803 1507 888 1590 ipsa,
903 1527 977 1571 cum
992 1516 1124 1572 careant

53 1586 215 1671 partibus,
237 1610 300 1653 nou
323 1590 427 1655 salum
450 1613 485 1657 re
509 1592 579 1676 ipsa
601 1610 666 1654 non
687 1598 762 1652 sunt
782 1585 908 1664 divisa,
932 1587 986 1653 sed
1011 1610 1051 1653 ne
1073 1586 1124 1651 di-

53 1666 120 1732 vidi
141 1668 277 1755 quidem
299 1682 443 1757 possunt.
467 1672 540 1758 Ipsa
563 1680 670 1737 autem
692 1671 820 1746 maior,
842 1667 893 1733 vel
916 1672 1024 1735 minor
1050 1681 1122 1745 εει,

53 1769 122 1834 quo
144 1751 273 1830 maiori,
290 1754 339 1819 vel
355 1756 474 1819 minori
490 1753 697 1839 simplicitate
712 1772 771 1817 ens
807 1750 917 1817 audet.
935 1752 1019 1816 Hinc
1035 1749 1125 1815 Deus

53 1841 103 1896 est
125 1832 269 1898 maxime
291 1856 387 1913 uuus,
412 1837 512 1931 quia,
537 1844 574 1901 nt
594 1834 675 1899 alias
699 1770 916 1909 ostenbemus,
939 1854 1003 1897 uon
1026 1830 1124 1897 modo

53 1914 325 2011 compositiopem
348 1928 504 2003 paruum,
526 1916 582 1982 secl
602 1915 784 2002 quamlibet
798 1914 895 1979 aliam
914 1916 1126 2001 compositio·

53 2016 131 2059 nem
152 2008 289 2063 restuit.

94 2076 148 2171 ⁵⁶.-
170 2015 278 2143 Uium
300 2100 376 2145 vcro
398 2082 523 2147 unitate
545 2079 778 2164 compositionis
790 2076 913 2143 dicitur
926 2076 1020 2158 illud,
1036 2077 1127 2164 quod

54 2168 105 2224 est
129 2179 162 2221 sn
186 2178 219 2224 se
249 2160 427 2228 indivisum
456 2173 550 2238 acta,
580 2184 644 2228 non
672 2182 749 2227 vera
774 2161 924 2244 potentia.
951 2160 1128 2227 Eiusmodi

53 2250 132 2305 sunt
154 2242 266 2319 entia,
289 2264 373 2327 quae
395 2265 437 2309 ex
460 2242 608 2341 partibus
633 2251 895 2330 componuntur,
918 2243 989 2327 ipsa
1011 2243 1125 2320 enim,

55 2318 135 2385 dum
159 2322 196 2418 in
215 2344 248 2387 εε
271 2336 347 2391 ειιιιι
368 2324 519 2404 indivisa,
544 2323 648 2392 dividi
670 2334 815 2411 possunt.
838 2324 998 2391 ltabomo
1019 2334 1068 2389 εει
1089 2345 1127 2388 ιι-

53 2422 117 2467 nus
139 2412 264 2469 unitate
286 2408 531 2491 compositionis,
554 2408 632 2494 quia
655 2408 776 2486 anima,
792 2414 825 2473 et
838 2426 895 2470 cor
918 2428 969 2485 us,
990 2428 1033 2472 ex
1052 2406 1126 2491 qui-

54 2484 117 2551 bus
139 2484 209 2571 ipse
231 2490 460 2573 componitur,
483 2489 608 2575 aliquid
633 2490 668 2553 in
689 2510 723 2555 se
749 2499 822 2553 acta
844 2489 879 2552 in
904 2490 1024 2553 isisum
1050 2507 1126 2551 con·

55 2569 209 2645 stituunt,
233 2568 288 2633 sed
310 2570 472 2636 eiusmodi
493 2582 579 2649 snut,
601 2578 639 2636 nt
657 2569 699 2635 ab
722 2592 756 2637 se
777 2569 882 2635 dividi
904 2579 1026 2667 queant
1039 2572 1063 2632 ⁸.

93 2648 149 2715 57.
171 2649 255 2714 Illud
278 2662 387 2717 autem
408 2652 643 2719 advertendum
664 2662 733 2731 εει,
756 2652 838 2717 bana
863 2662 1021 2719 unitatem
1044 2672 1127 2717 com-

49 2731 220 2815 positionis
242 2731 283 2797 ad
305 2733 361 2798 illa
382 2735 468 2801 entia
494 2735 627 2821 proprie
676 2737 840 2808 ertinere,
867 2755 951 2831 quae
979 2744 1128 2800 constant

54 2833 97 2879 ex
119 2814 291 2898 partibus,
313 2837 454 2901 quarum
480 2838 545 2881 una
571 2814 612 2881 ab
639 2754 763 2893 aitera,
790 2814 893 2881 veluti
920 2817 1063 2901 potentia
1085 2815 1126 2880 ab

55 2896 341 2996 aetupperficitur,
356 2920 440 2984 quae
455 2897 578 2963 idcirco
593 2900 725 2965 unicam
746 2893 964 2962 substantiam
985 2897 1129 2983 comple-

96 3081 103 3117 ¹
126 3074 165 3132 ct
179 3094 201 3131 s.
222 3077 330 3139 Thom..
351 3084 469 3149 οεοᾱιιι.
491 3078 537 3140 Vl,
558 3094 584 3131 s.
607 3081 618 3129 ι
641 3078 729 3130 a.-²
747 3077 770 3137 l,
789 3094 817 3144 q.
839 3076 887 3140 Xl,
908 3084 960 3132 toa.
981 3085 1030 3135 att.

92 3152 104 3189 ⁸
124 3155 156 3204 la
174 3154 220 3204 ttt.
235 3157 250 3205 1
267 3157 349 3215 Sam..
370 3152 436 3207 bist.
452 3152 486 3213 ll,
507 3167 535 3217 q.
549 3153 577 3203 θ.
599 3148 636 3204 Gt
650 3165 673 3202 t.
686 3150 769 3216 tas..
785 3155 824 3205 Ds
841 3168 910 3204 mar.
924 3157 1014 3217 Mam,
1028 3156 1076 3206 llb.
1092 3154 1128 3217 ll,

55 3238 82 3275 ο.
93 3224 238 3356 ’θ’[ιξιιῗε
259 3310 329 3361 quae
348 3298 550 3364 ammoneatis
568 3300 643 3360 patet
659 3296 805 3346 dtscstmeu
824 3297 892 3348 tates
909 3296 978 3349 usuc
998 3301 1129 3351 unitatem

58 3370 319 3428 tantumtantum,
334 3377 361 3421 ει
373 3374 508 3427 astutam,
523 3382 593 3433 quas
605 3373 646 3419 est
659 3370 819 3431 princtptum
832 3371 948 3426 numeris
963 3370 1030 3421 baec
1043 3374 1128 3433 euim,

59 3448 89 3493 ut
107 3457 130 3492 s.
151 3437 266 3493 Thomas
286 3444 382 3507 lnquit,
406 3462 417 3489 s
439 3442 511 3493 satit
530 3440 630 3505 sttqait
649 3455 730 3503 supra
748 3454 795 3491 eus
813 3440 847 3491 ad
866 3454 950 3504 penus
969 3446 1128 3507 quantitatis

59 3511 536 3650 ,affluassfirfqoqetpugiusoep
543 3515 758 3651 oiitapbqstcam,
771 3586 797 3635 st
810 3586 984 3650 postestatem
994 3590 1132 3654 ptpstcam

59 3660 240 3727 appellarunt.
984 3726 1006 3773 *
