<?xml version="1.0" encoding="UTF-8"?>
<!DOCTYPE html PUBLIC "-//W3C//DTD XHTML 1.0 Transitional//EN"
    "http://www.w3.org/TR/xhtml1/DTD/xhtml1-transitional.dtd">
<html xmlns="http://www.w3.org/1999/xhtml" xml:lang="en" lang="en">
 <head>
  <title>
</title>
<meta http-equiv="Content-Type" content="text/html;charset=utf-8" />
  <meta name='ocr-system' content='tesseract 3.04.00' />
  <meta name='ocr-capabilities' content='ocr_page ocr_carea ocr_par ocr_line ocrx_word'/>
</head>
<body>
  <div class='ocr_page' id='page_1' title='image "./philosophiachri00sansgoog_0581.png"; bbox 0 0 2475 3909; ppageno 0'>
   <div class='ocr_carea' id='block_1_1' title="bbox 460 160 1085 231">
    <p class='ocr_par' dir='ltr' id='par_1_1' title="bbox 460 160 1085 231">
     <span class='ocr_line' id='line_1_1' title="bbox 460 160 1085 231; baseline -0.002 -1"><span class='ocrx_word' id='word_1_1' title='bbox 460 181 734 231; x_wconf 76' lang='lat' dir='ltr'><strong><em>amnnaronncm</em></strong></span> <span class='ocrx_word' id='word_1_2' title='bbox 1022 160 1085 229; x_wconf 76' lang='lat'><strong><em>285</em></strong></span> 
     </span>
    </p>
   </div>
   <div class='ocr_carea' id='block_1_2' title="bbox 41 262 1126 430">
    <p class='ocr_par' dir='ltr' id='par_1_2' title="bbox 41 262 1126 430">
     <span class='ocr_line' id='line_1_2' title="bbox 41 262 1126 353; baseline 0 -22"><span class='ocrx_word' id='word_1_3' title='bbox 41 278 146 352; x_wconf 79' lang='lat' dir='ltr'><strong><em>pateat</em></strong></span> <span class='ocrx_word' id='word_1_4' title='bbox 166 271 302 334; x_wconf 85' lang='lat' dir='ltr'><strong><em>animam</em></strong></span> <span class='ocrx_word' id='word_1_5' title='bbox 324 270 359 331; x_wconf 80' lang='lat' dir='ltr'><strong><em>in</em></strong></span> <span class='ocrx_word' id='word_1_6' title='bbox 379 268 516 333; x_wconf 87' lang='lat' dir='ltr'><strong><em>nibilum</em></strong></span> <span class='ocrx_word' id='word_1_7' title='bbox 537 267 693 349; x_wconf 60' lang='lat' dir='ltr'><strong><em>reatus-n</em></strong></span> <span class='ocrx_word' id='word_1_8' title='bbox 708 266 759 329; x_wconf 86' lang='lat' dir='ltr'><strong><em>sed</em></strong></span> <span class='ocrx_word' id='word_1_9' title='bbox 782 264 850 342; x_wconf 87' lang='lat' dir='ltr'><strong><em>boo,</em></strong></span> <span class='ocrx_word' id='word_1_10' title='bbox 867 264 896 329; x_wconf 80' lang='lat' dir='ltr'><strong><em>si</em></strong></span> <span class='ocrx_word' id='word_1_11' title='bbox 917 262 1000 332; x_wconf 78' lang='lat' dir='ltr'><strong><em>Eius</em></strong></span> <span class='ocrx_word' id='word_1_12' title='bbox 1016 278 1126 353; x_wconf 83' lang='lat' dir='ltr'><strong><em>poten-</em></strong></span> 
     </span>
     <span class='ocr_line' id='line_1_3' title="bbox 47 344 1054 430; baseline 0 -17"><span class='ocrx_word' id='word_1_13' title='bbox 47 353 98 413; x_wconf 81' lang='lat' dir='ltr'><strong><em>tio</em></strong></span> <span class='ocrx_word' id='word_1_14' title='bbox 118 370 190 413; x_wconf 87' lang='lat' dir='ltr'><strong><em>oum</em></strong></span> <span class='ocrx_word' id='word_1_15' title='bbox 212 351 288 415; x_wconf 81' lang='lat' dir='ltr'><strong><em>aliis</em></strong></span> <span class='ocrx_word' id='word_1_16' title='bbox 310 350 473 415; x_wconf 74' lang='lat' dir='ltr'><strong><em>attributis</em></strong></span> <span class='ocrx_word' id='word_1_17' title='bbox 497 344 817 421; x_wconf 81' lang='lat' dir='ltr'><strong><em>consideratur,&#39;uollo</em></strong></span> <span class='ocrx_word' id='word_1_18' title='bbox 839 366 900 409; x_wconf 90' lang='lat' dir='ltr'><strong><em>non</em></strong></span> <span class='ocrx_word' id='word_1_19' title='bbox 918 351 1054 430; x_wconf 81' lang='lat' dir='ltr'><strong><em>potost¹.</em></strong></span> 
     </span>
    </p>
   </div>
   <div class='ocr_carea' id='block_1_3' title="bbox 94 428 1127 515">
    <p class='ocr_par' dir='ltr' id='par_1_3' title="bbox 94 428 1127 515">
     <span class='ocr_line' id='line_1_4' title="bbox 94 428 1127 515; baseline 0.002 -22"><span class='ocrx_word' id='word_1_20' title='bbox 94 430 255 496; x_wconf 78' lang='lat' dir='ltr'><strong><em>Probatur</em></strong></span> <span class='ocrx_word' id='word_1_21' title='bbox 269 432 302 496; x_wconf 74' lang='lat'><strong><em>1⁸</em></strong></span> <span class='ocrx_word' id='word_1_22' title='bbox 340 454 403 496; x_wconf 84' lang='lat' dir='ltr'><strong><em>ars.</em></strong></span> <span class='ocrx_word' id='word_1_23' title='bbox 421 454 439 494; x_wconf 86' lang='lat' dir='ltr'><strong><em>u</em></strong></span> <span class='ocrx_word' id='word_1_24' title='bbox 455 432 537 507; x_wconf 92' lang='lat' dir='ltr'><strong><em>lloc‚</em></strong></span> <span class='ocrx_word' id='word_1_25' title='bbox 552 429 639 515; x_wconf 92' lang='lat' dir='ltr'><strong><em>quad</em></strong></span> <span class='ocrx_word' id='word_1_26' title='bbox 662 428 750 493; x_wconf 90' lang='lat' dir='ltr'><strong><em>Deus</em></strong></span> <span class='ocrx_word' id='word_1_27' title='bbox 772 436 940 494; x_wconf 84' lang='lat' dir='ltr'>creaturae</span> <span class='ocrx_word' id='word_1_28' title='bbox 962 449 1022 492; x_wconf 79' lang='lat' dir='ltr'><strong><em>osso</em></strong></span> <span class='ocrx_word' id='word_1_29' title='bbox 1036 450 1127 495; x_wconf 85' lang='lat' dir='ltr'><strong><em>com·</em></strong></span> 
     </span>
    </p>
   </div>
   <div class='ocr_carea' id='block_1_4' title="bbox 49 452 1125 597">
    <p class='ocr_par' dir='ltr' id='par_1_4' title="bbox 49 452 1125 597">
     <span class='ocr_line' id='line_1_5' title="bbox 49 452 1125 597; baseline -0.001 -22"><span class='ocrx_word' id='word_1_30' title='bbox 49 513 223 590; x_wconf 91' lang='lat' dir='ltr'><strong><em>municat,</em></strong></span> <span class='ocrx_word' id='word_1_31' title='bbox 246 532 288 577; x_wconf 83' lang='lat' dir='ltr'><strong><em>ex</em></strong></span> <span class='ocrx_word' id='word_1_32' title='bbox 312 452 372 578; x_wconf 72' lang='lat' dir='ltr'><strong><em>bei</em></strong></span> <span class='ocrx_word' id='word_1_33' title='bbox 396 514 560 578; x_wconf 80' lang='lat' dir='ltr'><strong><em>voluntate</em></strong></span> <span class='ocrx_word' id='word_1_34' title='bbox 599 509 782 597; x_wconf 87' lang='lat' dir='ltr'><strong><em>dependet;</em></strong></span> <span class='ocrx_word' id='word_1_35' title='bbox 805 530 865 575; x_wconf 90' lang='lat' dir='ltr'><strong><em>nec</em></strong></span> <span class='ocrx_word' id='word_1_36' title='bbox 894 510 990 576; x_wconf 90' lang='lat' dir='ltr'><strong><em>aliter</em></strong></span> <span class='ocrx_word' id='word_1_37' title='bbox 1008 512 1067 578; x_wconf 71' lang='lat' dir='ltr'><strong><em>‘res</em></strong></span> <span class='ocrx_word' id='word_1_38' title='bbox 1091 511 1125 575; x_wconf 94' lang='lat' dir='ltr'><strong><em>in</em></strong></span> 
     </span>
    </p>
   </div>
   <div class='ocr_carea' id='block_1_5' title="bbox 49 590 1138 3213">
    <p class='ocr_par' dir='ltr' id='par_1_5' title="bbox 49 590 1127 1005">
     <span class='ocr_line' id='line_1_6' title="bbox 49 590 1122 679; baseline 0.002 -26"><span class='ocrx_word' id='word_1_39' title='bbox 49 612 115 655; x_wconf 80' lang='lat' dir='ltr'><strong><em>esse</em></strong></span> <span class='ocrx_word' id='word_1_40' title='bbox 137 604 327 672; x_wconf 84' lang='lat' dir='ltr'><strong><em>conservat,</em></strong></span> <span class='ocrx_word' id='word_1_41' title='bbox 351 595 413 659; x_wconf 90' lang='lat' dir='ltr'><strong><em>nisi</em></strong></span> <span class='ocrx_word' id='word_1_42' title='bbox 440 596 471 659; x_wconf 89' lang='lat' dir='ltr'><strong><em>in</em></strong></span> <span class='ocrx_word' id='word_1_43' title='bbox 494 604 652 679; x_wconf 88' lang='lat' dir='ltr'><strong><em>quantum</em></strong></span> <span class='ocrx_word' id='word_1_44' title='bbox 675 597 723 657; x_wconf 89' lang='lat' dir='ltr'><strong><em>eis</em></strong></span> <span class='ocrx_word' id='word_1_45' title='bbox 744 592 898 659; x_wconf 85' lang='lat' dir='ltr'><strong><em>continue</em></strong></span> <span class='ocrx_word' id='word_1_46' title='bbox 921 590 1029 659; x_wconf 91' lang='lat' dir='ltr'><strong><em>inlluit</em></strong></span> <span class='ocrx_word' id='word_1_47' title='bbox 1049 614 1122 658; x_wconf 81' lang='lat' dir='ltr'><strong><em>esso.</em></strong></span> 
     </span>
     <span class='ocr_line' id='line_1_7' title="bbox 49 674 1126 761; baseline 0 -22"><span class='ocrx_word' id='word_1_48' title='bbox 49 674 146 740; x_wconf 88' lang='lat' dir='ltr'><strong><em>Sicut</em></strong></span> <span class='ocrx_word' id='word_1_49' title='bbox 165 696 244 761; x_wconf 80' lang='lat' dir='ltr'><strong><em>ergo</em></strong></span> <span class='ocrx_word' id='word_1_50' title='bbox 266 687 439 761; x_wconf 85' lang='lat' dir='ltr'><strong><em>antequam</em></strong></span> <span class='ocrx_word' id='word_1_51' title='bbox 461 696 511 740; x_wconf 89' lang='lat' dir='ltr'><strong><em>res</em></strong></span> <span class='ocrx_word' id='word_1_52' title='bbox 532 685 663 751; x_wconf 84' lang='lat' dir='ltr'><strong><em>essent,</em></strong></span> <span class='ocrx_word' id='word_1_53' title='bbox 686 676 808 759; x_wconf 86' lang='lat' dir='ltr'><strong><em>potuit¹</em></strong></span> <span class='ocrx_word' id='word_1_54' title='bbox 823 674 872 737; x_wconf 88' lang='lat' dir='ltr'><strong><em>eis</em></strong></span> <span class='ocrx_word' id='word_1_55' title='bbox 893 694 956 736; x_wconf 92' lang='lat' dir='ltr'><strong><em>non</em></strong></span> <span class='ocrx_word' id='word_1_56' title='bbox 978 696 1126 739; x_wconf 86' lang='lat' dir='ltr'><strong><em>commu-</em></strong></span> 
     </span>
     <span class='ocr_line' id='line_1_8' title="bbox 51 754 1127 841; baseline 0.002 -23"><span class='ocrx_word' id='word_1_57' title='bbox 51 754 165 821; x_wconf 88' lang='lat' dir='ltr'><strong><em>nicare</em></strong></span> <span class='ocrx_word' id='word_1_58' title='bbox 186 779 269 833; x_wconf 89' lang='lat' dir='ltr'><strong><em>esse,</em></strong></span> <span class='ocrx_word' id='word_1_59' title='bbox 293 761 392 824; x_wconf 84' lang='lat' dir='ltr'><strong><em>etsie</em></strong></span> <span class='ocrx_word' id='word_1_60' title='bbox 414 778 468 823; x_wconf 89' lang='lat' dir='ltr'><strong><em>eas</em></strong></span> <span class='ocrx_word' id='word_1_61' title='bbox 489 778 553 821; x_wconf 92' lang='lat' dir='ltr'><strong><em>non</em></strong></span> <span class='ocrx_word' id='word_1_62' title='bbox 577 757 703 831; x_wconf 67' lang='lat' dir='ltr'><strong><em>lacertu</em></strong></span> <span class='ocrx_word' id='word_1_63' title='bbox 728 757 773 820; x_wconf 92' lang='lat' dir='ltr'><strong><em>ita</em></strong></span> <span class='ocrx_word' id='word_1_64' title='bbox 795 764 966 841; x_wconf 81' lang='lat' dir='ltr'><strong><em>postquam</em></strong></span> <span class='ocrx_word' id='word_1_65' title='bbox 989 759 1054 820; x_wconf 88' lang='lat' dir='ltr'><strong><em>iam</em></strong></span> <span class='ocrx_word' id='word_1_66' title='bbox 1078 755 1127 819; x_wconf 87' lang='lat' dir='ltr'><strong><em>la-</em></strong></span> 
     </span>
     <span class='ocr_line' id='line_1_9' title="bbox 50 837 1127 915; baseline 0.001 -15"><span class='ocrx_word' id='word_1_67' title='bbox 50 845 126 900; x_wconf 88' lang='lat' dir='ltr'><strong><em>ctae</em></strong></span> <span class='ocrx_word' id='word_1_68' title='bbox 149 848 234 915; x_wconf 93' lang='lat' dir='ltr'><strong><em>sunt,</em></strong></span> <span class='ocrx_word' id='word_1_69' title='bbox 280 852 361 907; x_wconf 86' lang='lat' dir='ltr'><strong><em>otest</em></strong></span> <span class='ocrx_word' id='word_1_70' title='bbox 381 841 430 905; x_wconf 91' lang='lat' dir='ltr'><strong><em>eis</em></strong></span> <span class='ocrx_word' id='word_1_71' title='bbox 452 860 516 903; x_wconf 91' lang='lat' dir='ltr'><strong><em>nan</em></strong></span> <span class='ocrx_word' id='word_1_72' title='bbox 538 837 673 903; x_wconf 85' lang='lat' dir='ltr'><strong><em>inbuere</em></strong></span> <span class='ocrx_word' id='word_1_73' title='bbox 695 859 775 903; x_wconf 83' lang='lat' dir='ltr'><strong><em>esso:</em></strong></span> <span class='ocrx_word' id='word_1_74' title='bbox 795 846 828 901; x_wconf 89' lang='lat' dir='ltr'><strong><em>ct</em></strong></span> <span class='ocrx_word' id='word_1_75' title='bbox 849 840 896 904; x_wconf 91' lang='lat' dir='ltr'><strong><em>sic</em></strong></span> <span class='ocrx_word' id='word_1_76' title='bbox 916 857 977 901; x_wconf 78' lang='lat' dir='ltr'><strong><em>osso</em></strong></span> <span class='ocrx_word' id='word_1_77' title='bbox 1000 837 1127 903; x_wconf 88' lang='lat' dir='ltr'><strong><em>desine-</em></strong></span> 
     </span>
     <span class='ocr_line' id='line_1_10' title="bbox 55 918 869 1005; baseline 0.001 -23"><span class='ocrx_word' id='word_1_78' title='bbox 55 929 154 996; x_wconf 80' lang='lat' dir='ltr'><strong><em>rent3</em></strong></span> <span class='ocrx_word' id='word_1_79' title='bbox 176 942 242 1004; x_wconf 82' lang='lat' dir='ltr'><strong><em>qua</em></strong></span> <span class='ocrx_word' id='word_1_80' title='bbox 285 934 333 987; x_wconf 85' lang='lat' dir='ltr'><strong><em>est</em></strong></span> <span class='ocrx_word' id='word_1_81' title='bbox 354 943 408 986; x_wconf 87' lang='lat' dir='ltr'><strong><em>eas</em></strong></span> <span class='ocrx_word' id='word_1_82' title='bbox 433 922 466 984; x_wconf 92' lang='lat' dir='ltr'><strong><em>in</em></strong></span> <span class='ocrx_word' id='word_1_83' title='bbox 488 920 627 985; x_wconf 91' lang='lat' dir='ltr'><strong><em>nibilum</em></strong></span> <span class='ocrx_word' id='word_1_84' title='bbox 648 918 869 1005; x_wconf 77' lang='lat' dir='ltr'><strong><em>redigere¹m</em></strong></span> 
     </span>
    </p>

    <p class='ocr_par' dir='ltr' id='par_1_6' title="bbox 55 1000 1131 1250">
     <span class='ocr_line' id='line_1_11' title="bbox 96 1000 1126 1087; baseline 0 -24"><span class='ocrx_word' id='word_1_85' title='bbox 96 1000 169 1066; x_wconf 75' lang='lat'><strong>213.</strong></span> <span class='ocrx_word' id='word_1_86' title='bbox 196 1002 354 1068; x_wconf 76' lang='lat' dir='ltr'><strong><em>Probatur</em></strong></span> <span class='ocrx_word' id='word_1_87' title='bbox 374 1002 410 1067; x_wconf 74' lang='lat'><strong><em>2⁸</em></strong></span> <span class='ocrx_word' id='word_1_88' title='bbox 435 1023 520 1087; x_wconf 89' lang='lat' dir='ltr'><strong><em>pars.</em></strong></span> <span class='ocrx_word' id='word_1_89' title='bbox 543 1000 632 1066; x_wconf 86' lang='lat' dir='ltr'><strong><em>Deus</em></strong></span> <span class='ocrx_word' id='word_1_90' title='bbox 654 1020 691 1065; x_wconf 89' lang='lat' dir='ltr'><strong><em>ea</em></strong></span> <span class='ocrx_word' id='word_1_91' title='bbox 716 1001 795 1065; x_wconf 89' lang='lat' dir='ltr'><strong><em>velle</em></strong></span> <span class='ocrx_word' id='word_1_92' title='bbox 817 1021 882 1065; x_wconf 93' lang='lat' dir='ltr'><strong><em>non</em></strong></span> <span class='ocrx_word' id='word_1_93' title='bbox 903 1010 1019 1087; x_wconf 88' lang='lat' dir='ltr'><strong><em>potest,</em></strong></span> <span class='ocrx_word' id='word_1_94' title='bbox 1041 1020 1126 1086; x_wconf 86' lang='lat' dir='ltr'><strong><em>quae</em></strong></span> 
     </span>
     <span class='ocr_line' id='line_1_12' title="bbox 55 1081 1131 1170; baseline 0.003 -27"><span class='ocrx_word' id='word_1_95' title='bbox 55 1101 131 1144; x_wconf 90' lang='lat' dir='ltr'><strong><em>cum</em></strong></span> <span class='ocrx_word' id='word_1_96' title='bbox 153 1084 221 1147; x_wconf 87' lang='lat' dir='ltr'><strong><em>suis</em></strong></span> <span class='ocrx_word' id='word_1_97' title='bbox 242 1084 407 1151; x_wconf 80' lang='lat' dir='ltr'><strong><em>attributis</em></strong></span> <span class='ocrx_word' id='word_1_98' title='bbox 428 1104 473 1170; x_wconf 93' lang='lat' dir='ltr'><strong><em>pu</em></strong></span> <span class='ocrx_word' id='word_1_99' title='bbox 499 1095 583 1150; x_wconf 90' lang='lat' dir='ltr'><strong><em>nant.</em></strong></span> <span class='ocrx_word' id='word_1_100' title='bbox 601 1085 702 1167; x_wconf 79' lang='lat' dir='ltr'><strong><em>Atqui</em></strong></span> <span class='ocrx_word' id='word_1_101' title='bbox 725 1081 902 1149; x_wconf 82' lang='lat' dir='ltr'><strong><em>destructio</em></strong></span> <span class='ocrx_word' id='word_1_102' title='bbox 923 1085 1051 1147; x_wconf 83' lang='lat' dir='ltr'><strong><em>animae</em></strong></span> <span class='ocrx_word' id='word_1_103' title='bbox 1073 1084 1131 1150; x_wconf 87' lang='lat' dir='ltr'><strong><em>Sa-</em></strong></span> 
     </span>
     <span class='ocr_line' id='line_1_13' title="bbox 56 1104 1044 1250; baseline 0.004 -26"><span class='ocrx_word' id='word_1_104' title='bbox 56 1164 215 1248; x_wconf 80' lang='lat' dir='ltr'><strong><em>pientiae,</em></strong></span> <span class='ocrx_word' id='word_1_105' title='bbox 238 1168 394 1243; x_wconf 87' lang='lat' dir='ltr'><strong><em>Bonitati,</em></strong></span> <span class='ocrx_word' id='word_1_106' title='bbox 416 1176 447 1230; x_wconf 86' lang='lat' dir='ltr'><strong><em>et</em></strong></span> <span class='ocrx_word' id='word_1_107' title='bbox 471 1104 616 1231; x_wconf 59' lang='lat' dir='ltr'><strong><em>factitiae</em></strong></span> <span class='ocrx_word' id='word_1_108' title='bbox 639 1165 701 1229; x_wconf 86' lang='lat' dir='ltr'><strong><em>Ilei</em></strong></span> <span class='ocrx_word' id='word_1_109' title='bbox 723 1164 922 1230; x_wconf 88' lang='lat' dir='ltr'><strong><em>adversatur.</em></strong></span> <span class='ocrx_word' id='word_1_110' title='bbox 946 1166 1044 1250; x_wconf 81' lang='lat' dir='ltr'><strong><em>Erga.</em></strong></span> 
     </span>
    </p>

    <p class='ocr_par' dir='ltr' id='par_1_7' title="bbox 57 1244 1135 2779">
     <span class='ocr_line' id='line_1_14' title="bbox 97 1244 1130 1331; baseline 0.003 -25"><span class='ocrx_word' id='word_1_111' title='bbox 97 1244 171 1308; x_wconf 74' lang='lat' dir='ltr'><strong><em>att.</em></strong></span> <span class='ocrx_word' id='word_1_112' title='bbox 194 1247 231 1311; x_wconf 91' lang='lat' dir='ltr'><strong><em>ln</em></strong></span> <span class='ocrx_word' id='word_1_113' title='bbox 277 1250 394 1323; x_wconf 89' lang='lat' dir='ltr'><strong><em>rimis,</em></strong></span> <span class='ocrx_word' id='word_1_114' title='bbox 418 1247 597 1313; x_wconf 86' lang='lat' dir='ltr'><strong><em>destructio</em></strong></span> <span class='ocrx_word' id='word_1_115' title='bbox 618 1249 747 1311; x_wconf 90' lang='lat' dir='ltr'><strong><em>animae</em></strong></span> <span class='ocrx_word' id='word_1_116' title='bbox 768 1246 829 1310; x_wconf 90' lang='lat' dir='ltr'><strong><em>Dei</em></strong></span> <span class='ocrx_word' id='word_1_117' title='bbox 857 1247 1040 1331; x_wconf 89' lang='lat' dir='ltr'><strong><em>Sapientiae</em></strong></span> <span class='ocrx_word' id='word_1_118' title='bbox 1073 1244 1130 1310; x_wconf 92' lang='lat' dir='ltr'><strong><em>ad-</em></strong></span> 
     </span>
     <span class='ocr_line' id='line_1_15' title="bbox 57 1269 1130 1414; baseline 0.005 -26"><span class='ocrx_word' id='word_1_119' title='bbox 57 1338 217 1391; x_wconf 73' lang='lat' dir='ltr'><strong><em>versatur.</em></strong></span> <span class='ocrx_word' id='word_1_120' title='bbox 241 1269 335 1407; x_wconf 63' lang='lat' dir='ltr'><strong><em>(buod</em></strong></span> <span class='ocrx_word' id='word_1_121' title='bbox 358 1340 395 1395; x_wconf 90' lang='lat' dir='ltr'><strong><em>ut</em></strong></span> <span class='ocrx_word' id='word_1_122' title='bbox 416 1329 641 1413; x_wconf 77' lang='lat' dir='ltr'><strong><em>intelligatur,</em></strong></span> <span class='ocrx_word' id='word_1_123' title='bbox 667 1329 825 1393; x_wconf 90' lang='lat' dir='ltr'><strong><em>memoria</em></strong></span> <span class='ocrx_word' id='word_1_124' title='bbox 846 1326 1056 1414; x_wconf 90' lang='lat' dir='ltr'><strong><em>repetendum</em></strong></span> <span class='ocrx_word' id='word_1_125' title='bbox 1080 1338 1130 1393; x_wconf 87' lang='lat' dir='ltr'><strong><em>est</em></strong></span> 
     </span>
     <span class='ocr_line' id='line_1_16' title="bbox 58 1406 1129 1487; baseline 0.004 -18"><span class='ocrx_word' id='word_1_126' title='bbox 58 1406 314 1477; x_wconf 84' lang='lat' dir='ltr'><strong><em>destructionem</em></strong></span> <span class='ocrx_word' id='word_1_127' title='bbox 335 1412 461 1475; x_wconf 88' lang='lat' dir='ltr'><strong><em>animae</em></strong></span> <span class='ocrx_word' id='word_1_128' title='bbox 486 1409 565 1487; x_wconf 86' lang='lat' dir='ltr'><strong><em>Deo,</em></strong></span> <span class='ocrx_word' id='word_1_129' title='bbox 588 1420 625 1475; x_wconf 92' lang='lat' dir='ltr'><strong><em>ut</em></strong></span> <span class='ocrx_word' id='word_1_130' title='bbox 646 1419 759 1474; x_wconf 90' lang='lat' dir='ltr'><strong><em>auctor</em></strong></span> <span class='ocrx_word' id='word_1_131' title='bbox 784 1421 920 1476; x_wconf 88' lang='lat' dir='ltr'><strong><em>naturae</em></strong></span> <span class='ocrx_word' id='word_1_132' title='bbox 941 1418 1016 1485; x_wconf 91' lang='lat' dir='ltr'><strong><em>est,</em></strong></span> <span class='ocrx_word' id='word_1_133' title='bbox 1038 1410 1129 1474; x_wconf 89' lang='lat' dir='ltr'><strong><em>attri-</em></strong></span> 
     </span>
     <span class='ocr_line' id='line_1_17' title="bbox 59 1486 1129 1578; baseline 0.001 -26"><span class='ocrx_word' id='word_1_134' title='bbox 59 1486 118 1553; x_wconf 88' lang='lat' dir='ltr'><strong><em>bui</em></strong></span> <span class='ocrx_word' id='word_1_135' title='bbox 143 1510 205 1553; x_wconf 92' lang='lat' dir='ltr'><strong><em>non</em></strong></span> <span class='ocrx_word' id='word_1_136' title='bbox 222 1512 327 1578; x_wconf 89' lang='lat' dir='ltr'><strong><em>passe.</em></strong></span> <span class='ocrx_word' id='word_1_137' title='bbox 346 1493 486 1568; x_wconf 88' lang='lat' dir='ltr'><strong><em>Etenim,</em></strong></span> <span class='ocrx_word' id='word_1_138' title='bbox 502 1503 540 1557; x_wconf 90' lang='lat' dir='ltr'><strong><em>ut</em></strong></span> <span class='ocrx_word' id='word_1_139' title='bbox 559 1512 584 1555; x_wconf 87' lang='lat' dir='ltr'><strong><em>s.</em></strong></span> <span class='ocrx_word' id='word_1_140' title='bbox 602 1492 741 1556; x_wconf 86' lang='lat' dir='ltr'><strong><em>Thomas</em></strong></span> <span class='ocrx_word' id='word_1_141' title='bbox 763 1501 1025 1577; x_wconf 84' lang='lat' dir='ltr'><strong><em>argumentatur:</em></strong></span> <span class='ocrx_word' id='word_1_142' title='bbox 1043 1514 1059 1551; x_wconf 83' lang='lat' dir='ltr'><strong><em>u</em></strong></span> <span class='ocrx_word' id='word_1_143' title='bbox 1076 1490 1129 1557; x_wconf 89' lang='lat' dir='ltr'><strong><em>Sic</em></strong></span> 
     </span>
     <span class='ocr_line' id='line_1_18' title="bbox 58 1569 1131 1658; baseline 0.004 -25"><span class='ocrx_word' id='word_1_144' title='bbox 58 1569 149 1634; x_wconf 87' lang='lat' dir='ltr'><strong><em>Deus</em></strong></span> <span class='ocrx_word' id='word_1_145' title='bbox 171 1594 433 1658; x_wconf 85' lang='lat' dir='ltr'><strong><em>unamquamque</em></strong></span> <span class='ocrx_word' id='word_1_146' title='bbox 457 1584 603 1638; x_wconf 87' lang='lat' dir='ltr'><strong><em>naturam</em></strong></span> <span class='ocrx_word' id='word_1_147' title='bbox 628 1573 769 1639; x_wconf 90' lang='lat' dir='ltr'><strong><em>instituit</em></strong></span> <span class='ocrx_word' id='word_1_148' title='bbox 783 1622 792 1651; x_wconf 94' lang='lat'><strong><em>,</em></strong></span> <span class='ocrx_word' id='word_1_149' title='bbox 807 1584 844 1639; x_wconf 93' lang='lat' dir='ltr'><strong><em>ut</em></strong></span> <span class='ocrx_word' id='word_1_150' title='bbox 864 1574 893 1637; x_wconf 87' lang='lat' dir='ltr'><strong><em>ei</em></strong></span> <span class='ocrx_word' id='word_1_151' title='bbox 917 1594 980 1636; x_wconf 92' lang='lat' dir='ltr'><strong><em>non</em></strong></span> <span class='ocrx_word' id='word_1_152' title='bbox 1005 1571 1131 1637; x_wconf 79' lang='lat' dir='ltr'><strong><em>auferat</em></strong></span> 
     </span>
     <span class='ocr_line' id='line_1_19' title="bbox 58 1654 1132 1741; baseline 0 -25"><span class='ocrx_word' id='word_1_153' title='bbox 58 1672 154 1716; x_wconf 85' lang='lat' dir='ltr'><strong><em>suam</em></strong></span> <span class='ocrx_word' id='word_1_154' title='bbox 176 1656 357 1721; x_wconf 79' lang='lat' dir='ltr'><strong><em>naturalem</em></strong></span> <span class='ocrx_word' id='word_1_155' title='bbox 381 1657 623 1741; x_wconf 86' lang='lat' dir='ltr'><strong><em>proprietatem.</em></strong></span> <span class='ocrx_word' id='word_1_156' title='bbox 647 1654 771 1719; x_wconf 88' lang='lat' dir='ltr'><strong><em>Rerum</em></strong></span> <span class='ocrx_word' id='word_1_157' title='bbox 799 1664 908 1719; x_wconf 91' lang='lat' dir='ltr'><strong><em>autem</em></strong></span> <span class='ocrx_word' id='word_1_158' title='bbox 936 1654 1132 1718; x_wconf 87' lang='lat' dir='ltr'><strong><em>immateria-</em></strong></span> 
     </span>
     <span class='ocr_line' id='line_1_20' title="bbox 60 1734 1131 1823; baseline 0.001 -25"><span class='ocrx_word' id='word_1_159' title='bbox 60 1734 182 1801; x_wconf 87' lang='lat' dir='ltr'><strong><em>lium...</em></strong></span> <span class='ocrx_word' id='word_1_160' title='bbox 201 1739 384 1823; x_wconf 84' lang='lat' dir='ltr'><strong><em>proprietas</em></strong></span> <span class='ocrx_word' id='word_1_161' title='bbox 406 1738 561 1803; x_wconf 89' lang='lat' dir='ltr'><strong><em>naturalis</em></strong></span> <span class='ocrx_word' id='word_1_162' title='bbox 580 1747 630 1802; x_wconf 88' lang='lat' dir='ltr'><strong><em>est</em></strong></span> <span class='ocrx_word' id='word_1_163' title='bbox 650 1756 762 1801; x_wconf 83' lang='lat' dir='ltr'><strong><em>aarum</em></strong></span> <span class='ocrx_word' id='word_1_164' title='bbox 784 1734 1037 1822; x_wconf 87' lang='lat' dir='ltr'><strong><em>sempiternitas,</em></strong></span> <span class='ocrx_word' id='word_1_165' title='bbox 1052 1736 1131 1823; x_wconf 87' lang='lat' dir='ltr'><strong><em>qnia</em></strong></span> 
     </span>
     <span class='ocr_line' id='line_1_21' title="bbox 60 1816 1131 1905; baseline 0.001 -26"><span class='ocrx_word' id='word_1_166' title='bbox 60 1816 96 1879; x_wconf 91' lang='lat' dir='ltr'><strong><em>in</em></strong></span> <span class='ocrx_word' id='word_1_167' title='bbox 117 1817 166 1879; x_wconf 89' lang='lat' dir='ltr'><strong><em>eis</em></strong></span> <span class='ocrx_word' id='word_1_168' title='bbox 188 1838 250 1881; x_wconf 94' lang='lat' dir='ltr'><strong><em>non</em></strong></span> <span class='ocrx_word' id='word_1_169' title='bbox 273 1830 323 1885; x_wconf 86' lang='lat' dir='ltr'><strong><em>est</em></strong></span> <span class='ocrx_word' id='word_1_170' title='bbox 345 1823 489 1905; x_wconf 90' lang='lat' dir='ltr'><strong><em>potentia</em></strong></span> <span class='ocrx_word' id='word_1_171' title='bbox 514 1819 554 1884; x_wconf 87' lang='lat' dir='ltr'><strong><em>ad</em></strong></span> <span class='ocrx_word' id='word_1_172' title='bbox 578 1839 642 1882; x_wconf 91' lang='lat' dir='ltr'><strong><em>nan</em></strong></span> <span class='ocrx_word' id='word_1_173' title='bbox 663 1840 758 1896; x_wconf 87' lang='lat' dir='ltr'><strong><em>esse,</em></strong></span> <span class='ocrx_word' id='word_1_174' title='bbox 783 1832 818 1885; x_wconf 91' lang='lat' dir='ltr'><strong><em>ut</em></strong></span> <span class='ocrx_word' id='word_1_175' title='bbox 845 1838 943 1903; x_wconf 89' lang='lat' dir='ltr'><strong><em>supra</em></strong></span> <span class='ocrx_word' id='word_1_176' title='bbox 968 1826 1131 1883; x_wconf 88' lang='lat' dir='ltr'><strong><em>ostensum</em></strong></span> 
     </span>
     <span class='ocr_line' id='line_1_22' title="bbox 59 1897 1130 1997; baseline 0.004 -38"><span class='ocrx_word' id='word_1_177' title='bbox 59 1906 121 1960; x_wconf 85' lang='lat' dir='ltr'><strong><em>cst.</em></strong></span> <span class='ocrx_word' id='word_1_178' title='bbox 145 1897 235 1963; x_wconf 90' lang='lat' dir='ltr'><strong><em>Unde</em></strong></span> <span class='ocrx_word' id='word_1_179' title='bbox 257 1902 342 1965; x_wconf 88' lang='lat' dir='ltr'><strong><em>sicut</em></strong></span> <span class='ocrx_word' id='word_1_180' title='bbox 363 1902 432 1997; x_wconf 72' lang='lat' dir='ltr'><strong><em>igni</em></strong></span> <span class='ocrx_word' id='word_1_181' title='bbox 454 1922 516 1966; x_wconf 93' lang='lat' dir='ltr'><strong><em>nan</em></strong></span> <span class='ocrx_word' id='word_1_182' title='bbox 539 1898 646 1969; x_wconf 79' lang='lat' dir='ltr'><strong><em>aufert</em></strong></span> <span class='ocrx_word' id='word_1_183' title='bbox 674 1901 854 1966; x_wconf 90' lang='lat' dir='ltr'><strong><em>naturalem</em></strong></span> <span class='ocrx_word' id='word_1_184' title='bbox 877 1898 1130 1975; x_wconf 86' lang='lat' dir='ltr'><strong><em>inclinationem,</em></strong></span> 
     </span>
     <span class='ocr_line' id='line_1_23' title="bbox 60 1980 1133 2070; baseline 0.006 -31"><span class='ocrx_word' id='word_1_185' title='bbox 60 1998 127 2063; x_wconf 72' lang='lat' dir='ltr'><strong><em>apua</em></strong></span> <span class='ocrx_word' id='word_1_186' title='bbox 149 2000 279 2047; x_wconf 87' lang='lat' dir='ltr'><strong><em>sursum</em></strong></span> <span class='ocrx_word' id='word_1_187' title='bbox 302 1983 422 2058; x_wconf 84' lang='lat' dir='ltr'><strong><em>teud1t;</em></strong></span> <span class='ocrx_word' id='word_1_188' title='bbox 446 1984 492 2048; x_wconf 80' lang='lat' dir='ltr'><strong><em>ita</em></strong></span> <span class='ocrx_word' id='word_1_189' title='bbox 512 2004 575 2046; x_wconf 91' lang='lat' dir='ltr'><strong><em>non</em></strong></span> <span class='ocrx_word' id='word_1_190' title='bbox 597 1982 706 2047; x_wconf 81' lang='lat' dir='ltr'><strong><em>aufert</em></strong></span> <span class='ocrx_word' id='word_1_191' title='bbox 731 1982 827 2047; x_wconf 89' lang='lat' dir='ltr'><strong><em>rebus</em></strong></span> <span class='ocrx_word' id='word_1_192' title='bbox 849 1980 1022 2070; x_wconf 91' lang='lat' dir='ltr'><strong><em>praedictis</em></strong></span> <span class='ocrx_word' id='word_1_193' title='bbox 1049 2000 1133 2045; x_wconf 86' lang='lat' dir='ltr'><strong><em>sern-</em></strong></span> 
     </span>
     <span class='ocr_line' id='line_1_24' title="bbox 61 2062 1134 2151; baseline 0.003 -29"><span class='ocrx_word' id='word_1_194' title='bbox 61 2062 296 2143; x_wconf 88' lang='lat' dir='ltr'><strong><em>piternitatem,</em></strong></span> <span class='ocrx_word' id='word_1_195' title='bbox 319 2076 355 2128; x_wconf 90' lang='lat' dir='ltr'><strong><em>ut</em></strong></span> <span class='ocrx_word' id='word_1_196' title='bbox 375 2085 430 2127; x_wconf 90' lang='lat' dir='ltr'><strong><em>eas</em></strong></span> <span class='ocrx_word' id='word_1_197' title='bbox 452 2064 483 2128; x_wconf 91' lang='lat' dir='ltr'><strong><em>in</em></strong></span> <span class='ocrx_word' id='word_1_198' title='bbox 506 2064 644 2128; x_wconf 88' lang='lat' dir='ltr'><strong><em>nihilum</em></strong></span> <span class='ocrx_word' id='word_1_199' title='bbox 668 2064 795 2151; x_wconf 78' lang='lat' dir='ltr'><strong><em>redigat</em></strong></span> <span class='ocrx_word' id='word_1_200' title='bbox 811 2066 865 2129; x_wconf 77' lang='lat'><strong><em>⁸».</em></strong></span> <span class='ocrx_word' id='word_1_201' title='bbox 880 2062 1041 2140; x_wconf 86' lang='lat' dir='ltr'><strong><em>Quocirca</em></strong></span> <span class='ocrx_word' id='word_1_202' title='bbox 1064 2062 1134 2127; x_wconf 90' lang='lat' dir='ltr'><strong><em>ani-</em></strong></span> 
     </span>
     <span class='ocr_line' id='line_1_25' title="bbox 63 2142 1134 2230; baseline 0.003 -26"><span class='ocrx_word' id='word_1_203' title='bbox 63 2161 134 2207; x_wconf 90' lang='lat' dir='ltr'><strong><em>mae</em></strong></span> <span class='ocrx_word' id='word_1_204' title='bbox 162 2142 338 2211; x_wconf 89' lang='lat' dir='ltr'><strong><em>destructio</em></strong></span> <span class='ocrx_word' id='word_1_205' title='bbox 359 2157 486 2230; x_wconf 83' lang='lat' dir='ltr'><strong><em>praotor</em></strong></span> <span class='ocrx_word' id='word_1_206' title='bbox 507 2146 646 2209; x_wconf 79' lang='lat' dir='ltr'><strong><em>ordinem</em></strong></span> <span class='ocrx_word' id='word_1_207' title='bbox 675 2146 845 2211; x_wconf 81' lang='lat' dir='ltr'><strong><em>naturalem</em></strong></span> <span class='ocrx_word' id='word_1_208' title='bbox 867 2145 1019 2212; x_wconf 69' lang='lat' dir='ltr'><strong><em>uenturis</em></strong></span> <span class='ocrx_word' id='word_1_209' title='bbox 1048 2144 1134 2208; x_wconf 84' lang='lat' dir='ltr'><strong><em>indi-</em></strong></span> 
     </span>
     <span class='ocr_line' id='line_1_26' title="bbox 62 2225 1134 2317; baseline 0.006 -34"><span class='ocrx_word' id='word_1_210' title='bbox 62 2232 131 2317; x_wconf 78' lang='lat' dir='ltr'><strong><em>tum</em></strong></span> <span class='ocrx_word' id='word_1_211' title='bbox 151 2228 307 2292; x_wconf 80' lang='lat' dir='ltr'><strong><em>eveniret.</em></strong></span> <span class='ocrx_word' id='word_1_212' title='bbox 323 2227 391 2291; x_wconf 92' lang='lat' dir='ltr'><strong><em>lam</em></strong></span> <span class='ocrx_word' id='word_1_213' title='bbox 413 2249 463 2304; x_wconf 88' lang='lat' dir='ltr'><strong><em>ea,</em></strong></span> <span class='ocrx_word' id='word_1_214' title='bbox 487 2246 570 2312; x_wconf 87' lang='lat' dir='ltr'><strong><em>quae</em></strong></span> <span class='ocrx_word' id='word_1_215' title='bbox 592 2227 652 2291; x_wconf 90' lang='lat' dir='ltr'><strong><em>boc</em></strong></span> <span class='ocrx_word' id='word_1_216' title='bbox 674 2228 770 2293; x_wconf 90' lang='lat' dir='ltr'><strong><em>mado</em></strong></span> <span class='ocrx_word' id='word_1_217' title='bbox 793 2227 896 2305; x_wconf 86' lang='lat' dir='ltr'><strong><em>fiunt,</em></strong></span> <span class='ocrx_word' id='word_1_218' title='bbox 912 2248 929 2292; x_wconf 94' lang='lat' dir='ltr'><strong><em>a</em></strong></span> <span class='ocrx_word' id='word_1_219' title='bbox 945 2225 1063 2291; x_wconf 84' lang='lat' dir='ltr'><strong><em>Divina</em></strong></span> <span class='ocrx_word' id='word_1_220' title='bbox 1079 2228 1134 2293; x_wconf 86' lang='lat' dir='ltr'><strong><em>Sa-</em></strong></span> 
     </span>
     <span class='ocr_line' id='line_1_27' title="bbox 63 2306 1134 2391; baseline 0.005 -24"><span class='ocrx_word' id='word_1_221' title='bbox 63 2306 184 2390; x_wconf 79' lang='lat' dir='ltr'><strong><em>pientia</em></strong></span> <span class='ocrx_word' id='word_1_222' title='bbox 207 2330 224 2367; x_wconf 81' lang='lat' dir='ltr'><strong><em>a</em></strong></span> <span class='ocrx_word' id='word_1_223' title='bbox 240 2308 435 2376; x_wconf 90' lang='lat' dir='ltr'><strong><em>ordinantur</em></strong></span> <span class='ocrx_word' id='word_1_224' title='bbox 456 2308 496 2373; x_wconf 87' lang='lat' dir='ltr'><strong><em>ad</em></strong></span> <span class='ocrx_word' id='word_1_225' title='bbox 525 2312 648 2391; x_wconf 71' lang='lat' dir='ltr'><strong><em>gratiae</em></strong></span> <span class='ocrx_word' id='word_1_226' title='bbox 672 2308 1025 2385; x_wconf 88' lang='lat' dir='ltr'><strong><em>manifestationem...;</em></strong></span> <span class='ocrx_word' id='word_1_227' title='bbox 1048 2306 1134 2373; x_wconf 88' lang='lat' dir='ltr'><strong><em>redi-</em></strong></span> 
     </span>
     <span class='ocr_line' id='line_1_28' title="bbox 64 2388 1132 2478; baseline 0.003 -26"><span class='ocrx_word' id='word_1_228' title='bbox 64 2408 142 2472; x_wconf 77' lang='lat' dir='ltr'><strong><em>gere</em></strong></span> <span class='ocrx_word' id='word_1_229' title='bbox 165 2399 272 2453; x_wconf 90' lang='lat' dir='ltr'><strong><em>autem</em></strong></span> <span class='ocrx_word' id='word_1_230' title='bbox 300 2390 425 2475; x_wconf 89' lang='lat' dir='ltr'><strong><em>aliquid</em></strong></span> <span class='ocrx_word' id='word_1_231' title='bbox 455 2394 488 2455; x_wconf 95' lang='lat' dir='ltr'><strong><em>in</em></strong></span> <span class='ocrx_word' id='word_1_232' title='bbox 515 2391 652 2457; x_wconf 91' lang='lat' dir='ltr'><strong><em>nibilum</em></strong></span> <span class='ocrx_word' id='word_1_233' title='bbox 680 2413 744 2457; x_wconf 90' lang='lat' dir='ltr'><strong><em>nan</em></strong></span> <span class='ocrx_word' id='word_1_234' title='bbox 768 2394 910 2478; x_wconf 86' lang='lat' dir='ltr'><strong><em>pertinet</em></strong></span> <span class='ocrx_word' id='word_1_235' title='bbox 938 2388 979 2454; x_wconf 93' lang='lat' dir='ltr'><strong><em>ad</em></strong></span> <span class='ocrx_word' id='word_1_236' title='bbox 1008 2392 1132 2475; x_wconf 81' lang='lat' dir='ltr'><strong><em>gratiae</em></strong></span> 
     </span>
     <span class='ocr_line' id='line_1_29' title="bbox 64 2467 1134 2558; baseline 0.005 -26"><span class='ocrx_word' id='word_1_237' title='bbox 64 2467 374 2549; x_wconf 84' lang='lat' dir='ltr'><strong><em>manifestationem,</em></strong></span> <span class='ocrx_word' id='word_1_238' title='bbox 399 2494 473 2538; x_wconf 92' lang='lat' dir='ltr'><strong><em>cum</em></strong></span> <span class='ocrx_word' id='word_1_239' title='bbox 496 2474 598 2558; x_wconf 84' lang='lat' dir='ltr'><strong><em>magis</em></strong></span> <span class='ocrx_word' id='word_1_240' title='bbox 623 2494 679 2558; x_wconf 88' lang='lat' dir='ltr'><strong><em>per</em></strong></span> <span class='ocrx_word' id='word_1_241' title='bbox 701 2474 759 2538; x_wconf 91' lang='lat' dir='ltr'><strong><em>boc</em></strong></span> <span class='ocrx_word' id='word_1_242' title='bbox 783 2473 899 2539; x_wconf 82' lang='lat' dir='ltr'><strong><em>Divina</em></strong></span> <span class='ocrx_word' id='word_1_243' title='bbox 920 2472 1079 2550; x_wconf 86' lang='lat' dir='ltr'><strong><em>Potentia,</em></strong></span> <span class='ocrx_word' id='word_1_244' title='bbox 1101 2484 1134 2537; x_wconf 88' lang='lat' dir='ltr'><strong><em>et</em></strong></span> 
     </span>
     <span class='ocr_line' id='line_1_30' title="bbox 64 2550 1135 2640; baseline 0.003 -25"><span class='ocrx_word' id='word_1_245' title='bbox 64 2550 197 2615; x_wconf 88' lang='lat' dir='ltr'><strong><em>Bonitas</em></strong></span> <span class='ocrx_word' id='word_1_246' title='bbox 220 2552 389 2620; x_wconf 88' lang='lat' dir='ltr'><strong><em>ordinetur</em></strong></span> <span class='ocrx_word' id='word_1_247' title='bbox 410 2575 468 2619; x_wconf 89' lang='lat' dir='ltr'><strong><em>seu</em></strong></span> <span class='ocrx_word' id='word_1_248' title='bbox 490 2554 699 2631; x_wconf 79' lang='lat' dir='ltr'><strong><em>ostendatur,</em></strong></span> <span class='ocrx_word' id='word_1_249' title='bbox 722 2553 808 2640; x_wconf 88' lang='lat' dir='ltr'><strong><em>quad</em></strong></span> <span class='ocrx_word' id='word_1_250' title='bbox 838 2576 890 2621; x_wconf 90' lang='lat' dir='ltr'><strong><em>res</em></strong></span> <span class='ocrx_word' id='word_1_251' title='bbox 917 2555 952 2619; x_wconf 95' lang='lat' dir='ltr'><strong><em>in</em></strong></span> <span class='ocrx_word' id='word_1_252' title='bbox 978 2574 1037 2617; x_wconf 79' lang='lat' dir='ltr'><strong><em>osso</em></strong></span> <span class='ocrx_word' id='word_1_253' title='bbox 1060 2574 1135 2618; x_wconf 89' lang='lat' dir='ltr'><strong><em>con·</em></strong></span> 
     </span>
     <span class='ocr_line' id='line_1_31' title="bbox 65 2633 1135 2721; baseline 0.003 -26"><span class='ocrx_word' id='word_1_254' title='bbox 65 2636 199 2697; x_wconf 69' lang='lat' dir='ltr'><strong><em>serrat*</em></strong></span> <span class='ocrx_word' id='word_1_255' title='bbox 221 2659 249 2699; x_wconf 82' lang='lat' dir='ltr'><strong><em>n.</em></strong></span> <span class='ocrx_word' id='word_1_256' title='bbox 279 2634 461 2701; x_wconf 84' lang='lat' dir='ltr'><strong><em>Destructio</em></strong></span> <span class='ocrx_word' id='word_1_257' title='bbox 489 2638 590 2721; x_wconf 83' lang='lat' dir='ltr'><strong><em>igitur</em></strong></span> <span class='ocrx_word' id='word_1_258' title='bbox 617 2639 745 2702; x_wconf 90' lang='lat' dir='ltr'><strong><em>animae</em></strong></span> <span class='ocrx_word' id='word_1_259' title='bbox 774 2636 833 2704; x_wconf 90' lang='lat' dir='ltr'><strong><em>Dei</em></strong></span> <span class='ocrx_word' id='word_1_260' title='bbox 863 2634 1047 2721; x_wconf 90' lang='lat' dir='ltr'><strong><em>Sapientiae</em></strong></span> <span class='ocrx_word' id='word_1_261' title='bbox 1081 2633 1135 2700; x_wconf 91' lang='lat' dir='ltr'><strong><em>ad-</em></strong></span> 
     </span>
     <span class='ocr_line' id='line_1_32' title="bbox 66 2724 225 2779; baseline 0 0"><span class='ocrx_word' id='word_1_262' title='bbox 66 2724 225 2779; x_wconf 84' lang='lat' dir='ltr'><strong><em>versatur.</em></strong></span> 
     </span>
    </p>

    <p class='ocr_par' dir='ltr' id='par_1_8' title="bbox 65 2796 1138 3213">
     <span class='ocr_line' id='line_1_33' title="bbox 106 2796 1135 2895; baseline 0.005 -36"><span class='ocrx_word' id='word_1_263' title='bbox 106 2796 177 2867; x_wconf 75' lang='lat'><strong>215.</strong></span> <span class='ocrx_word' id='word_1_264' title='bbox 195 2800 333 2895; x_wconf 89' lang='lat' dir='ltr'><strong><em>lnsuper</em></strong></span> <span class='ocrx_word' id='word_1_265' title='bbox 353 2796 604 2865; x_wconf 86' lang='lat' dir='ltr'><strong><em>destructionem</em></strong></span> <span class='ocrx_word' id='word_1_266' title='bbox 628 2799 754 2865; x_wconf 88' lang='lat' dir='ltr'><strong><em>animae</em></strong></span> <span class='ocrx_word' id='word_1_267' title='bbox 777 2800 962 2887; x_wconf 87' lang='lat' dir='ltr'><strong><em>Sapientiae</em></strong></span> <span class='ocrx_word' id='word_1_268' title='bbox 984 2797 1135 2864; x_wconf 88' lang='lat' dir='ltr'><strong><em>simulet</em></strong></span> 
     </span>
     <span class='ocr_line' id='line_1_34' title="bbox 66 2878 1138 2967; baseline 0 -24"><span class='ocrx_word' id='word_1_269' title='bbox 66 2879 210 2946; x_wconf 87' lang='lat' dir='ltr'><strong><em>Bonitati</em></strong></span> <span class='ocrx_word' id='word_1_270' title='bbox 227 2880 286 2944; x_wconf 81' lang='lat' dir='ltr'><strong><em>Der</em></strong></span> <span class='ocrx_word' id='word_1_271' title='bbox 303 2900 485 2965; x_wconf 79' lang='lat' dir='ltr'><strong><em>repugnare</em></strong></span> <span class='ocrx_word' id='word_1_272' title='bbox 507 2878 566 2944; x_wconf 90' lang='lat' dir='ltr'><strong><em>hac</em></strong></span> <span class='ocrx_word' id='word_1_273' title='bbox 581 2881 646 2944; x_wconf 90' lang='lat' dir='ltr'><strong><em>alio</em></strong></span> <span class='ocrx_word' id='word_1_274' title='bbox 661 2894 852 2967; x_wconf 82' lang='lat' dir='ltr'><strong><em>argumento</em></strong></span> <span class='ocrx_word' id='word_1_275' title='bbox 867 2879 1055 2948; x_wconf 87' lang='lat' dir='ltr'><strong><em>conficitur:</em></strong></span> <span class='ocrx_word' id='word_1_276' title='bbox 1072 2880 1138 2943; x_wconf 90' lang='lat' dir='ltr'><strong><em>lla-</em></strong></span> 
     </span>
     <span class='ocr_line' id='line_1_35' title="bbox 66 2959 1138 3048; baseline 0 -23"><span class='ocrx_word' id='word_1_277' title='bbox 66 2963 194 3025; x_wconf 91' lang='lat' dir='ltr'><strong><em>minum</em></strong></span> <span class='ocrx_word' id='word_1_278' title='bbox 215 2963 333 3028; x_wconf 88' lang='lat' dir='ltr'><strong><em>animis</em></strong></span> <span class='ocrx_word' id='word_1_279' title='bbox 354 2962 436 3028; x_wconf 88' lang='lat' dir='ltr'><strong><em>inest</em></strong></span> <span class='ocrx_word' id='word_1_280' title='bbox 456 2960 630 3029; x_wconf 83' lang='lat' dir='ltr'><strong><em>vehemens</em></strong></span> <span class='ocrx_word' id='word_1_281' title='bbox 653 2962 817 3047; x_wconf 89' lang='lat' dir='ltr'><strong><em>perlectae</em></strong></span> <span class='ocrx_word' id='word_1_282' title='bbox 832 2963 997 3030; x_wconf 88' lang='lat' dir='ltr'><strong><em>beatitatis</em></strong></span> <span class='ocrx_word' id='word_1_283' title='bbox 1012 2959 1138 3048; x_wconf 91' lang='lat' dir='ltr'><strong><em>cupidi-</em></strong></span> 
     </span>
     <span class='ocr_line' id='line_1_36' title="bbox 67 3044 1135 3129; baseline 0.001 -23"><span class='ocrx_word' id='word_1_284' title='bbox 67 3056 130 3119; x_wconf 89' lang='lat' dir='ltr'><strong><em>tas,</em></strong></span> <span class='ocrx_word' id='word_1_285' title='bbox 152 3065 249 3129; x_wconf 86' lang='lat' dir='ltr'><strong><em>quae,</em></strong></span> <span class='ocrx_word' id='word_1_286' title='bbox 262 3064 336 3108; x_wconf 93' lang='lat' dir='ltr'><strong><em>cum</em></strong></span> <span class='ocrx_word' id='word_1_287' title='bbox 357 3044 538 3108; x_wconf 90' lang='lat' dir='ltr'><strong><em>necessaria</em></strong></span> <span class='ocrx_word' id='word_1_288' title='bbox 560 3048 614 3122; x_wconf 89' lang='lat' dir='ltr'><strong><em>sit,</em></strong></span> <span class='ocrx_word' id='word_1_289' title='bbox 637 3056 670 3110; x_wconf 92' lang='lat' dir='ltr'><strong><em>et</em></strong></span> <span class='ocrx_word' id='word_1_290' title='bbox 691 3055 887 3123; x_wconf 86' lang='lat' dir='ltr'><strong><em>constans,a</em></strong></span> <span class='ocrx_word' id='word_1_291' title='bbox 909 3044 978 3110; x_wconf 88' lang='lat' dir='ltr'><strong><em>Deo</em></strong></span> <span class='ocrx_word' id='word_1_292' title='bbox 1002 3056 1135 3108; x_wconf 89' lang='lat' dir='ltr'><strong><em>auctore</em></strong></span> 
     </span>
     <span class='ocr_line' id='line_1_37' title="bbox 65 3124 1133 3213; baseline -0.002 -24"><span class='ocrx_word' id='word_1_293' title='bbox 65 3136 202 3192; x_wconf 88' lang='lat' dir='ltr'><strong><em>naturae</em></strong></span> <span class='ocrx_word' id='word_1_294' title='bbox 224 3126 304 3211; x_wconf 86' lang='lat' dir='ltr'><strong><em>ipsis</em></strong></span> <span class='ocrx_word' id='word_1_295' title='bbox 324 3124 427 3191; x_wconf 89' lang='lat' dir='ltr'><strong><em>indita</em></strong></span> <span class='ocrx_word' id='word_1_296' title='bbox 449 3135 513 3202; x_wconf 90' lang='lat' dir='ltr'><strong><em>est,</em></strong></span> <span class='ocrx_word' id='word_1_297' title='bbox 538 3126 741 3213; x_wconf 88' lang='lat' dir='ltr'><strong><em>proindeque</em></strong></span> <span class='ocrx_word' id='word_1_298' title='bbox 764 3128 869 3194; x_wconf 89' lang='lat' dir='ltr'><strong><em>inanis</em></strong></span> <span class='ocrx_word' id='word_1_299' title='bbox 889 3148 958 3193; x_wconf 86' lang='lat' dir='ltr'><strong><em>esse</em></strong></span> <span class='ocrx_word' id='word_1_300' title='bbox 980 3126 1133 3211; x_wconf 79' lang='lat' dir='ltr'><strong><em>nequit⁵.</em></strong></span> 
     </span>
    </p>
   </div>
   <div class='ocr_carea' id='block_1_6' title="bbox 456 3242 783 3253">
    <p class='ocr_par' dir='ltr' id='par_1_9' title="bbox 456 3242 783 3253">
     <span class='ocr_line' id='line_1_38' title="bbox 456 3242 783 3253; baseline 0 0"><span class='ocrx_word' id='word_1_301' title='bbox 456 3242 783 3253; x_wconf 57' lang='lat' dir='ltr'><strong><em>t—ae——tn-—n</em></strong></span> 
     </span>
    </p>
   </div>
   <div class='ocr_carea' id='block_1_7' title="bbox 67 3278 1134 3490">
    <p class='ocr_par' dir='ltr' id='par_1_10' title="bbox 67 3278 1134 3490">
     <span class='ocr_line' id='line_1_39' title="bbox 105 3278 1134 3346; baseline -0.005 -13"><span class='ocrx_word' id='word_1_302' title='bbox 105 3280 116 3320; x_wconf 84' lang='lat'>¹</span> <span class='ocrx_word' id='word_1_303' title='bbox 135 3280 173 3333; x_wconf 83' lang='lat' dir='ltr'><strong><em>lle</em></strong></span> <span class='ocrx_word' id='word_1_304' title='bbox 193 3282 243 3332; x_wconf 79' lang='lat' dir='ltr'><strong><em>bac</em></strong></span> <span class='ocrx_word' id='word_1_305' title='bbox 262 3283 365 3333; x_wconf 79' lang='lat' dir='ltr'><strong><em>diversa</em></strong></span> <span class='ocrx_word' id='word_1_306' title='bbox 384 3284 562 3346; x_wconf 66' lang='lat' dir='ltr'><strong><em>rationeque</em></strong></span> <span class='ocrx_word' id='word_1_307' title='bbox 585 3281 703 3333; x_wconf 81' lang='lat' dir='ltr'><strong><em>Potentia</em></strong></span> <span class='ocrx_word' id='word_1_308' title='bbox 723 3280 771 3333; x_wconf 82' lang='lat' dir='ltr'><strong><em>llcl</em></strong></span> <span class='ocrx_word' id='word_1_309' title='bbox 790 3280 951 3333; x_wconf 79' lang='lat' dir='ltr'><strong><em>considerari</em></strong></span> <span class='ocrx_word' id='word_1_310' title='bbox 970 3284 1066 3343; x_wconf 74' lang='lat' dir='ltr'><strong><em>potant,</em></strong></span> <span class='ocrx_word' id='word_1_311' title='bbox 1083 3278 1134 3329; x_wconf 85' lang='lat' dir='ltr'><strong><em>rid.</em></strong></span> 
     </span>
     <span class='ocr_line' id='line_1_40' title="bbox 67 3351 923 3419; baseline -0.002 -13"><span class='ocrx_word' id='word_1_312' title='bbox 67 3370 92 3407; x_wconf 78' lang='grc' dir='ltr'><strong><em>ι,</em></strong></span> <span class='ocrx_word' id='word_1_313' title='bbox 114 3351 254 3413; x_wconf 73' lang='lat' dir='ltr'><strong><em>Thimam,</em></strong></span> <span class='ocrx_word' id='word_1_314' title='bbox 276 3359 307 3406; x_wconf 91' lang='lat' dir='ltr'><strong><em>ln</em></strong></span> <span class='ocrx_word' id='word_1_315' title='bbox 326 3356 370 3407; x_wconf 82' lang='lat' dir='ltr'><strong><em>ub.</em></strong></span> <span class='ocrx_word' id='word_1_316' title='bbox 392 3358 433 3406; x_wconf 87' lang='lat'><strong><em>111</em></strong></span> <span class='ocrx_word' id='word_1_317' title='bbox 450 3358 534 3415; x_wconf 75' lang='lat' dir='ltr'><strong><em>Stat,</em></strong></span> <span class='ocrx_word' id='word_1_318' title='bbox 556 3352 622 3406; x_wconf 81' lang='lat' dir='ltr'><strong><em>[list.</em></strong></span> <span class='ocrx_word' id='word_1_319' title='bbox 644 3354 665 3415; x_wconf 92' lang='lat' dir='ltr'><strong><em>l,</em></strong></span> <span class='ocrx_word' id='word_1_320' title='bbox 686 3370 713 3419; x_wconf 85' lang='lat' dir='ltr'><strong><em>q.</em></strong></span> <span class='ocrx_word' id='word_1_321' title='bbox 734 3354 767 3413; x_wconf 96' lang='lat' dir='ltr'><strong><em>ll,</em></strong></span> <span class='ocrx_word' id='word_1_322' title='bbox 789 3368 815 3405; x_wconf 80' lang='lat' dir='ltr'><strong><em>a.</em></strong></span> <span class='ocrx_word' id='word_1_323' title='bbox 837 3355 853 3405; x_wconf 81' lang='grc'>3</span> <span class='ocrx_word' id='word_1_324' title='bbox 872 3356 923 3406; x_wconf 81' lang='lat' dir='ltr'><strong><em>ool.</em></strong></span> 
     </span>
     <span class='ocr_line' id='line_1_41' title="bbox 104 3422 423 3490; baseline 0.003 -14"><span class='ocrx_word' id='word_1_325' title='bbox 104 3424 157 3485; x_wconf 75' lang='grc' dir='ltr'><strong><em>Η,</em></strong></span> <span class='ocrx_word' id='word_1_326' title='bbox 178 3441 204 3490; x_wconf 86' lang='lat' dir='ltr'><strong><em>q.</em></strong></span> <span class='ocrx_word' id='word_1_327' title='bbox 227 3422 295 3488; x_wconf 83' lang='lat' dir='ltr'><strong><em>clv,</em></strong></span> <span class='ocrx_word' id='word_1_328' title='bbox 313 3442 341 3477; x_wconf 83' lang='lat' dir='ltr'><strong><em>a.</em></strong></span> <span class='ocrx_word' id='word_1_329' title='bbox 361 3426 377 3479; x_wconf 84' lang='lat'><strong>3</strong></span> <span class='ocrx_word' id='word_1_330' title='bbox 396 3440 423 3478; x_wconf 91' lang='lat' dir='ltr'><strong><em>c.</em></strong></span> 
     </span>
    </p>
   </div>
   <div class='ocr_carea' id='block_1_8' title="bbox 104 3498 710 3635">
    <p class='ocr_par' dir='ltr' id='par_1_11' title="bbox 104 3498 710 3635">
     <span class='ocr_line' id='line_1_42' title="bbox 105 3498 710 3564; baseline 0.01 -19"><span class='ocrx_word' id='word_1_331' title='bbox 105 3499 187 3564; x_wconf 64' lang='lat' dir='ltr'><strong><em>top.</em></strong></span> <span class='ocrx_word' id='word_1_332' title='bbox 206 3502 305 3564; x_wconf 78' lang='lat' dir='ltr'><strong><em>dtrpp..</em></strong></span> <span class='ocrx_word' id='word_1_333' title='bbox 325 3502 364 3551; x_wconf 80' lang='lat' dir='ltr'><strong><em>Do</em></strong></span> <span class='ocrx_word' id='word_1_334' title='bbox 383 3502 453 3561; x_wconf 70' lang='lat' dir='ltr'><strong><em>Pon,</em></strong></span> <span class='ocrx_word' id='word_1_335' title='bbox 473 3515 501 3564; x_wconf 87' lang='lat' dir='ltr'><strong><em>q.</em></strong></span> <span class='ocrx_word' id='word_1_336' title='bbox 521 3502 581 3560; x_wconf 74' lang='lat' dir='ltr'><strong><em>cit„</em></strong></span> <span class='ocrx_word' id='word_1_337' title='bbox 601 3514 629 3550; x_wconf 85' lang='lat' dir='ltr'><strong><em>a.</em></strong></span> <span class='ocrx_word' id='word_1_338' title='bbox 649 3498 666 3549; x_wconf 85' lang='lat' dir='ltr'><strong><em>l</em></strong></span> <span class='ocrx_word' id='word_1_339' title='bbox 684 3512 710 3551; x_wconf 85' lang='lat' dir='ltr'><strong><em>c.</em></strong></span> 
     </span>
     <span class='ocr_line' id='line_1_43' title="bbox 104 3569 417 3635; baseline 0.003 -15"><span class='ocrx_word' id='word_1_340' title='bbox 104 3569 116 3607; x_wconf 83' lang='lat'><strong>⁴</strong></span> <span class='ocrx_word' id='word_1_341' title='bbox 137 3570 159 3629; x_wconf 93' lang='lat' dir='ltr'><strong><em>l,</em></strong></span> <span class='ocrx_word' id='word_1_342' title='bbox 179 3586 208 3635; x_wconf 81' lang='lat' dir='ltr'><strong><em>q.</em></strong></span> <span class='ocrx_word' id='word_1_343' title='bbox 228 3572 288 3630; x_wconf 67' lang='lat' dir='ltr'><strong><em>cit„</em></strong></span> <span class='ocrx_word' id='word_1_344' title='bbox 307 3587 334 3621; x_wconf 81' lang='lat' dir='ltr'><strong><em>a.</em></strong></span> <span class='ocrx_word' id='word_1_345' title='bbox 354 3572 372 3622; x_wconf 82' lang='grc'><strong>4</strong></span> <span class='ocrx_word' id='word_1_346' title='bbox 390 3586 417 3621; x_wconf 82' lang='grc' dir='ltr'><strong><em>ο.</em></strong></span> 
     </span>
    </p>
   </div>
   <div class='ocr_carea' id='block_1_9' title="bbox 106 3640 1143 3710">
    <p class='ocr_par' dir='ltr' id='par_1_12' title="bbox 106 3640 1143 3710">
     <span class='ocr_line' id='line_1_44' title="bbox 106 3640 1143 3710; baseline -0.003 -17"><span class='ocrx_word' id='word_1_347' title='bbox 106 3645 119 3679; x_wconf 76' lang='lat'><strong>⁵</strong></span> <span class='ocrx_word' id='word_1_348' title='bbox 142 3640 249 3694; x_wconf 73' lang='lat' dir='ltr'><strong><em>atlante</em></strong></span> <span class='ocrx_word' id='word_1_349' title='bbox 268 3648 353 3707; x_wconf 73' lang='grc' dir='ltr'><strong><em>ωηο,</em></strong></span> <span class='ocrx_word' id='word_1_350' title='bbox 373 3645 459 3710; x_wconf 76' lang='lat' dir='ltr'><strong><em>innuit</em></strong></span> <span class='ocrx_word' id='word_1_351' title='bbox 477 3658 499 3695; x_wconf 88' lang='lat' dir='ltr'><strong><em>s.</em></strong></span> <span class='ocrx_word' id='word_1_352' title='bbox 521 3642 695 3709; x_wconf 65' lang='lat' dir='ltr'><strong><em>dispartiunt,</em></strong></span> <span class='ocrx_word' id='word_1_353' title='bbox 717 3657 808 3697; x_wconf 81' lang='lat' dir='ltr'><strong><em>omnes</em></strong></span> <span class='ocrx_word' id='word_1_354' title='bbox 829 3644 1077 3701; x_wconf 60' lang='lat' dir='ltr'><strong><em>viveresummum</em></strong></span> <span class='ocrx_word' id='word_1_355' title='bbox 1097 3652 1143 3691; x_wconf 84' lang='lat' dir='ltr'><strong><em>ne-</em></strong></span> 
     </span>
    </p>
   </div>
   <div class='ocr_carea' id='block_1_10' title="bbox 0 0 1263 3909">
    <p class='ocr_par' dir='ltr' id='par_1_13' title="bbox 0 0 1263 3909">
     <span class='ocr_line' id='line_1_45' title="bbox 0 0 1263 3909; baseline 0 0"><span class='ocrx_word' id='word_1_356' title='bbox 0 0 1263 3909; x_wconf 95' lang='lat' dir='ltr'><strong><em> </em></strong></span> 
     </span>
    </p>
   </div>
  </div>
 </body>
</html>
