<?xml version="1.0" encoding="UTF-8"?>
<!DOCTYPE html PUBLIC "-//W3C//DTD XHTML 1.0 Transitional//EN"
    "http://www.w3.org/TR/xhtml1/DTD/xhtml1-transitional.dtd">
<html xmlns="http://www.w3.org/1999/xhtml" xml:lang="en" lang="en">
 <head>
  <title>
</title>
<meta http-equiv="Content-Type" content="text/html;charset=utf-8" />
  <meta name='ocr-system' content='tesseract 3.04.00' />
  <meta name='ocr-capabilities' content='ocr_page ocr_carea ocr_par ocr_line ocrx_word'/>
</head>
<body>
  <div class='ocr_page' id='page_1' title='image "./philosophiachri00sansgoog_0334.png"; bbox 0 0 2475 3909; ppageno 0'>
   <div class='ocr_carea' id='block_1_1' title="bbox 124 144 704 215">
    <p class='ocr_par' dir='ltr' id='par_1_1' title="bbox 124 144 704 215">
     <span class='ocr_line' id='line_1_1' title="bbox 124 144 704 215; baseline 0.009 -4"><span class='ocrx_word' id='word_1_1' title='bbox 124 144 164 211; x_wconf 76' lang='lat'>32</span> <span class='ocrx_word' id='word_1_2' title='bbox 519 168 704 215; x_wconf 77' lang='lat' dir='ltr'>onnonotttlt</span> 
     </span>
    </p>
   </div>
   <div class='ocr_carea' id='block_1_2' title="bbox 83 243 1159 475">
    <p class='ocr_par' dir='ltr' id='par_1_2' title="bbox 83 243 1159 475">
     <span class='ocr_line' id='line_1_2' title="bbox 83 243 1159 335; baseline -0.006 -23"><span class='ocrx_word' id='word_1_3' title='bbox 83 247 125 312; x_wconf 83' lang='lat' dir='ltr'>ob</span> <span class='ocrx_word' id='word_1_4' title='bbox 149 248 220 331; x_wconf 88' lang='lat' dir='ltr'>ipso</span> <span class='ocrx_word' id='word_1_5' title='bbox 242 244 425 331; x_wconf 86' lang='lat' dir='ltr'>perficitur,</span> <span class='ocrx_word' id='word_1_6' title='bbox 450 252 575 335; x_wconf 78' lang='lat' dir='ltr'>appetit</span> <span class='ocrx_word' id='word_1_7' title='bbox 590 252 613 312; x_wconf 87' lang='lat'>¹.</span> <span class='ocrx_word' id='word_1_8' title='bbox 638 250 788 333; x_wconf 88' lang='lat' dir='ltr'>Denique</span> <span class='ocrx_word' id='word_1_9' title='bbox 810 247 939 315; x_wconf 82' lang='lat' dir='ltr'>bonitas</span> <span class='ocrx_word' id='word_1_10' title='bbox 960 243 1092 309; x_wconf 79' lang='lat' dir='ltr'>moralis</span> <span class='ocrx_word' id='word_1_11' title='bbox 1113 262 1159 307; x_wconf 81' lang='lat' dir='ltr'>ex</span> 
     </span>
     <span class='ocr_line' id='line_1_3' title="bbox 83 326 1159 475; baseline -0.005 -82"><span class='ocrx_word' id='word_1_12' title='bbox 83 330 269 475; x_wconf 56' lang='grc' dir='ltr'>ἓὲῃξθιὲἱιέῑ,</span> <span class='ocrx_word' id='word_1_13' title='bbox 290 326 376 413; x_wconf 92' lang='lat' dir='ltr'>quod</span> <span class='ocrx_word' id='word_1_14' title='bbox 401 350 450 394; x_wconf 87' lang='lat' dir='ltr'>res</span> <span class='ocrx_word' id='word_1_15' title='bbox 473 333 651 417; x_wconf 77' lang='lat' dir='ltr'>appetitur,</span> <span class='ocrx_word' id='word_1_16' title='bbox 668 341 767 418; x_wconf 91' lang='lat' dir='ltr'>prout</span> <span class='ocrx_word' id='word_1_17' title='bbox 787 352 863 395; x_wconf 85' lang='lat' dir='ltr'>eum</span> <span class='ocrx_word' id='word_1_18' title='bbox 884 326 1006 446; x_wconf 78' lang='lat' dir='ltr'>regulis</span> <span class='ocrx_word' id='word_1_19' title='bbox 1027 346 1159 390; x_wconf 90' lang='lat' dir='ltr'>morum</span> 
     </span>
    </p>
   </div>
   <div class='ocr_carea' id='block_1_3' title="bbox 188 533 1055 597">
    <p class='ocr_par' dir='ltr' id='par_1_3' title="bbox 188 533 1055 597">
     <span class='ocr_line' id='line_1_4' title="bbox 188 533 1055 597; baseline -0.003 -12"><span class='ocrx_word' id='word_1_20' title='bbox 188 534 256 585; x_wconf 79' lang='lat' dir='ltr'>Aur.</span> <span class='ocrx_word' id='word_1_21' title='bbox 274 533 307 585; x_wconf 93' lang='lat' dir='ltr'>ll.</span> <span class='ocrx_word' id='word_1_22' title='bbox 320 560 353 572; x_wconf 86' lang='lat'>-·</span> <span class='ocrx_word' id='word_1_23' title='bbox 366 533 515 587; x_wconf 77' lang='lat' dir='ltr'><strong>Nonnullae</strong></span> <span class='ocrx_word' id='word_1_24' title='bbox 536 537 656 586; x_wconf 79' lang='lat' dir='ltr'>theoriae</span> <span class='ocrx_word' id='word_1_25' title='bbox 675 539 746 586; x_wconf 80' lang='lat' dir='ltr'>circe</span> <span class='ocrx_word' id='word_1_26' title='bbox 767 536 868 585; x_wconf 82' lang='lat' dir='ltr'>mnium</span> <span class='ocrx_word' id='word_1_27' title='bbox 888 534 1055 597; x_wconf 76' lang='lat' dir='ltr'>explicantur</span> 
     </span>
    </p>
   </div>
   <div class='ocr_carea' id='block_1_4' title="bbox 84 646 1161 2781">
    <p class='ocr_par' dir='ltr' id='par_1_4' title="bbox 84 646 1161 1214">
     <span class='ocr_line' id='line_1_5' title="bbox 123 646 1161 735; baseline -0.002 -20"><span class='ocrx_word' id='word_1_28' title='bbox 123 650 175 715; x_wconf 81' lang='lat'>95.</span> <span class='ocrx_word' id='word_1_29' title='bbox 198 650 290 715; x_wconf 92' lang='lat' dir='ltr'>Bono</span> <span class='ocrx_word' id='word_1_30' title='bbox 312 652 490 735; x_wconf 88' lang='lat' dir='ltr'>opponitur</span> <span class='ocrx_word' id='word_1_31' title='bbox 511 649 642 712; x_wconf 84' lang='lat' dir='ltr'>muium.</span> <span class='ocrx_word' id='word_1_32' title='bbox 671 648 739 712; x_wconf 78' lang='lat' dir='ltr'>lom</span> <span class='ocrx_word' id='word_1_33' title='bbox 769 648 889 713; x_wconf 83' lang='lat' dir='ltr'>mulum</span> <span class='ocrx_word' id='word_1_34' title='bbox 918 646 1041 712; x_wconf 82' lang='lat' dir='ltr'>dieitur</span> <span class='ocrx_word' id='word_1_35' title='bbox 1066 647 1161 713; x_wconf 79' lang='lat' dir='ltr'>defe-</span> 
     </span>
     <span class='ocr_line' id='line_1_6' title="bbox 84 728 1161 816; baseline -0.001 -20"><span class='ocrx_word' id='word_1_36' title='bbox 84 742 155 796; x_wconf 82' lang='lat' dir='ltr'>ctus</span> <span class='ocrx_word' id='word_1_37' title='bbox 175 732 321 811; x_wconf 79' lang='lat' dir='ltr'>lalieuius</span> <span class='ocrx_word' id='word_1_38' title='bbox 353 731 584 816; x_wconf 76' lang='lat' dir='ltr'><strong>proprietatis,</strong></span> <span class='ocrx_word' id='word_1_39' title='bbox 606 751 705 815; x_wconf 82' lang='lat' dir='ltr'>quum</span> <span class='ocrx_word' id='word_1_40' title='bbox 733 738 848 793; x_wconf 82' lang='lat' dir='ltr'>nutura</span> <span class='ocrx_word' id='word_1_41' title='bbox 877 728 1045 793; x_wconf 80' lang='lat' dir='ltr'>cuiusdam</span> <span class='ocrx_word' id='word_1_42' title='bbox 1073 732 1161 796; x_wconf 86' lang='lat' dir='ltr'>entis</span> 
     </span>
     <span class='ocr_line' id='line_1_7' title="bbox 84 810 1159 897; baseline 0 -21"><span class='ocrx_word' id='word_1_43' title='bbox 84 812 270 897; x_wconf 73' lang='lat' dir='ltr'><strong>expostulat</strong></span> <span class='ocrx_word' id='word_1_44' title='bbox 291 812 443 897; x_wconf 88' lang='lat' dir='ltr'>quidem,</span> <span class='ocrx_word' id='word_1_45' title='bbox 467 811 521 877; x_wconf 91' lang='lat' dir='ltr'>sed</span> <span class='ocrx_word' id='word_1_46' title='bbox 546 832 608 876; x_wconf 92' lang='lat' dir='ltr'>non</span> <span class='ocrx_word' id='word_1_47' title='bbox 631 812 676 875; x_wconf 85' lang='lat' dir='ltr'>ita</span> <span class='ocrx_word' id='word_1_48' title='bbox 697 820 745 883; x_wconf 94' lang='lat' dir='ltr'>ut,</span> <span class='ocrx_word' id='word_1_49' title='bbox 768 812 839 895; x_wconf 86' lang='lat' dir='ltr'>ipsa</span> <span class='ocrx_word' id='word_1_50' title='bbox 860 810 1003 885; x_wconf 82' lang='lat' dir='ltr'>sublate,</span> <span class='ocrx_word' id='word_1_51' title='bbox 1024 832 1077 875; x_wconf 85' lang='lat' dir='ltr'>res</span> <span class='ocrx_word' id='word_1_52' title='bbox 1098 813 1159 877; x_wconf 90' lang='lat' dir='ltr'>tol·</span> 
     </span>
     <span class='ocr_line' id='line_1_8' title="bbox 85 892 1158 990; baseline 0.001 -32"><span class='ocrx_word' id='word_1_53' title='bbox 85 894 182 959; x_wconf 85' lang='lat' dir='ltr'>latur.</span> <span class='ocrx_word' id='word_1_54' title='bbox 206 896 245 960; x_wconf 85' lang='lat' dir='ltr'>E.</span> <span class='ocrx_word' id='word_1_55' title='bbox 270 915 315 990; x_wconf 68' lang='lat' dir='ltr'>g„</span> <span class='ocrx_word' id='word_1_56' title='bbox 340 897 478 960; x_wconf 82' lang='lat' dir='ltr'>caecitas</span> <span class='ocrx_word' id='word_1_57' title='bbox 501 897 532 958; x_wconf 91' lang='lat' dir='ltr'>in</span> <span class='ocrx_word' id='word_1_58' title='bbox 555 894 685 959; x_wconf 90' lang='lat' dir='ltr'>homine</span> <span class='ocrx_word' id='word_1_59' title='bbox 708 901 757 956; x_wconf 88' lang='lat' dir='ltr'>est</span> <span class='ocrx_word' id='word_1_60' title='bbox 778 894 913 969; x_wconf 85' lang='lat' dir='ltr'>malum,</span> <span class='ocrx_word' id='word_1_61' title='bbox 935 897 1013 978; x_wconf 82' lang='lat' dir='ltr'>quin</span> <span class='ocrx_word' id='word_1_62' title='bbox 1034 907 1083 960; x_wconf 90' lang='lat' dir='ltr'>est</span> <span class='ocrx_word' id='word_1_63' title='bbox 1099 892 1158 959; x_wconf 88' lang='lat' dir='ltr'>de-</span> 
     </span>
     <span class='ocr_line' id='line_1_9' title="bbox 88 973 1160 1061; baseline 0 -21"><span class='ocrx_word' id='word_1_64' title='bbox 88 976 194 1041; x_wconf 84' lang='lat' dir='ltr'>sectus</span> <span class='ocrx_word' id='word_1_65' title='bbox 216 977 366 1051; x_wconf 82' lang='lat' dir='ltr'>visionis,</span> <span class='ocrx_word' id='word_1_66' title='bbox 389 998 472 1061; x_wconf 81' lang='lat' dir='ltr'>quae</span> <span class='ocrx_word' id='word_1_67' title='bbox 489 974 528 1038; x_wconf 85' lang='lat' dir='ltr'>ud</span> <span class='ocrx_word' id='word_1_68' title='bbox 551 987 699 1040; x_wconf 79' lang='lat' dir='ltr'>naturam</span> <span class='ocrx_word' id='word_1_69' title='bbox 714 973 864 1038; x_wconf 81' lang='lat' dir='ltr'>animalis</span> <span class='ocrx_word' id='word_1_70' title='bbox 890 978 1025 1058; x_wconf 84' lang='lat' dir='ltr'>perfecti</span> <span class='ocrx_word' id='word_1_71' title='bbox 1039 978 1160 1042; x_wconf 85' lang='lat' dir='ltr'>eonsti-</span> 
     </span>
     <span class='ocr_line' id='line_1_10' title="bbox 88 1054 1160 1141; baseline 0 -20"><span class='ocrx_word' id='word_1_72' title='bbox 88 1055 242 1122; x_wconf 87' lang='lat' dir='ltr'>tuendum</span> <span class='ocrx_word' id='word_1_73' title='bbox 257 1058 449 1141; x_wconf 80' lang='lat' dir='ltr'>requiritur,</span> <span class='ocrx_word' id='word_1_74' title='bbox 467 1061 511 1122; x_wconf 81' lang='lat' dir='ltr'>ita</span> <span class='ocrx_word' id='word_1_75' title='bbox 528 1068 647 1133; x_wconf 86' lang='lat' dir='ltr'>tamen,</span> <span class='ocrx_word' id='word_1_76' title='bbox 662 1065 700 1121; x_wconf 93' lang='lat' dir='ltr'>ut</span> <span class='ocrx_word' id='word_1_77' title='bbox 713 1054 840 1120; x_wconf 84' lang='lat' dir='ltr'>etiamsi</span> <span class='ocrx_word' id='word_1_78' title='bbox 855 1057 962 1134; x_wconf 88' lang='lat' dir='ltr'>homo,</span> <span class='ocrx_word' id='word_1_79' title='bbox 982 1057 1025 1121; x_wconf 88' lang='lat' dir='ltr'>ob</span> <span class='ocrx_word' id='word_1_80' title='bbox 1040 1058 1160 1123; x_wconf 80' lang='lat' dir='ltr'>vitium</span> 
     </span>
     <span class='ocr_line' id='line_1_11' title="bbox 89 1138 1136 1214; baseline 0 -12"><span class='ocrx_word' id='word_1_81' title='bbox 89 1140 272 1214; x_wconf 91' lang='lat' dir='ltr'>oculorum,</span> <span class='ocrx_word' id='word_1_82' title='bbox 296 1140 420 1205; x_wconf 87' lang='lat' dir='ltr'>risione</span> <span class='ocrx_word' id='word_1_83' title='bbox 444 1138 654 1214; x_wconf 77' lang='lat' dir='ltr'>destituatur,</span> <span class='ocrx_word' id='word_1_84' title='bbox 677 1138 775 1204; x_wconf 87' lang='lat' dir='ltr'>homo</span> <span class='ocrx_word' id='word_1_85' title='bbox 795 1158 864 1203; x_wconf 88' lang='lat' dir='ltr'>esse</span> <span class='ocrx_word' id='word_1_86' title='bbox 886 1160 951 1202; x_wconf 93' lang='lat' dir='ltr'>non</span> <span class='ocrx_word' id='word_1_87' title='bbox 972 1138 1136 1204; x_wconf 79' lang='lat' dir='ltr'>desinut2.</span> 
     </span>
    </p>

    <p class='ocr_par' dir='ltr' id='par_1_5' title="bbox 84 1220 1161 1789">
     <span class='ocr_line' id='line_1_12' title="bbox 130 1220 1160 1305; baseline 0.004 -22"><span class='ocrx_word' id='word_1_88' title='bbox 130 1220 214 1285; x_wconf 88' lang='lat' dir='ltr'>Hirro</span> <span class='ocrx_word' id='word_1_89' title='bbox 238 1220 270 1283; x_wconf 86' lang='lat'>1⁰</span> <span class='ocrx_word' id='word_1_90' title='bbox 294 1220 417 1284; x_wconf 83' lang='lat' dir='ltr'>melum</span> <span class='ocrx_word' id='word_1_91' title='bbox 440 1232 575 1286; x_wconf 88' lang='lat' dir='ltr'>nonest</span> <span class='ocrx_word' id='word_1_92' title='bbox 600 1220 741 1305; x_wconf 91' lang='lat' dir='ltr'>positum</span> <span class='ocrx_word' id='word_1_93' title='bbox 771 1220 804 1283; x_wconf 92' lang='lat' dir='ltr'>iu</span> <span class='ocrx_word' id='word_1_94' title='bbox 827 1220 936 1305; x_wconf 82' lang='lat' dir='ltr'>eliqua</span> <span class='ocrx_word' id='word_1_95' title='bbox 956 1223 1100 1297; x_wconf 81' lang='lat' dir='ltr'>entitate,</span> <span class='ocrx_word' id='word_1_96' title='bbox 1124 1232 1160 1287; x_wconf 89' lang='lat' dir='ltr'>et</span> 
     </span>
     <span class='ocr_line' id='line_1_13' title="bbox 87 1301 1161 1387; baseline 0.004 -24"><span class='ocrx_word' id='word_1_97' title='bbox 87 1320 127 1363; x_wconf 89' lang='lat' dir='ltr'>ne</span> <span class='ocrx_word' id='word_1_98' title='bbox 152 1302 186 1365; x_wconf 90' lang='lat' dir='ltr'>in</span> <span class='ocrx_word' id='word_1_99' title='bbox 208 1302 351 1387; x_wconf 86' lang='lat' dir='ltr'>simplici</span> <span class='ocrx_word' id='word_1_100' title='bbox 374 1304 507 1386; x_wconf 88' lang='lat' dir='ltr'>quidem</span> <span class='ocrx_word' id='word_1_101' title='bbox 527 1301 658 1367; x_wconf 82' lang='lat' dir='ltr'>delectu</span> <span class='ocrx_word' id='word_1_102' title='bbox 680 1302 846 1378; x_wconf 79' lang='lat' dir='ltr'>uniltatis,</span> <span class='ocrx_word' id='word_1_103' title='bbox 876 1302 933 1367; x_wconf 86' lang='lat' dir='ltr'>sed</span> <span class='ocrx_word' id='word_1_104' title='bbox 962 1304 996 1367; x_wconf 87' lang='lat' dir='ltr'>in</span> <span class='ocrx_word' id='word_1_105' title='bbox 1025 1304 1080 1367; x_wconf 92' lang='lat' dir='ltr'>illo</span> <span class='ocrx_word' id='word_1_106' title='bbox 1101 1304 1161 1367; x_wconf 89' lang='lat' dir='ltr'>de-</span> 
     </span>
     <span class='ocr_line' id='line_1_14' title="bbox 88 1380 1156 1530; baseline 0.005 -86"><span class='ocrx_word' id='word_1_107' title='bbox 88 1380 176 1447; x_wconf 84' lang='lat' dir='ltr'>fectu</span> <span class='ocrx_word' id='word_1_108' title='bbox 199 1385 358 1461; x_wconf 87' lang='lat' dir='ltr'>entitntis,</span> <span class='ocrx_word' id='word_1_109' title='bbox 380 1388 437 1469; x_wconf 88' lang='lat' dir='ltr'>qui</span> <span class='ocrx_word' id='word_1_110' title='bbox 454 1386 597 1530; x_wconf 62' lang='lat' dir='ltr'>prii-otio</span> <span class='ocrx_word' id='word_1_111' title='bbox 618 1382 740 1449; x_wconf 88' lang='lat' dir='ltr'>dieitur</span> <span class='ocrx_word' id='word_1_112' title='bbox 754 1384 789 1460; x_wconf 78' lang='lat'>³;</span> <span class='ocrx_word' id='word_1_113' title='bbox 812 1385 953 1468; x_wconf 79' lang='lat' dir='ltr'>privatio</span> <span class='ocrx_word' id='word_1_114' title='bbox 977 1388 1083 1464; x_wconf 87' lang='lat' dir='ltr'>enim,</span> <span class='ocrx_word' id='word_1_115' title='bbox 1104 1388 1156 1451; x_wconf 91' lang='lat' dir='ltr'>uti</span> 
     </span>
     <span class='ocr_line' id='line_1_15' title="bbox 87 1464 1158 1553; baseline 0.007 -28"><span class='ocrx_word' id='word_1_116' title='bbox 87 1475 179 1529; x_wconf 83' lang='lat' dir='ltr'>antea</span> <span class='ocrx_word' id='word_1_117' title='bbox 202 1465 326 1533; x_wconf 87' lang='lat' dir='ltr'>dictum</span> <span class='ocrx_word' id='word_1_118' title='bbox 348 1470 433 1542; x_wconf 79' lang='lat' dir='ltr'>esl⁴‚</span> <span class='ocrx_word' id='word_1_119' title='bbox 477 1477 586 1531; x_wconf 83' lang='lat' dir='ltr'>enotet</span> <span class='ocrx_word' id='word_1_120' title='bbox 608 1464 772 1532; x_wconf 86' lang='lat' dir='ltr'>defectum</span> <span class='ocrx_word' id='word_1_121' title='bbox 793 1468 937 1532; x_wconf 86' lang='lat' dir='ltr'>entitatis</span> <span class='ocrx_word' id='word_1_122' title='bbox 952 1469 987 1531; x_wconf 92' lang='lat' dir='ltr'>in</span> <span class='ocrx_word' id='word_1_123' title='bbox 1007 1489 1054 1543; x_wconf 88' lang='lat' dir='ltr'>re,</span> <span class='ocrx_word' id='word_1_124' title='bbox 1072 1489 1158 1553; x_wconf 80' lang='lat' dir='ltr'>quae</span> 
     </span>
     <span class='ocr_line' id='line_1_16' title="bbox 85 1545 1158 1629; baseline 0.006 -22"><span class='ocrx_word' id='word_1_125' title='bbox 85 1545 177 1610; x_wconf 81' lang='lat' dir='ltr'>illam</span> <span class='ocrx_word' id='word_1_126' title='bbox 199 1548 391 1613; x_wconf 84' lang='lat' dir='ltr'>naturaliter</span> <span class='ocrx_word' id='word_1_127' title='bbox 410 1548 530 1612; x_wconf 86' lang='lat' dir='ltr'>habere</span> <span class='ocrx_word' id='word_1_128' title='bbox 558 1546 666 1611; x_wconf 83' lang='lat' dir='ltr'>debet.</span> <span class='ocrx_word' id='word_1_129' title='bbox 690 1548 729 1612; x_wconf 88' lang='lat' dir='ltr'>E.</span> <span class='ocrx_word' id='word_1_130' title='bbox 753 1567 799 1629; x_wconf 83' lang='lat' dir='ltr'>g.,</span> <span class='ocrx_word' id='word_1_131' title='bbox 814 1571 832 1608; x_wconf 84' lang='grc' dir='ltr'>(ι</span> <span class='ocrx_word' id='word_1_132' title='bbox 847 1550 990 1613; x_wconf 81' lang='lat' dir='ltr'>carentia</span> <span class='ocrx_word' id='word_1_133' title='bbox 1012 1552 1097 1614; x_wconf 82' lang='lat' dir='ltr'>ritae</span> <span class='ocrx_word' id='word_1_134' title='bbox 1124 1552 1158 1613; x_wconf 92' lang='lat' dir='ltr'>in</span> 
     </span>
     <span class='ocr_line' id='line_1_17' title="bbox 84 1625 1159 1715; baseline 0.007 -26"><span class='ocrx_word' id='word_1_135' title='bbox 84 1625 192 1712; x_wconf 83' lang='lat' dir='ltr'>lapide</span> <span class='ocrx_word' id='word_1_136' title='bbox 214 1640 315 1715; x_wconf 85' lang='lat' dir='ltr'>potest</span> <span class='ocrx_word' id='word_1_137' title='bbox 337 1630 400 1694; x_wconf 89' lang='lat' dir='ltr'>dici</span> <span class='ocrx_word' id='word_1_138' title='bbox 424 1628 583 1708; x_wconf 85' lang='lat' dir='ltr'>desectus,</span> <span class='ocrx_word' id='word_1_139' title='bbox 605 1628 661 1693; x_wconf 86' lang='lat' dir='ltr'>sed</span> <span class='ocrx_word' id='word_1_140' title='bbox 681 1650 747 1691; x_wconf 92' lang='lat' dir='ltr'>nou</span> <span class='ocrx_word' id='word_1_141' title='bbox 762 1630 910 1708; x_wconf 80' lang='lat' dir='ltr'>malum3</span> <span class='ocrx_word' id='word_1_142' title='bbox 933 1630 1056 1698; x_wconf 89' lang='lat' dir='ltr'>homini</span> <span class='ocrx_word' id='word_1_143' title='bbox 1078 1652 1159 1697; x_wconf 78' lang='lat' dir='ltr'>vero</span> 
     </span>
     <span class='ocr_line' id='line_1_18' title="bbox 89 1710 764 1789; baseline 0.001 -17"><span class='ocrx_word' id='word_1_144' title='bbox 89 1729 177 1775; x_wconf 91' lang='lat' dir='ltr'>mors</span> <span class='ocrx_word' id='word_1_145' title='bbox 199 1724 247 1777; x_wconf 88' lang='lat' dir='ltr'>est</span> <span class='ocrx_word' id='word_1_146' title='bbox 267 1723 299 1778; x_wconf 89' lang='lat' dir='ltr'>et</span> <span class='ocrx_word' id='word_1_147' title='bbox 319 1710 483 1789; x_wconf 83' lang='lat' dir='ltr'>desectus,</span> <span class='ocrx_word' id='word_1_148' title='bbox 507 1723 540 1778; x_wconf 89' lang='lat' dir='ltr'>et</span> <span class='ocrx_word' id='word_1_149' title='bbox 561 1711 711 1776; x_wconf 65' lang='grc' dir='ltr'>ιιιιιΙιιιιι5</span> <span class='ocrx_word' id='word_1_150' title='bbox 735 1734 764 1773; x_wconf 80' lang='grc' dir='ltr'>ι).</span> 
     </span>
    </p>

    <p class='ocr_par' dir='ltr' id='par_1_6' title="bbox 85 1791 1161 2207">
     <span class='ocr_line' id='line_1_19' title="bbox 126 1791 1161 1879; baseline 0.004 -26"><span class='ocrx_word' id='word_1_151' title='bbox 126 1792 160 1853; x_wconf 75' lang='lat'>2⁰</span> <span class='ocrx_word' id='word_1_152' title='bbox 175 1794 299 1860; x_wconf 80' lang='lat' dir='ltr'>Melum</span> <span class='ocrx_word' id='word_1_153' title='bbox 321 1815 383 1859; x_wconf 91' lang='lat' dir='ltr'>uon</span> <span class='ocrx_word' id='word_1_154' title='bbox 406 1795 498 1879; x_wconf 91' lang='lat' dir='ltr'>ponit</span> <span class='ocrx_word' id='word_1_155' title='bbox 517 1792 661 1858; x_wconf 89' lang='lat' dir='ltr'>obsolute</span> <span class='ocrx_word' id='word_1_156' title='bbox 684 1791 727 1855; x_wconf 87' lang='lat' dir='ltr'>nli</span> <span class='ocrx_word' id='word_1_157' title='bbox 752 1792 816 1858; x_wconf 92' lang='lat' dir='ltr'>uod</span> <span class='ocrx_word' id='word_1_158' title='bbox 838 1814 913 1870; x_wconf 93' lang='lat' dir='ltr'>ens,</span> <span class='ocrx_word' id='word_1_159' title='bbox 927 1815 987 1859; x_wconf 87' lang='lat' dir='ltr'>neo</span> <span class='ocrx_word' id='word_1_160' title='bbox 1002 1796 1089 1862; x_wconf 88' lang='lat' dir='ltr'>tollit</span> <span class='ocrx_word' id='word_1_161' title='bbox 1102 1797 1161 1859; x_wconf 84' lang='lat' dir='ltr'>ab·</span> 
     </span>
     <span class='ocr_line' id='line_1_20' title="bbox 88 1813 1160 1962; baseline 0.006 -28"><span class='ocrx_word' id='word_1_162' title='bbox 88 1871 192 1939; x_wconf 89' lang='lat' dir='ltr'>solute</span> <span class='ocrx_word' id='word_1_163' title='bbox 209 1875 340 1961; x_wconf 84' lang='lat' dir='ltr'>aliquod</span> <span class='ocrx_word' id='word_1_164' title='bbox 356 1897 429 1952; x_wconf 89' lang='lat' dir='ltr'>ens,</span> <span class='ocrx_word' id='word_1_165' title='bbox 446 1876 500 1941; x_wconf 89' lang='lat' dir='ltr'>sed</span> <span class='ocrx_word' id='word_1_166' title='bbox 515 1887 612 1960; x_wconf 75' lang='lat' dir='ltr'>negot</span> <span class='ocrx_word' id='word_1_167' title='bbox 626 1813 759 1959; x_wconf 74' lang='lat' dir='ltr'>aliqud]</span> <span class='ocrx_word' id='word_1_168' title='bbox 774 1896 830 1939; x_wconf 88' lang='lat' dir='ltr'>ens</span> <span class='ocrx_word' id='word_1_169' title='bbox 846 1875 881 1939; x_wconf 88' lang='lat' dir='ltr'>in</span> <span class='ocrx_word' id='word_1_170' title='bbox 895 1875 1053 1954; x_wconf 89' lang='lat' dir='ltr'>subiecto,</span> <span class='ocrx_word' id='word_1_171' title='bbox 1069 1876 1160 1962; x_wconf 86' lang='lat' dir='ltr'>quod</span> 
     </span>
     <span class='ocr_line' id='line_1_21' title="bbox 87 1952 1160 2044; baseline 0.008 -28"><span class='ocrx_word' id='word_1_172' title='bbox 87 1952 127 2017; x_wconf 87' lang='lat' dir='ltr'>ud</span> <span class='ocrx_word' id='word_1_173' title='bbox 150 1956 231 2023; x_wconf 87' lang='lat' dir='ltr'>illud</span> <span class='ocrx_word' id='word_1_174' title='bbox 253 1956 437 2023; x_wconf 82' lang='lat' dir='ltr'>habendum</span> <span class='ocrx_word' id='word_1_175' title='bbox 465 1958 659 2021; x_wconf 81' lang='lat' dir='ltr'>naturaliter</span> <span class='ocrx_word' id='word_1_176' title='bbox 678 1965 902 2041; x_wconf 84' lang='lat' dir='ltr'>comparatum</span> <span class='ocrx_word' id='word_1_177' title='bbox 926 1969 972 2023; x_wconf 92' lang='lat' dir='ltr'>est</span> <span class='ocrx_word' id='word_1_178' title='bbox 986 1962 1016 2033; x_wconf 80' lang='lat'>⁸3</span> <span class='ocrx_word' id='word_1_179' title='bbox 1040 1980 1160 2044; x_wconf 80' lang='lat' dir='ltr'><strong>nempe</strong></span> 
     </span>
     <span class='ocr_line' id='line_1_22' title="bbox 86 2037 1157 2125; baseline 0.005 -24"><span class='ocrx_word' id='word_1_180' title='bbox 86 2056 150 2101; x_wconf 92' lang='lat' dir='ltr'>non</span> <span class='ocrx_word' id='word_1_181' title='bbox 173 2040 335 2125; x_wconf 82' lang='lat' dir='ltr'>significat</span> <span class='ocrx_word' id='word_1_182' title='bbox 355 2060 415 2103; x_wconf 83' lang='lat' dir='ltr'>uon</span> <span class='ocrx_word' id='word_1_183' title='bbox 435 2060 487 2103; x_wconf 81' lang='lat' dir='ltr'>ons</span> <span class='ocrx_word' id='word_1_184' title='bbox 510 2039 657 2105; x_wconf 83' lang='lat' dir='ltr'>absolute</span> <span class='ocrx_word' id='word_1_185' title='bbox 679 2051 835 2115; x_wconf 89' lang='lat' dir='ltr'>sumtum,</span> <span class='ocrx_word' id='word_1_186' title='bbox 857 2037 914 2103; x_wconf 89' lang='lat' dir='ltr'>sed</span> <span class='ocrx_word' id='word_1_187' title='bbox 934 2062 999 2104; x_wconf 83' lang='lat' dir='ltr'>non</span> <span class='ocrx_word' id='word_1_188' title='bbox 1019 2064 1081 2117; x_wconf 81' lang='lat' dir='ltr'>ens,</span> <span class='ocrx_word' id='word_1_189' title='bbox 1098 2061 1157 2106; x_wconf 89' lang='lat' dir='ltr'>sen</span> 
     </span>
     <span class='ocr_line' id='line_1_23' title="bbox 85 2118 957 2207; baseline 0.001 -24"><span class='ocrx_word' id='word_1_190' title='bbox 85 2120 242 2203; x_wconf 84' lang='lat' dir='ltr'>privatin,</span> <span class='ocrx_word' id='word_1_191' title='bbox 265 2143 348 2207; x_wconf 83' lang='lat' dir='ltr'>quae</span> <span class='ocrx_word' id='word_1_192' title='bbox 372 2132 420 2187; x_wconf 89' lang='lat' dir='ltr'>est</span> <span class='ocrx_word' id='word_1_193' title='bbox 442 2123 474 2185; x_wconf 91' lang='lat' dir='ltr'>in</span> <span class='ocrx_word' id='word_1_194' title='bbox 496 2133 580 2198; x_wconf 86' lang='lat' dir='ltr'>ente,</span> <span class='ocrx_word' id='word_1_195' title='bbox 604 2120 703 2186; x_wconf 85' lang='lat' dir='ltr'>veluti</span> <span class='ocrx_word' id='word_1_196' title='bbox 728 2118 874 2186; x_wconf 86' lang='lat' dir='ltr'>subiecto</span> <span class='ocrx_word' id='word_1_197' title='bbox 895 2123 957 2185; x_wconf 89' lang='lat' dir='ltr'>sui.</span> 
     </span>
    </p>

    <p class='ocr_par' dir='ltr' id='par_1_7' title="bbox 85 2200 1160 2781">
     <span class='ocr_line' id='line_1_24' title="bbox 127 2200 1158 2287; baseline 0.002 -20"><span class='ocrx_word' id='word_1_198' title='bbox 127 2200 161 2267; x_wconf 86' lang='lat'>3⁰</span> <span class='ocrx_word' id='word_1_199' title='bbox 177 2204 299 2267; x_wconf 83' lang='lat' dir='ltr'>illalum</span> <span class='ocrx_word' id='word_1_200' title='bbox 321 2200 560 2287; x_wconf 85' lang='lat' dir='ltr'>quodammodo</span> <span class='ocrx_word' id='word_1_201' title='bbox 584 2204 766 2279; x_wconf 85' lang='lat' dir='ltr'>invenitur,</span> <span class='ocrx_word' id='word_1_202' title='bbox 780 2212 814 2267; x_wconf 91' lang='lat' dir='ltr'>et</span> <span class='ocrx_word' id='word_1_203' title='bbox 827 2202 1067 2285; x_wconf 83' lang='lat' dir='ltr'>quodammodo</span> <span class='ocrx_word' id='word_1_204' title='bbox 1089 2226 1158 2269; x_wconf 89' lang='lat' dir='ltr'>non</span> 
     </span>
     <span class='ocr_line' id='line_1_25' title="bbox 85 2282 1157 2379; baseline 0.006 -34"><span class='ocrx_word' id='word_1_205' title='bbox 85 2282 251 2349; x_wconf 80' lang='lat' dir='ltr'>invenitur</span> <span class='ocrx_word' id='word_1_206' title='bbox 273 2287 307 2350; x_wconf 93' lang='lat' dir='ltr'>iu</span> <span class='ocrx_word' id='word_1_207' title='bbox 330 2296 445 2348; x_wconf 83' lang='lat' dir='ltr'>natura</span> <span class='ocrx_word' id='word_1_208' title='bbox 467 2305 593 2359; x_wconf 89' lang='lat' dir='ltr'>rerum,</span> <span class='ocrx_word' id='word_1_209' title='bbox 609 2305 726 2379; x_wconf 85' lang='lat' dir='ltr'>nempe</span> <span class='ocrx_word' id='word_1_210' title='bbox 748 2296 875 2349; x_wconf 86' lang='lat' dir='ltr'>nonest</span> <span class='ocrx_word' id='word_1_211' title='bbox 897 2286 932 2348; x_wconf 90' lang='lat' dir='ltr'>iu</span> <span class='ocrx_word' id='word_1_212' title='bbox 954 2297 1069 2351; x_wconf 86' lang='lat' dir='ltr'>netum</span> <span class='ocrx_word' id='word_1_213' title='bbox 1091 2288 1157 2363; x_wconf 88' lang='lat' dir='ltr'>rei,</span> 
     </span>
     <span class='ocr_line' id='line_1_26' title="bbox 86 2364 1158 2452; baseline 0.006 -24"><span class='ocrx_word' id='word_1_214' title='bbox 86 2366 186 2432; x_wconf 80' lang='lat' dir='ltr'>veluti</span> <span class='ocrx_word' id='word_1_215' title='bbox 210 2388 282 2452; x_wconf 88' lang='lat' dir='ltr'>pars</span> <span class='ocrx_word' id='word_1_216' title='bbox 304 2367 398 2442; x_wconf 85' lang='lat' dir='ltr'>eius,</span> <span class='ocrx_word' id='word_1_217' title='bbox 420 2367 499 2450; x_wconf 84' lang='lat' dir='ltr'>quia</span> <span class='ocrx_word' id='word_1_218' title='bbox 522 2366 608 2431; x_wconf 83' lang='lat' dir='ltr'>mulo</span> <span class='ocrx_word' id='word_1_219' title='bbox 631 2365 715 2429; x_wconf 88' lang='lat' dir='ltr'><strong>nilnl</strong></span> <span class='ocrx_word' id='word_1_220' title='bbox 736 2365 822 2430; x_wconf 83' lang='lat' dir='ltr'>reale</span> <span class='ocrx_word' id='word_1_221' title='bbox 845 2364 1017 2451; x_wconf 81' lang='lat' dir='ltr'>respondet</span> <span class='ocrx_word' id='word_1_222' title='bbox 1039 2369 1074 2433; x_wconf 93' lang='lat' dir='ltr'>in</span> <span class='ocrx_word' id='word_1_223' title='bbox 1096 2390 1158 2442; x_wconf 88' lang='lat' dir='ltr'>re,</span> 
     </span>
     <span class='ocr_line' id='line_1_27' title="bbox 86 2448 1160 2533; baseline 0.006 -24"><span class='ocrx_word' id='word_1_224' title='bbox 86 2449 140 2512; x_wconf 87' lang='lat' dir='ltr'>oui</span> <span class='ocrx_word' id='word_1_225' title='bbox 163 2449 271 2533; x_wconf 86' lang='lat' dir='ltr'>ipsum</span> <span class='ocrx_word' id='word_1_226' title='bbox 294 2448 462 2523; x_wconf 90' lang='lat' dir='ltr'>tribuitur;</span> <span class='ocrx_word' id='word_1_227' title='bbox 485 2448 542 2511; x_wconf 88' lang='lat' dir='ltr'>sed</span> <span class='ocrx_word' id='word_1_228' title='bbox 565 2449 597 2512; x_wconf 93' lang='lat' dir='ltr'>in</span> <span class='ocrx_word' id='word_1_229' title='bbox 622 2458 739 2512; x_wconf 85' lang='lat' dir='ltr'>natura</span> <span class='ocrx_word' id='word_1_230' title='bbox 760 2448 820 2524; x_wconf 86' lang='lat' dir='ltr'>rei,</span> <span class='ocrx_word' id='word_1_231' title='bbox 837 2456 1002 2532; x_wconf 83' lang='lat' dir='ltr'>tamquam</span> <span class='ocrx_word' id='word_1_232' title='bbox 1025 2450 1059 2513; x_wconf 91' lang='lat' dir='ltr'>in</span> <span class='ocrx_word' id='word_1_233' title='bbox 1082 2450 1160 2515; x_wconf 57' lang='lat' dir='ltr'>suin</span> 
     </span>
     <span class='ocr_line' id='line_1_28' title="bbox 87 2528 1160 2627; baseline 0.003 -32"><span class='ocrx_word' id='word_1_234' title='bbox 87 2534 171 2596; x_wconf 88' lang='lat' dir='ltr'>iecto</span> <span class='ocrx_word' id='word_1_235' title='bbox 193 2534 257 2611; x_wconf 88' lang='lat' dir='ltr'>sui,</span> <span class='ocrx_word' id='word_1_236' title='bbox 282 2532 459 2605; x_wconf 75' lang='lat' dir='ltr'>invenitur,</span> <span class='ocrx_word' id='word_1_237' title='bbox 474 2533 553 2627; x_wconf 85' lang='lat' dir='ltr'>quin</span> <span class='ocrx_word' id='word_1_238' title='bbox 575 2531 609 2593; x_wconf 94' lang='lat' dir='ltr'>in</span> <span class='ocrx_word' id='word_1_239' title='bbox 634 2550 681 2602; x_wconf 88' lang='lat' dir='ltr'>re,</span> <span class='ocrx_word' id='word_1_240' title='bbox 703 2530 757 2593; x_wconf 87' lang='lat' dir='ltr'>cui</span> <span class='ocrx_word' id='word_1_241' title='bbox 781 2528 949 2608; x_wconf 90' lang='lat' dir='ltr'>tribuitur,</span> <span class='ocrx_word' id='word_1_242' title='bbox 974 2552 1086 2616; x_wconf 79' lang='lat' dir='ltr'>reapse</span> <span class='ocrx_word' id='word_1_243' title='bbox 1108 2544 1160 2600; x_wconf 85' lang='lat' dir='ltr'>est</span> 
     </span>
     <span class='ocr_line' id='line_1_29' title="bbox 87 2612 1157 2695; baseline 0.003 -20"><span class='ocrx_word' id='word_1_244' title='bbox 87 2613 232 2679; x_wconf 75' lang='lat' dir='ltr'>tloiectus</span> <span class='ocrx_word' id='word_1_245' title='bbox 254 2615 394 2680; x_wconf 82' lang='lat' dir='ltr'>alicuius</span> <span class='ocrx_word' id='word_1_246' title='bbox 408 2612 577 2688; x_wconf 77' lang='lat' dir='ltr'>reolrtutitn,</span> <span class='ocrx_word' id='word_1_247' title='bbox 593 2630 692 2695; x_wconf 84' lang='lat' dir='ltr'>quum</span> <span class='ocrx_word' id='word_1_248' title='bbox 715 2621 827 2676; x_wconf 82' lang='lat' dir='ltr'>nutura</span> <span class='ocrx_word' id='word_1_249' title='bbox 841 2612 915 2675; x_wconf 88' lang='lat' dir='ltr'>eins</span> <span class='ocrx_word' id='word_1_250' title='bbox 930 2613 1116 2695; x_wconf 80' lang='lat' dir='ltr'>expostulat</span> <span class='ocrx_word' id='word_1_251' title='bbox 1131 2616 1157 2677; x_wconf 59' lang='grc' dir='ltr'>Ι.</span> 
     </span>
     <span class='ocr_line' id='line_1_30' title="bbox 88 2691 1159 2781; baseline 0.001 -22"><span class='ocrx_word' id='word_1_252' title='bbox 88 2696 126 2759; x_wconf 90' lang='grc' dir='ltr'>Ε.</span> <span class='ocrx_word' id='word_1_253' title='bbox 145 2718 190 2781; x_wconf 66' lang='lat' dir='ltr'>g,</span> <span class='ocrx_word' id='word_1_254' title='bbox 213 2718 287 2762; x_wconf 89' lang='lat' dir='ltr'>cum</span> <span class='ocrx_word' id='word_1_255' title='bbox 309 2694 444 2772; x_wconf 86' lang='lat' dir='ltr'>dicitur,</span> <span class='ocrx_word' id='word_1_256' title='bbox 463 2695 576 2759; x_wconf 83' lang='lat' dir='ltr'>Petrus</span> <span class='ocrx_word' id='word_1_257' title='bbox 599 2705 642 2756; x_wconf 81' lang='lat' dir='ltr'>est</span> <span class='ocrx_word' id='word_1_258' title='bbox 662 2714 780 2767; x_wconf 79' lang='lat' dir='ltr'>caecus,</span> <span class='ocrx_word' id='word_1_259' title='bbox 801 2691 883 2756; x_wconf 92' lang='lat' dir='ltr'>illud</span> <span class='ocrx_word' id='word_1_260' title='bbox 904 2705 947 2755; x_wconf 82' lang='lat' dir='ltr'>est</span> <span class='ocrx_word' id='word_1_261' title='bbox 969 2713 1034 2757; x_wconf 89' lang='lat' dir='ltr'>non</span> <span class='ocrx_word' id='word_1_262' title='bbox 1057 2694 1159 2760; x_wconf 86' lang='lat' dir='ltr'>deno·</span> 
     </span>
    </p>
   </div>
   <div class='ocr_carea' id='block_1_5' title="bbox 461 2872 801 2887">
    <p class='ocr_par' dir='ltr' id='par_1_8' title="bbox 461 2872 801 2887">
     <span class='ocr_line' id='line_1_31' title="bbox 461 2872 801 2887; baseline -0.006 -4"><span class='ocrx_word' id='word_1_263' title='bbox 461 2872 801 2887; x_wconf 46' lang='lat' dir='ltr'>mam—-..C-</span> 
     </span>
    </p>
   </div>
   <div class='ocr_carea' id='block_1_6' title="bbox 87 2961 1162 3670">
    <p class='ocr_par' dir='ltr' id='par_1_9' title="bbox 87 2961 1162 3245">
     <span class='ocr_line' id='line_1_32' title="bbox 125 2961 1154 3035; baseline 0.009 -22"><span class='ocrx_word' id='word_1_264' title='bbox 125 2966 133 3001; x_wconf 80' lang='lat'><strong>¹</strong></span> <span class='ocrx_word' id='word_1_265' title='bbox 156 2961 192 3013; x_wconf 84' lang='lat' dir='ltr'>lle</span> <span class='ocrx_word' id='word_1_266' title='bbox 211 2965 279 3013; x_wconf 86' lang='lat' dir='ltr'>bono</span> <span class='ocrx_word' id='word_1_267' title='bbox 300 2964 408 3027; x_wconf 81' lang='lat' dir='ltr'>physico</span> <span class='ocrx_word' id='word_1_268' title='bbox 427 2969 454 3014; x_wconf 85' lang='lat' dir='ltr'>el</span> <span class='ocrx_word' id='word_1_269' title='bbox 475 2965 656 3029; x_wconf 75' lang='lat' dir='ltr'>metaphysioo</span> <span class='ocrx_word' id='word_1_270' title='bbox 676 2966 795 3029; x_wconf 85' lang='lat' dir='ltr'>loquitur</span> <span class='ocrx_word' id='word_1_271' title='bbox 813 2982 836 3018; x_wconf 78' lang='lat' dir='ltr'>s.</span> <span class='ocrx_word' id='word_1_272' title='bbox 851 2964 976 3029; x_wconf 78' lang='lat' dir='ltr'>Thomas,</span> <span class='ocrx_word' id='word_1_273' title='bbox 991 2971 1035 3019; x_wconf 88' lang='lat' dir='ltr'>ubi</span> <span class='ocrx_word' id='word_1_274' title='bbox 1056 2974 1154 3035; x_wconf 82' lang='lat' dir='ltr'>inquit:</span> 
     </span>
     <span class='ocr_line' id='line_1_33' title="bbox 91 3036 1159 3107; baseline 0.01 -24"><span class='ocrx_word' id='word_1_275' title='bbox 91 3059 101 3083; x_wconf 73' lang='grc' dir='ltr'><strong>ι</strong></span> <span class='ocrx_word' id='word_1_276' title='bbox 118 3036 171 3088; x_wconf 82' lang='lat' dir='ltr'>Eos</span> <span class='ocrx_word' id='word_1_277' title='bbox 190 3042 231 3087; x_wconf 79' lang='lat' dir='ltr'>est</span> <span class='ocrx_word' id='word_1_278' title='bbox 251 3036 428 3098; x_wconf 82' lang='lat' dir='ltr'>periectirum</span> <span class='ocrx_word' id='word_1_279' title='bbox 447 3038 558 3087; x_wconf 77' lang='lat' dir='ltr'>alterins</span> <span class='ocrx_word' id='word_1_280' title='bbox 571 3052 624 3087; x_wconf 94' lang='lat' dir='ltr'>non</span> <span class='ocrx_word' id='word_1_281' title='bbox 638 3039 724 3086; x_wconf 86' lang='lat' dir='ltr'>solum</span> <span class='ocrx_word' id='word_1_282' title='bbox 740 3042 886 3089; x_wconf 79' lang='lat' dir='ltr'>secundnm</span> <span class='ocrx_word' id='word_1_283' title='bbox 901 3042 1031 3093; x_wconf 74' lang='lat' dir='ltr'>rationem</span> <span class='ocrx_word' id='word_1_284' title='bbox 1045 3048 1159 3107; x_wconf 80' lang='lat' dir='ltr'>speciei,</span> 
     </span>
     <span class='ocr_line' id='line_1_34' title="bbox 89 3108 1162 3181; baseline 0.006 -20"><span class='ocrx_word' id='word_1_285' title='bbox 89 3111 134 3161; x_wconf 80' lang='lat' dir='ltr'>sed</span> <span class='ocrx_word' id='word_1_286' title='bbox 154 3109 236 3160; x_wconf 83' lang='lat' dir='ltr'>etium</span> <span class='ocrx_word' id='word_1_287' title='bbox 256 3108 403 3159; x_wconf 77' lang='lat' dir='ltr'>seeundum</span> <span class='ocrx_word' id='word_1_288' title='bbox 423 3122 490 3167; x_wconf 84' lang='lat' dir='ltr'>esse,</span> <span class='ocrx_word' id='word_1_289' title='bbox 507 3110 577 3173; x_wconf 89' lang='lat' dir='ltr'>quod</span> <span class='ocrx_word' id='word_1_290' title='bbox 598 3109 678 3159; x_wconf 83' lang='lat' dir='ltr'>hobel</span> <span class='ocrx_word' id='word_1_291' title='bbox 697 3111 724 3161; x_wconf 93' lang='lat' dir='ltr'>iu</span> <span class='ocrx_word' id='word_1_292' title='bbox 743 3126 832 3163; x_wconf 85' lang='lat' dir='ltr'>rerum</span> <span class='ocrx_word' id='word_1_293' title='bbox 847 3116 940 3163; x_wconf 79' lang='lat' dir='ltr'>uoluta</span> <span class='ocrx_word' id='word_1_294' title='bbox 956 3135 981 3175; x_wconf 66' lang='grc' dir='ltr'>ι,</span> <span class='ocrx_word' id='word_1_295' title='bbox 993 3118 1042 3180; x_wconf 79' lang='lat' dir='ltr'>Qp.</span> <span class='ocrx_word' id='word_1_296' title='bbox 1056 3120 1162 3181; x_wconf 66' lang='lat' dir='ltr'>dispo,</span> 
     </span>
     <span class='ocr_line' id='line_1_35' title="bbox 87 3177 490 3245; baseline 0 -14"><span class='ocrx_word' id='word_1_297' title='bbox 87 3186 126 3235; x_wconf 74' lang='lat' dir='ltr'>llo</span> <span class='ocrx_word' id='word_1_298' title='bbox 148 3185 220 3240; x_wconf 81' lang='lat' dir='ltr'>Ver..</span> <span class='ocrx_word' id='word_1_299' title='bbox 241 3196 269 3245; x_wconf 85' lang='lat' dir='ltr'>q.</span> <span class='ocrx_word' id='word_1_300' title='bbox 290 3177 361 3237; x_wconf 85' lang='lat' dir='ltr'>xttt,</span> <span class='ocrx_word' id='word_1_301' title='bbox 382 3192 408 3229; x_wconf 79' lang='lat' dir='ltr'>a.</span> <span class='ocrx_word' id='word_1_302' title='bbox 431 3180 442 3229; x_wconf 89' lang='lat' dir='ltr'><strong>l</strong></span> <span class='ocrx_word' id='word_1_303' title='bbox 464 3194 490 3231; x_wconf 86' lang='lat' dir='ltr'>o.</span> 
     </span>
    </p>

    <p class='ocr_par' dir='ltr' id='par_1_10' title="bbox 124 3248 495 3318">
     <span class='ocr_line' id='line_1_36' title="bbox 124 3248 495 3318; baseline 0 -15"><span class='ocrx_word' id='word_1_304' title='bbox 124 3255 135 3291; x_wconf 85' lang='lat'><em>²</em></span> <span class='ocrx_word' id='word_1_305' title='bbox 156 3254 176 3311; x_wconf 90' lang='lat' dir='ltr'>l,</span> <span class='ocrx_word' id='word_1_306' title='bbox 197 3269 224 3318; x_wconf 82' lang='lat' dir='ltr'>q.</span> <span class='ocrx_word' id='word_1_307' title='bbox 248 3248 364 3307; x_wconf 77' lang='lat' dir='ltr'>XLl&#39;lli.</span> <span class='ocrx_word' id='word_1_308' title='bbox 386 3266 412 3301; x_wconf 80' lang='lat' dir='ltr'>u.</span> <span class='ocrx_word' id='word_1_309' title='bbox 433 3253 450 3303; x_wconf 85' lang='lat' dir='ltr'>t</span> <span class='ocrx_word' id='word_1_310' title='bbox 470 3267 495 3303; x_wconf 90' lang='lat' dir='ltr'>o.</span> 
     </span>
    </p>

    <p class='ocr_par' dir='ltr' id='par_1_11' title="bbox 125 3321 902 3388">
     <span class='ocr_line' id='line_1_37' title="bbox 125 3321 902 3388; baseline 0.004 -13"><span class='ocrx_word' id='word_1_311' title='bbox 125 3322 192 3377; x_wconf 78' lang='lat' dir='ltr'>³ct</span> <span class='ocrx_word' id='word_1_312' title='bbox 207 3342 228 3376; x_wconf 83' lang='lat' dir='ltr'>s.</span> <span class='ocrx_word' id='word_1_313' title='bbox 249 3322 329 3388; x_wconf 78' lang='lat' dir='ltr'>Aug..</span> <span class='ocrx_word' id='word_1_314' title='bbox 353 3326 390 3374; x_wconf 81' lang='lat' dir='ltr'>lle</span> <span class='ocrx_word' id='word_1_315' title='bbox 409 3339 477 3374; x_wconf 89' lang='lat' dir='ltr'>mor.</span> <span class='ocrx_word' id='word_1_316' title='bbox 497 3326 585 3381; x_wconf 83' lang='lat' dir='ltr'>Mau..</span> <span class='ocrx_word' id='word_1_317' title='bbox 607 3325 653 3373; x_wconf 87' lang='lat' dir='ltr'>lib.</span> <span class='ocrx_word' id='word_1_318' title='bbox 675 3321 708 3381; x_wconf 90' lang='grc' dir='ltr'>ΙΙ,</span> <span class='ocrx_word' id='word_1_319' title='bbox 729 3341 755 3376; x_wconf 90' lang='lat' dir='ltr'>e.</span> <span class='ocrx_word' id='word_1_320' title='bbox 777 3327 804 3384; x_wconf 81' lang='grc' dir='ltr'>Ι,</span> <span class='ocrx_word' id='word_1_321' title='bbox 825 3342 852 3377; x_wconf 94' lang='grc' dir='ltr'>ιι.</span> <span class='ocrx_word' id='word_1_322' title='bbox 874 3330 902 3381; x_wconf 84' lang='lat' dir='ltr'>(l.</span> 
     </span>
    </p>

    <p class='ocr_par' dir='ltr' id='par_1_12' title="bbox 124 3394 1032 3463">
     <span class='ocr_line' id='line_1_38' title="bbox 124 3394 1032 3463; baseline 0.004 -16"><span class='ocrx_word' id='word_1_323' title='bbox 124 3397 135 3434; x_wconf 77' lang='lat'><strong><em>⁴</em></strong></span> <span class='ocrx_word' id='word_1_324' title='bbox 156 3398 218 3460; x_wconf 76' lang='lat' dir='ltr'>l&#39;ug.</span> <span class='ocrx_word' id='word_1_325' title='bbox 239 3398 329 3447; x_wconf 77' lang='lat' dir='ltr'>d.-³</span> <span class='ocrx_word' id='word_1_326' title='bbox 349 3399 380 3446; x_wconf 86' lang='lat' dir='ltr'>lu</span> <span class='ocrx_word' id='word_1_327' title='bbox 397 3397 444 3445; x_wconf 82' lang='lat' dir='ltr'>lto.</span> <span class='ocrx_word' id='word_1_328' title='bbox 466 3397 493 3446; x_wconf 84' lang='lat' dir='ltr'>ll</span> <span class='ocrx_word' id='word_1_329' title='bbox 510 3398 593 3455; x_wconf 70' lang='lat' dir='ltr'>Sunt..</span> <span class='ocrx_word' id='word_1_330' title='bbox 613 3394 681 3446; x_wconf 80' lang='lat' dir='ltr'>lltst.</span> <span class='ocrx_word' id='word_1_331' title='bbox 702 3395 787 3458; x_wconf 75' lang='grc' dir='ltr'><strong>ΙΙΧΙΙ,</strong></span> <span class='ocrx_word' id='word_1_332' title='bbox 807 3413 835 3463; x_wconf 85' lang='lat' dir='ltr'>q.</span> <span class='ocrx_word' id='word_1_333' title='bbox 856 3399 878 3460; x_wconf 89' lang='lat'>1,</span> <span class='ocrx_word' id='word_1_334' title='bbox 898 3415 925 3451; x_wconf 77' lang='lat' dir='ltr'>t.</span> <span class='ocrx_word' id='word_1_335' title='bbox 945 3400 962 3451; x_wconf 67' lang='grc' dir='ltr'><strong>Ι</strong></span> <span class='ocrx_word' id='word_1_336' title='bbox 982 3404 1032 3453; x_wconf 75' lang='lat' dir='ltr'>sol.</span> 
     </span>
    </p>

    <p class='ocr_par' dir='ltr' id='par_1_13' title="bbox 124 3463 544 3531">
     <span class='ocr_line' id='line_1_39' title="bbox 124 3463 544 3531; baseline -0.01 -12"><span class='ocrx_word' id='word_1_337' title='bbox 124 3469 136 3506; x_wconf 83' lang='lat'><strong>⁶</strong></span> <span class='ocrx_word' id='word_1_338' title='bbox 157 3467 177 3527; x_wconf 91' lang='lat' dir='ltr'>l,</span> <span class='ocrx_word' id='word_1_339' title='bbox 197 3484 226 3531; x_wconf 83' lang='lat' dir='ltr'>q.</span> <span class='ocrx_word' id='word_1_340' title='bbox 247 3463 363 3523; x_wconf 81' lang='lat' dir='ltr'>xtvttt.</span> <span class='ocrx_word' id='word_1_341' title='bbox 383 3482 409 3517; x_wconf 82' lang='lat' dir='ltr'>n.</span> <span class='ocrx_word' id='word_1_342' title='bbox 430 3466 446 3516; x_wconf 77' lang='lat'>2</span> <span class='ocrx_word' id='word_1_343' title='bbox 465 3468 497 3517; x_wconf 82' lang='lat' dir='ltr'>nd</span> <span class='ocrx_word' id='word_1_344' title='bbox 520 3468 544 3516; x_wconf 91' lang='lat' dir='ltr'>l.</span> 
     </span>
    </p>

    <p class='ocr_par' dir='ltr' id='par_1_14' title="bbox 90 3536 1161 3670">
     <span class='ocr_line' id='line_1_40' title="bbox 124 3536 1161 3608; baseline 0.011 -20"><span class='ocrx_word' id='word_1_345' title='bbox 124 3541 136 3576; x_wconf 86' lang='lat'>&#39;¹</span> <span class='ocrx_word' id='word_1_346' title='bbox 156 3541 185 3589; x_wconf 87' lang='lat' dir='ltr'>ln</span> <span class='ocrx_word' id='word_1_347' title='bbox 204 3542 248 3589; x_wconf 78' lang='lat' dir='ltr'>llo.</span> <span class='ocrx_word' id='word_1_348' title='bbox 266 3541 291 3589; x_wconf 86' lang='lat' dir='ltr'>ll</span> <span class='ocrx_word' id='word_1_349' title='bbox 306 3543 390 3597; x_wconf 69' lang='lat' dir='ltr'>seut„</span> <span class='ocrx_word' id='word_1_350' title='bbox 406 3536 472 3588; x_wconf 76' lang='lat' dir='ltr'>[ltu.</span> <span class='ocrx_word' id='word_1_351' title='bbox 487 3536 619 3596; x_wconf 86' lang='lat' dir='ltr'>ltttttVtt,</span> <span class='ocrx_word' id='word_1_352' title='bbox 635 3556 661 3603; x_wconf 83' lang='lat' dir='ltr'>q.</span> <span class='ocrx_word' id='word_1_353' title='bbox 679 3537 699 3597; x_wconf 90' lang='lat' dir='ltr'>l,</span> <span class='ocrx_word' id='word_1_354' title='bbox 713 3555 739 3589; x_wconf 84' lang='lat' dir='ltr'>e.</span> <span class='ocrx_word' id='word_1_355' title='bbox 757 3543 767 3590; x_wconf 92' lang='lat' dir='ltr'><strong>l</strong></span> <span class='ocrx_word' id='word_1_356' title='bbox 784 3546 815 3594; x_wconf 80' lang='lat' dir='ltr'>ed</span> <span class='ocrx_word' id='word_1_357' title='bbox 830 3544 857 3593; x_wconf 71' lang='grc' dir='ltr'>Ξ.</span> <span class='ocrx_word' id='word_1_358' title='bbox 874 3541 910 3596; x_wconf 82' lang='lat' dir='ltr'>et</span> <span class='ocrx_word' id='word_1_359' title='bbox 920 3559 941 3595; x_wconf 88' lang='lat' dir='ltr'>s.</span> <span class='ocrx_word' id='word_1_360' title='bbox 959 3542 1025 3608; x_wconf 70' lang='lat' dir='ltr'>Aug.</span> <span class='ocrx_word' id='word_1_361' title='bbox 1043 3582 1050 3604; x_wconf 92' lang='lat'>,</span> <span class='ocrx_word' id='word_1_362' title='bbox 1066 3548 1161 3599; x_wconf 65' lang='lat' dir='ltr'>contr.</span> 
     </span>
     <span class='ocr_line' id='line_1_41' title="bbox 90 3608 590 3670; baseline -0.004 -8"><span class='ocrx_word' id='word_1_363' title='bbox 90 3614 137 3663; x_wconf 87' lang='lat' dir='ltr'>lul.</span> <span class='ocrx_word' id='word_1_364' title='bbox 157 3612 226 3670; x_wconf 73' lang='lat' dir='ltr'>Pet..</span> <span class='ocrx_word' id='word_1_365' title='bbox 248 3610 292 3658; x_wconf 80' lang='lat' dir='ltr'>lilr.</span> <span class='ocrx_word' id='word_1_366' title='bbox 315 3608 361 3668; x_wconf 92' lang='lat' dir='ltr'>lll,</span> <span class='ocrx_word' id='word_1_367' title='bbox 383 3626 407 3660; x_wconf 88' lang='lat' dir='ltr'>e.</span> <span class='ocrx_word' id='word_1_368' title='bbox 430 3611 474 3662; x_wconf 67' lang='lat' dir='ltr'>et.</span> <span class='ocrx_word' id='word_1_369' title='bbox 497 3626 524 3659; x_wconf 91' lang='lat' dir='ltr'>n.</span> <span class='ocrx_word' id='word_1_370' title='bbox 545 3612 590 3660; x_wconf 71' lang='lat' dir='ltr'>tto.</span> 
     </span>
    </p>
   </div>
   <div class='ocr_carea' id='block_1_7' title="bbox 0 0 1243 3909">
    <p class='ocr_par' dir='ltr' id='par_1_15' title="bbox 0 0 1243 3909">
     <span class='ocr_line' id='line_1_42' title="bbox 0 0 1243 3909; baseline 0 0"><span class='ocrx_word' id='word_1_371' title='bbox 0 0 1243 3909; x_wconf 95' lang='lat' dir='ltr'> </span> 
     </span>
    </p>
   </div>
  </div>
 </body>
</html>
