2475 3909
137 170 199 234 Qud
506 191 777 239 anrunoronoara

120 274 355 357 erceptionum,
371 276 676 360 appetitionumque
693 275 773 340 inse
796 297 838 340 ex
854 274 885 339 vi
901 274 963 340 sibi
981 277 1078 340 insita
1096 293 1169 358 pro·

95 295 199 430 ducit,
217 354 297 418 odeo
312 369 348 422 ut
370 358 452 421 ratio
467 359 656 441 posterioris
672 358 902 442 perceptionis,
919 368 951 422 ct
965 361 1050 422 ratio
1066 369 1169 442 puste-

98 436 196 500 rioris
210 441 420 533 appetitionis
437 440 468 502 in
485 438 690 524 praecedenti
731 441 932 524 erceptione,
950 439 1170 524 etappctitio-
1198 469 1202 478 ·

99 540 139 581 ne
154 531 367 595 continuatum
390 521 481 596 item,
497 459 769 605 unumquodlibet
789 539 907 606 corpus
923 541 982 605 per
1002 543 1035 585 sc
1064 521 1170 584 sotum

100 598 291 683 exlegibus
319 613 424 666 motus
452 603 669 667 continuatam
695 602 811 668 seriem
843 603 1059 668 mutationum
1083 601 1170 666 inse

98 679 261 777 producit,
278 683 323 747 ita
345 694 382 747 ut
403 685 485 750 ratio
501 683 691 767 posterioris
707 683 895 747 mutationis
909 703 1039 769 semper
1053 685 1172 748 existat

101 785 134 827 ra
158 764 363 846 praecedenti
386 766 602 832 mutatione¹.
626 763 900 848 Quandoquidem
929 776 1037 830 autem
1064 763 1169 829 infini-

100 854 151 908 tae
171 856 246 910 sunt
267 847 395 910 animae
418 844 604 930 possibiles,
618 845 807 930 infinitaque
829 866 966 930 corpora
990 847 1170 932 possibilia,

99 925 204 1009 liquet
219 927 361 993 infinitas
383 948 512 1025 quoque
534 950 603 994 esse
627 926 894 1012 compassibiles
916 931 1016 993 series
1039 949 1172 1014 percep-

99 1008 237 1083 tionum,
254 1020 322 1074 tum
346 1009 515 1095 possibiles
538 1014 643 1075 series
658 1011 887 1085 mutationum;
903 1010 1061 1094 ideoque,
1077 1029 1173 1095 quae·

100 1109 240 1173 cumque
262 1092 371 1154 anima
392 1104 551 1169 sumatur,
576 1113 704 1176 semper
727 1091 867 1156 inveniri
891 1089 1023 1188 aliquod
1040 1112 1171 1236 corpus,

101 1171 134 1233 in
156 1191 222 1253 quo
244 1173 344 1237 series
366 1175 584 1239 mutationum
607 1195 682 1239 cum
704 1175 788 1237 serie
811 1183 1058 1260 perceptionum
1085 1172 1172 1237 iiius

100 1253 230 1318 animae
253 1253 389 1318 mirifice
417 1257 587 1321 consentit.
610 1254 833 1333 Quamobrem
855 1254 942 1320 Deus
969 1255 1172 1319 harmoniam

103 1335 188 1398 inter
210 1337 415 1422 operationes
429 1340 570 1416 animae,
589 1350 763 1433 motusque
786 1339 933 1423 corporis
947 1336 1173 1422 praestabitire

101 1415 260 1482 dicendus
281 1430 352 1496 est,
376 1432 536 1503 quatenus
564 1442 640 1484 cum
663 1439 771 1483 anima
793 1420 964 1504 coniungit
994 1417 1077 1483 iliud
1105 1439 1174 1482 cor-

101 1520 187 1584 pus,
211 1502 305 1564 cuius
328 1503 523 1568 mutationes
543 1523 619 1566 cum
643 1500 905 1586 perceptionibus
934 1501 1023 1564 iliius
1046 1500 1173 1564 animae

103 1579 314 1659 adamussim,
337 1593 370 1646 ot
391 1595 575 1649 constanter
598 1582 829 1648 concordant².

143 1661 193 1728 59.
218 1664 313 1748 Prop.
337 1667 479 1748 Spstema
500 1665 680 1728 barmoniae
704 1662 936 1748 praestabilitac
961 1663 1038 1742 saiso
1077 1665 1174 1728 unda-

103 1754 202 1807 mcuto
224 1768 262 1809 su
285 1748 476 1822 erstruitur,·
496 1746 587 1832 effato
608 1747 741 1810 rationis
761 1745 958 1831 sufficientis,
982 1765 1041 1828 quo
1085 1745 1175 1811 Leia

102 1827 204 1890 nitius
225 1767 297 1890 ardo
319 1829 501 1905 inculcarit,
524 1830 684 1910 manifesta
706 1828 906 1903 adversatum·
928 1827 1079 1890 unitatem
1104 1827 1175 1891 sub-

103 1909 278 1972 stantialem
302 1909 459 1986 bominis,
482 1932 575 1995 quam
599 1908 777 1975 Leibnitius
799 1908 1019 1973 odraitteudaru
1042 1931 1104 1973 esse
1127 1909 1175 1972 de·

103 1991 213 2084 crevit,
236 1993 333 2069 cottia·
353 1994 474 2076 impiis,
497 1990 699 2076 absurdisque
722 1990 851 2055 theoriis
873 1990 1062 2056 latissimam
1089 1991 1173 2055 uiam

105 2083 225 2135 sternat.

148 2153 306 2218 Probatur
328 2154 362 2219 1⁸
385 2175 471 2240 pars.
495 2155 681 2219 Leibnitius
703 2165 840 2241 systema
873 2155 1060 2220 harmoniae
1084 2175 1176 2240 prac-

105 2233 269 2300 stabiiitae
292 2238 488 2320 excogitavit
508 2236 551 2302 ob
564 2237 653 2302 iilam
677 2241 853 2311 rationem,
868 2235 954 2321 quod
975 2235 1174 2303 substantiae

105 2315 190 2380 nibil
221 2319 255 2382 in
277 2337 346 2383 sese
369 2322 508 2384 invicem
537 2339 634 2403 agere
658 2328 802 2400 possunt.
825 2320 923 2403 Atqui
952 2317 1013 2382 boo
1035 2340 1177 2405 pronun

109 2399 239 2476 tiatum,
262 2399 536 2484 quemadmodum
559 2401 762 2465 ostendimus
774 2401 797 2476 ¹,
821 2402 951 2464 omnino
976 2399 1093 2465 iatsum
1117 2409 1173 2466 est.

105 2480 154 2544 Er
176 2501 206 2543 o.

146 2501 198 2626 d).
217 2561 375 2626 Probatur
388 2561 423 2626 P*
440 2563 770 2649 pars.Perceptioncs,
784 2563 1085 2648 appetitionesque,
1117 2585 1176 2628 uae

104 2644 261 2708 inanima
284 2645 346 2710 sibi
369 2646 557 2721 succedunt,
574 2665 667 2731 saepe
683 2666 791 2710 secum
809 2655 963 2730 pugnant.
987 2648 1087 2732 Atqui
1129 2647 1176 2711 eri

106 2744 172 2787 non
193 2737 308 2809 potest,
326 2739 361 2794 ut
381 2728 569 2812 posterioris
591 2729 823 2813 perceptionis,
846 2740 879 2792 et
901 2728 1114 2811 appetitionis
1127 2750 1179 2793 ra·

106 2806 154 2869 tio
176 2808 336 2872 sufficiens
356 2810 391 2872 in
413 2811 562 2957 opposita
585 2808 791 2894 praecedenti
817 2811 1044 2893 perceptione,
1068 2821 1101 2876 et
1124 2831 1179 2896 ap-

107 2889 264 2970 petitione
291 2891 421 2957 eristat.
481 2913 539 2955 ro
571 2904 707 2977 systema
736 2891 914 2956 barmoniae
941 2893 1178 2974 praestabilitas

106 2969 203 3033 effato
225 2970 274 3035 itti
296 2975 430 3037 rationis
451 2913 647 3057 sufficientis,
662 2972 750 3058 quod
771 2971 954 3038 Leibnitius
977 2977 1179 3060 maximope-

106 3070 143 3115 re
166 3064 354 3137 exaggerat,
377 3054 546 3120 manifeste
568 3053 766 3120 adversatur.
919 3113 922 3118 .

147 3133 198 3198 61.
225 3127 382 3198 Probatur
402 3135 438 3202 3⁸
461 3158 548 3222 pars.
568 3136 753 3203 Leibnitius
775 3147 885 3222 aperte
907 3138 1059 3212 asseruit,
1077 3136 1179 3201 incul-

108 3216 259 3300 cavitque
281 3239 299 3278 c
322 3218 462 3283 existere
483 3219 569 3284 inter
589 3223 744 3298 animam,
761 3229 794 3284 et
808 3238 927 3303 corpus
950 3238 1060 3282 veram
1085 3219 1180 3282 unio-

148 3504 155 3538 Ι
178 3505 259 3554 Lettre
277 3503 294 3555 ὰ
313 3509 357 3559 Mi·
376 3507 505 3566 Aruouid,
527 3511 542 3566 S
565 3506 625 3563 issi,
646 3512 673 3556 ot
694 3508 755 3558 ¹08.

145 3571 158 3607 ²
177 3575 304 3634 necata,
326 3592 382 3639 par.
405 3577 426 3638 t,
446 3585 461 3638 s
480 3579 575 3635 ‹tr-on
597 3592 655 3640 par.
678 3578 711 3638 ΙΙ,
732 3586 747 3641 s
772 3580 831 3638 1883
849 3592 906 3642 par.
929 3575 974 3638 ili,
995 3584 1010 3640 s
1030 3577 1094 3632 29¹.

148 3642 278 3706 ³0atot.,
300 3649 351 3696 too.
372 3650 431 3711 cit,
451 3656 478 3701 et
498 3650 621 3709 carnot..
644 3667 668 3703 c.
691 3651 737 3712 Vl,
756 3666 783 3703 a.
805 3652 832 3712 3,
854 3665 880 3715 p.
903 3650 964 3701 tat.
