2475 3909
172 147 236 219 Ι910
543 161 817 214 strnnurotoots

137 251 243 314 animo
270 247 392 334 aliquid
417 258 487 331 opat
516 248 551 310 io
578 267 715 332 corpus,
738 257 896 330 motusque
925 250 1065 331 eorporis
1086 255 1122 314 in
1143 252 1210 315 arri-

136 350 220 394 mom
242 329 422 394 redundent.

179 411 346 476 Probatur.
362 407 635 493 Quandoquidem
658 409 766 472 anima
788 420 837 473 est
858 407 962 474 lorma
985 411 1212 478 substantialis

136 496 297 578 corporis,
314 491 389 556 ideo
405 512 505 556 unum
526 502 647 555 estesse
663 491 849 575 utriusque,
888 493 941 555 uia
959 491 1075 566 forma,
1091 507 1130 558 ut
1146 517 1212 560 sae·

137 593 178 658 pe
201 576 359 649 diximus,
383 582 431 637 est
444 587 532 637 octos
547 575 608 646 rei,
626 593 681 636 seu
697 570 742 646 id,
758 571 845 655 quod
861 513 915 638 dat
928 595 988 638 esse
1003 578 1050 638 rei
1068 577 1090 638 ¹.
1110 579 1210 660 Atqui

136 657 281 752 operari,
296 666 333 721 ut
348 654 480 723 Scholae
504 653 636 719 effatum
659 665 717 728 est,
740 655 887 748 sequitur
909 677 980 718 esse.
1004 658 1107 740 Ergo,
1133 679 1212 752 quo-

137 759 225 802 mam
250 758 350 801 unum
372 746 421 802 est
443 757 505 800 esse
526 756 699 800 commune
721 756 872 812 ammae,
896 750 929 802 et
950 740 1115 821 corperis,
1140 739 1210 803 inde

137 822 320 883 necessario
341 819 498 893 efficitur,
520 828 556 881 ut
578 820 703 892 animo,
728 829 761 880 et
781 837 900 903 corpus
924 819 955 882 in
977 840 1045 882 sese
1070 819 1209 886 invicem

90 957 94 965 .
137 901 280 977 ellluant,
306 912 402 985 atque
424 921 465 964 ex
487 901 555 964 suis
576 897 818 984 operationibus
840 920 908 965 sese
930 901 1068 964 invicem
1094 903 1210 965 immu-

137 991 217 1047 tent.
234 984 419 1058 Praeterea,
433 1001 508 1045 cnm
532 980 640 1044 anima
663 981 703 1046 sit
726 980 830 1044 lorma
854 981 1077 1048 substantialis
1099 1004 1211 1068 corpo

137 1065 208 1138 ris,
232 1066 301 1149 ipsa
322 1062 417 1130 dehet
438 1081 508 1126 esse
531 1061 742 1125 intrinsecum
765 1061 991 1149 principium,
1011 1086 1029 1128 a
1050 1085 1120 1148 quo
1143 1085 1210 1129 cor-

138 1165 201 1229 pus
222 1149 375 1212 virtutem
391 1141 547 1230 operandi
570 1144 702 1229 occipit,
719 1163 756 1206 ac
781 1145 916 1227 proinde
938 1146 1034 1210 simul
1049 1167 1129 1210 eum
1143 1169 1209 1210 cor-

138 1245 217 1310 pore
239 1227 421 1293 subiectum
444 1225 676 1311 potentiarum,
700 1237 834 1320 propter
853 1247 933 1312 quas
955 1247 1075 1310 corpus
1098 1249 1208 1314 opera·

138 1311 230 1372 tur².
254 1310 354 1394 Atqui
378 1309 404 1371 si
429 1307 535 1370 anima
561 1318 610 1372 est
630 1305 852 1391 principium,
875 1329 894 1373 a
916 1329 982 1394 quo
1003 1331 1127 1394 corpus
1150 1311 1211 1375 rir-

138 1399 240 1455 tutem
262 1389 418 1480 operandi
442 1389 574 1473 accipii;
595 1399 629 1453 et
650 1409 714 1451 non
736 1407 855 1474 corpus
878 1399 1013 1466 tantum,
1028 1392 1084 1456 sed
1109 1405 1209 1459 totum

138 1473 360 1548 coniunctam,
382 1471 506 1536 scilicet
526 1488 645 1554 corpus
672 1489 745 1534 cum
771 1470 894 1548 anima,
918 1493 936 1535 a
957 1494 1021 1557 qua
1043 1476 1211 1540 constitui·

140 1565 206 1630 tur,
222 1564 270 1619 est
285 1553 467 1618 subiectum
489 1552 723 1636 potentiarum,
745 1563 877 1637 propter
897 1573 978 1637 quas
999 1576 1121 1641 eorpus
1138 1577 1210 1642 ope-

139 1647 255 1711 ratur,
278 1656 403 1700 necesse
424 1644 473 1697 est
495 1654 558 1696 non
585 1631 682 1696 modo
706 1642 741 1697 ut
762 1637 868 1698 anima
898 1635 1042 1701 membra
1065 1639 1209 1724 corporis

139 1716 180 1780 ad
203 1716 405 1802 operandum
426 1734 557 1779 movere
581 1714 692 1797 possit,
715 1712 890 1781 sedetiam
911 1740 931 1780 o
957 1721 1122 1786 crationes
1143 1741 1208 1784 cor·

115 1800 231 1882 ‚poris
251 1801 284 1864 in
306 1799 447 1862 animam
469 1794 708 1880 quodammodo
730 1795 920 1863 redundent.
975 1821 1046 1885 rgo,
1070 1800 1208 1866 admissa

140 1880 279 1958 theoria,
302 1900 400 1965 quam
422 1875 608 1944 scholastici
624 1879 663 1941 de
678 1877 850 1964 principiis
872 1881 1093 1950 constitutivis
1113 1883 1208 1949 homi-

139 1963 192 2026 nis
206 1961 380 2036 tradidere,
395 1957 631 2026 admittendum
652 1978 782 2043 quoque
803 1971 852 2028 est
872 1972 905 2028 et
925 1965 1067 2029 animam
1093 1970 1128 2032 in
1144 1986 1208 2032 cor·

142 2063 214 2128 pus,
240 2054 273 2110 et
294 2063 414 2128 cerpus
437 2041 469 2104 in
492 2041 633 2104 animam
660 2041 786 2126 aliquid
812 2063 909 2127 agere
931 2066 1035 2129 posse.
1060 2047 1207 2135 Denique

140 2125 184 2189 ob
205 2124 352 2191 eamdem
377 2124 551 2197 rationem,
566 2122 653 2207 quod
678 2143 794 2210 nempe
810 2126 917 2190 anima
939 2141 987 2194 est
1009 2129 1118 2196 forma
1141 2127 1209 2195 suh·

141 2207 302 2273 stantialis
333 2205 503 2290 corporis,
531 2205 742 2288 consequitur
769 2207 801 2271 in
823 2227 887 2272 una
910 2213 1047 2276 essentia
1069 2213 1208 2280 animae.

142 2299 308 2373 tamquam
331 2288 365 2351 in
387 2286 507 2362 radice,
531 2283 700 2352 facultates
722 2295 791 2351 tum
814 2291 1010 2373 superiores,
1035 2302 1108 2357 tum
1133 2293 1211 2359 inle

141 2371 248 2435 riores
262 2367 408 2452 colligari
424 2368 447 2431 ⁸.
464 2367 564 2451 Atqui
581 2377 694 2432 mutua
716 2366 905 2436 facultatum
919 2373 1084 2458 colligatio
1102 2377 1137 2440 in
1153 2395 1211 2442 una

141 2452 252 2517 radice
276 2449 470 2535 expostulat,
486 2459 522 2512 ut
537 2468 651 2512 earum
674 2450 816 2516 actiones
838 2452 901 2520 sint
922 2466 1065 2521 mutuae.
1084 2459 1176 2544 Ergo
1190 2459 1209 2516 ⁸.

555 2601 885 2619 Ἦ

181 2689 191 2727 ¹
215 2712 226 2736 ι
244 2687 357 2742 Necesse
376 2695 427 2748 est,
448 2691 469 2739 sl
489 2688 576 2740 aalma
596 2693 638 2740 est
658 2689 742 2740 lorma
757 2692 886 2754 eorporis,
901 2693 970 2756 quod
984 2693 1101 2755 animae,
1117 2703 1145 2748 et
1159 2713 1215 2750 eor-

143 2765 215 2826 poris
234 2763 268 2811 sit
286 2776 370 2812 unum
390 2775 448 2812 esse
467 2775 622 2820 commune,
636 2762 706 2826 quod
725 2767 766 2812 ert
784 2776 842 2814 esse
855 2765 994 2830 compositi
1011 2784 1036 2826 ’t
1052 2769 1102 2832 (iq.
1116 2773 1214 2837 dispp.,

143 2851 171 2899 q.
193 2850 239 2886 un.
264 2837 302 2884 its
321 2836 424 2892 Anias„
445 2847 470 2885 a.
495 2835 505 2882 l
529 2835 561 2885 ad
582 2835 627 2884 l3.

182 2903 247 2959 ’Gt
265 2909 391 2970 hyram,
411 2919 438 2955 e.
459 2903 482 2964 l,
501 2919 528 2955 s.
549 2907 577 2964 t,
597 2920 625 2969 p.
649 2905 699 2956 tuti
719 2908 772 2958 vol.
795 2905 886 2958 l.-³
905 2905 940 2960 Gi
956 2910 1031 2970 idid..
1052 2913 1108 2963 loc.
1129 2917 1181 2965 eit.

180 2976 344 3029 ‘Audistnr
362 2992 385 3027 s.
406 2973 532 3028 Thomas:
554 2997 566 3024 ι
588 2976 740 3028 &eundum
759 2983 871 3030 naturae
889 2983 1010 3031 ordinem
1030 2992 1142 3047 propter
1162 2990 1218 3038 eol·

143 3053 298 3116 ligationem
319 3051 417 3100 virium
436 3051 542 3101 animas
561 3050 589 3100 in
608 3063 661 3101 una
681 3053 807 3110 essentis,
827 3056 855 3102 et
872 3053 989 3117 animae,
1003 3059 1031 3104 et
1049 3061 1174 3120 eorporis
1193 3067 1217 3111 in

144 3138 198 3174 rrno
216 3135 274 3173 esse
294 3121 444 3185 compositi,
466 3123 536 3173 vires
554 3123 721 3186 superiores,
741 3128 769 3174 et
786 3125 868 3174 etiam
888 3139 985 3189 eorpus
1006 3129 1121 3180 iusieem
1142 3133 1170 3182 in
1191 3147 1217 3184 se

143 3197 271 3253 ellluunt,
291 3195 362 3259 qood
381 3195 408 3244 in
426 3193 517 3258 aliquo
535 3207 630 3245 sorum
648 3195 864 3258 superabundat;
884 3203 913 3248 st
931 3199 991 3250 inde
1009 3206 1071 3260 est,
1091 3205 1168 3266 qued
1186 3219 1216 3256 en

144 3268 354 3330 apprehensione
381 3268 486 3317 animae
512 3271 706 3318 transmutatur
730 3282 828 3332 eorpus
852 3271 1000 3322 secundum
1024 3275 1167 3334 calomen,
1192 3285 1216 3328 st

145 3338 241 3401 trigas,
260 3342 288 3388 et
306 3338 465 3401 quandoque
484 3351 569 3402 nsque
587 3339 622 3388 ad
639 3341 793 3399 unitatem,
813 3345 840 3391 et
859 3343 1064 3405 aegritudinem,
1083 3352 1114 3396 st
1134 3361 1216 3412 usque

145 3409 179 3458 ad
198 3415 322 3467 mertem
343 3410 472 3473 contingit
490 3413 561 3459 enim
579 3411 699 3476 aliquem
712 3427 744 3462 ex
757 3413 864 3476 gaudio,
880 3417 921 3466 rel
935 3417 1052 3476 tristitia,
1066 3420 1112 3469 sel
1124 3433 1214 3471 amere

144 3485 261 3530 mertem
281 3481 427 3531 incurrere.
447 3478 483 3532 Et
501 3482 622 3532 similiter
634 3491 675 3534 est
687 3497 702 3533 e
715 3497 854 3544 converse,
868 3489 939 3550 quod
953 3493 1145 3542 transmutatio
1161 3507 1215 3543 eor-

146 3550 218 3610 poris
237 3551 400 3601 inanimam
419 3552 670 3605 redundantium
689 3558 760 3607 enim
779 3559 921 3609 coniuncta
940 3563 1045 3624 corpori
1066 3562 1126 3614 eius
1145 3577 1215 3614 eem-

146 3619 281 3686 plexlones
299 3622 430 3688 imitatur,
449 3623 596 3681 seeundum
615 3629 834 3708 amentiam-tel
851 3629 1025 3711 docilitatem
1049 3637 1076 3688 st
1095 3637 1151 3691 alia
1170 3637 1216 3688 he·
