2475 3909
379 191 567 242 raaouoom
589 192 775 243 narrastis
1018 166 1078 238 313

53 300 148 369 posse
170 280 299 378 operari
322 280 357 342 in
379 280 477 344 rebus
498 300 558 364 per
577 280 730 345 virtutem
753 299 770 342 a
793 296 826 342 se
848 275 1009 352 diffusam,
1025 274 1120 340 adeo-

50 386 119 450 que
142 362 202 428 sibr
224 364 451 438 extrinsecam,
467 371 562 445 atque
584 382 602 424 a
624 381 657 425 se
679 359 879 436 distinctam
896 359 998 423 virtus
1019 360 1118 430 enim,

52 468 119 532 qua
142 467 193 510 res
215 456 376 520 creantur,
392 456 488 528 atque
509 454 750 519 conservantur,
772 441 896 506 infinita
918 441 961 505 ait
981 451 1119 526 oportet,

52 539 88 594 at
113 549 154 592 ue
176 528 248 591 idco
270 526 337 612 ipse
360 527 482 590 Deus¹.

90 549 167 674 (iffi.
184 607 277 685 Quod
300 610 326 672 si
342 608 430 673 Dens
445 621 487 671 est
507 610 543 672 in
556 606 697 672 omnibus
718 604 823 682 rebus,
838 625 879 669 ex
893 626 933 670 eo
954 604 1040 690 quod
1064 605 1121 672 dat

53 694 102 755 eis
122 714 196 768 esse,
212 693 361 754 virtutem
384 701 410 754 et
433 691 652 775 operariorum,
666 688 708 756 ob
723 687 870 752 eamdem
891 687 1051 754 rationem
1073 700 1122 754 est

54 776 91 836 in
105 777 189 838 orani
210 773 285 848 loco,
301 774 377 857 quia
400 775 452 838 tint
472 775 500 837 ei
518 773 801 847 carnotenorum
823 766 1016 834 locatarum.
1031 768 1120 835 «Deo

56 856 92 918 in
116 857 185 919 loco
207 877 276 922 esse
298 858 463 931 convenit,
479 866 512 921 et
532 855 666 941 ubique,
683 863 716 919 et
736 875 800 919 non
821 851 966 1000 quidem,
983 862 1019 919 ut
1034 875 1121 918 men-

53 949 205 1004 suratum
227 939 310 1012 loco,
333 937 387 1003 sed
411 937 545 1002 atdans
568 937 640 1003 loco
662 945 811 1002 naturam
847 935 973 1009 ocanrli,
996 942 1027 999 et
1049 956 1122 1000 con·

56 1021 199 1096 tiuemli3
220 1021 306 1087 sicut
326 1019 447 1084 (licitur
466 1041 535 1084 esse
557 1021 590 1084 in
610 1018 753 1092 homine,
771 1019 804 1082 in
823 1028 979 1104 quantum
1000 1015 1055 1081 dat
1068 1017 1123 1083 ho-

54 1104 139 1167 miui
160 1111 307 1166 naturam
328 1102 552 1179 humanitatis,
569 1114 600 1167 et
621 1104 654 1166 in
676 1100 822 1186 qualibet
843 1122 877 1165 rc
899 1121 968 1165 esse
990 1099 1120 1174 dicitur,

59 1186 94 1247 in
139 1196 274 1248 uantum
296 1184 351 1250 dat
372 1183 469 1248 rebus
496 1185 669 1271 proprium
692 1204 761 1248 esse
784 1191 816 1248 et
838 1183 1009 1248 naturam⁸
1025 1203 1054 1244 u.

102 1205 170 1333 iit.
194 1267 244 1330 Ex
265 1267 323 1330 hac
345 1267 649 1352 argumentatione,
673 1286 735 1350 qua
759 1263 864 1331 Deum
892 1286 962 1330 csse
983 1263 1121 1349 utique,

56 1347 128 1414 sire
161 1350 193 1411 in
215 1348 367 1413 omnibns
388 1347 512 1426 rebus,
536 1360 569 1415 at
589 1349 668 1413 locis
691 1348 755 1411 iam
777 1345 990 1413 existentibus
1019 1356 1123 1411 osten·

56 1431 189 1506 dimus,
212 1431 293 1494 Eius
313 1432 508 1496 immensitas
529 1452 659 1516 quoque
681 1429 857 1515 colligitur.
882 1429 1013 1495 Etenim
1037 1427 1123 1492 Deus

60 1512 139 1577 ideo
159 1512 258 1578 rebus
274 1515 389 1578 intime
412 1513 514 1590 adest,
529 1515 607 1598 quia
625 1513 695 1578 illas
711 1522 815 1579 creat:
831 1522 1029 1598 quapropter
1045 1511 1123 1575 Eius

57 1729 123 1781 hoc,
143 1724 211 1788 quod
231 1728 357 1787 operatur
376 1725 402 1774 in
422 1737 461 1783 re,
480 1724 577 1774 dieitur
592 1736 651 1774 asso
669 1722 696 1772 in
714 1735 744 1773 ra
763 1735 809 1785 par
828 1724 1015 1786 praesentiam,
1030 1733 1125 1772 sanun

57 1799 125 1848 rium
143 1798 213 1860 quoti
231 1803 335 1859 oportet
354 1811 467 1860 operam
483 1803 592 1860 operato
605 1797 695 1860 aliquo
709 1795 787 1846 modo
800 1809 925 1858 praeseus
938 1807 1006 1846 esse:
1019 1799 1047 1846 at
1059 1797 1123 1860 quia

58 1871 179 1933 operatio
198 1883 250 1918 non
270 1868 366 1918 (leserit
385 1866 517 1920 Virtutem
537 1868 668 1926 Divinam.
688 1881 705 1917 a
723 1880 774 1931 qua
794 1869 858 1926 exit,
874 1869 931 1918 ideo
951 1867 1048 1917 dieitur
1067 1880 1125 1918 essa

59 1946 90 1993 in
109 1956 137 1993 re
155 1955 203 2005 per
221 1942 377 2004 potentiam:
398 1949 425 1992 et
443 1943 504 2005 quia
524 1939 616 1992 Virtus
635 1944 675 1990 est
694 1941 749 2003 ipsa
768 1935 902 1998 iissentla,
916 1940 974 1990 ideo
987 1939 1126 2002 consequi-

59 2023 108 2066 tur
126 2019 155 2064 ut
173 2016 199 2064 in
219 2025 248 2063 re
267 2015 348 2062 otiam
368 2027 415 2076 per
432 2015 575 2065 essentiam
594 2015 627 2064 sit
643 2032 668 2072 ι,
684 2015 715 2063 ia
729 2012 773 2062 lit.
788 2007 1124 2070 isenr.,1)ur.itxitvit,

57 2103 91 2153 q.
114 2088 138 2145 l,
158 2101 185 2137 a.
205 2087 290 2136 2201.

101 2161 109 2196 ¹
130 2157 246 2222 idipsum
265 2163 372 2208 sanctus
393 2153 488 2209 [luctor
506 2159 600 2222 probat
617 2170 651 2208 ax
670 2170 712 2216 eo,
731 2156 802 2221 quot
822 2169 911 2206 «oum
932 2153 1001 2206 Dens
1020 2156 1053 2206 rit
1073 2157 1127 2218 pri-

61 2246 108 2282 ωε
127 2245 207 2282 cansa
226 2231 362 2288 omnium,
382 2243 428 2279 sua
448 2230 532 2282 rirtus
549 2235 590 2282 ast
608 2229 835 2281 immediatissima
854 2229 977 2279 omnibus
999 2245 1024 2287 ις
1046 2229 1126 2288 ibim,

60 2320 91 2356 a.
115 2305 124 2353 i
145 2305 178 2354 ad
197 2306 225 2354 l.
245 2302 317 2356 Unda
336 2318 359 2353 a.
379 2295 626 2370 conuenturam
644 2304 689 2353 iil.
706 2305 813 2360 isarni„
828 2298 893 2351 illst.
909 2297 1045 2360 xxxvii,
1061 2315 1088 2364 p.
1103 2297 1125 2360 l,

61 2393 92 2429 a.
114 2377 139 2434 1,
159 2391 186 2440 q.
210 2377 220 2425 i
243 2377 278 2426 od
296 2372 367 2443 αφ.)
384 2375 497 2425 advertit
515 2375 595 2440 quod,
616 2376 665 2424 otri
685 2388 769 2438 agens
784 2379 917 2432 creatum,
938 2373 982 2422 ubi
1002 2386 1053 2424 non
1072 2379 1123 2428 ost,

60 2454 199 2513 operetur,
219 2453 308 2498 tamen
330 2467 341 2493 ι
364 2452 473 2496 nonest
492 2447 579 2497 simile
599 2448 625 2495 iu
645 2445 710 2497 lieo.
731 2443 797 2496 Nam
817 2447 839 2496 si
858 2445 1011 2496 attendatur
1029 2445 1079 2494 hoc
1100 2446 1127 2494 in

61 2522 167 2573 artiflea
184 2528 294 2579 creato,
315 2521 365 2569 hoc
385 2521 457 2570 venit
474 2534 506 2569 ex
525 2519 632 2570 deiectu
651 2519 840 2583 perlectionia;
865 2519 926 2581 quia
951 2518 1021 2568 euim
1048 2530 1128 2582 agens

62 2601 185 2646 creatum
203 2595 348 2643 limitatum
367 2598 427 2650 est,
446 2598 474 2642 et
492 2591 580 2643 ‹lillert
598 2605 613 2641 a
632 2605 679 2642 sua
699 2591 816 2648 virtuto,
844 2596 930 2654 potest
954 2589 1056 2654 operari
1082 2603 1128 2654 per

62 2669 202 2724 virtutem,
223 2666 266 2715 obi
286 2668 396 2714 nonest
417 2684 442 2712 ι.

101 2737 153 2797 ²1,
173 2751 202 2800 q.
221 2741 268 2788 cit.
288 2751 315 2786 a.
334 2735 350 2786 Ξ
370 2752 396 2786 a.

100 2809 114 2846 ⁸
133 2812 164 2860 ln
181 2810 227 2859 tro.
241 2811 257 2859 Ι
266 2813 348 2865 sent..
369 2807 434 2859 liist.
453 2801 587 2866 xxxvii,
606 2822 635 2870 q.
656 2805 684 2865 2,
705 2821 732 2857 a.
754 2807 766 2857 l
787 2807 837 2858 rol.
853 2825 864 2852 ι
883 2803 965 2864 litem.
980 2807 1018 2857 ait
1037 2820 1060 2857 s.
1075 2803 1129 2859 iln-

61 2882 175 2940 scimus,
195 2886 235 2931 est
254 2879 319 2932 lissa
338 2878 395 2940 liei,
414 2887 442 2931 et
461 2879 580 2932 Potestas
599 2877 676 2930 Eius.
690 2875 764 2930 Sicut
783 2880 872 2942 itaqua
886 2877 1004 2930 Potestas
1023 2875 1069 2929 Dal
1088 2885 1129 2930 ost

62 2968 182 3016 semper,
201 2958 228 3002 et
248 2953 356 3017 ubique.
378 2955 414 3002 tta
432 2953 558 3016 quidquid
577 2955 618 3002 ert
638 2948 717 3010 Deus,
737 2952 851 3016 ubique,
871 2956 899 3000 at
916 2964 1022 3015 sempor
1040 2955 1080 3000 est
1103 2972 1127 3012 η

65 3029 107 3079 De
128 3029 186 3077 lide
204 3027 289 3083 rrrn„
308 3040 334 3075 c.
354 3027 382 3075 l.
404 3022 498 3076 Dices:
524 3023 598 3075 Prius
617 3024 775 3087 intelligitur
802 3023 900 3088 aliquid
924 3036 982 3074 ossa
1006 3025 1031 3072 ln
1057 3026 1128 3081 loco,

63 3113 148 3163 quarn
168 3099 201 3148 ibi
221 3098 345 3160 oporam
373 3111 433 3146 nam
458 3098 528 3147 sicut
552 3097 656 3160 operari
682 3098 801 3160 sequitur
826 3109 903 3154 osso.
924 3097 960 3146 ita
979 3099 1082 3156 operari
1103 3099 1129 3148 in

63 3173 128 3223 ioco
146 3171 266 3235 sequitur
284 3183 341 3219 esse
361 3172 387 3219 in
407 3171 475 3220 ioco.
496 3167 565 3232 Ergo
585 3170 733 3233 praesentia
752 3166 798 3219 Dei
818 3170 844 3220 in
862 3168 984 3219 omnibus
1010 3170 1074 3218 locis
1097 3183 1129 3219 ex

65 3241 133 3295 liius
150 3244 301 3306 operatione
315 3242 389 3297 'hauri
410 3248 482 3293 recte
501 3242 624 3292 infertor.
638 3239 671 3292 itt
684 3247 788 3300 contra,
801 3242 871 3292 siout
889 3243 916 3292 iu
934 3241 1128 3304 corporalibus,

64 3317 132 3366 licet
150 3315 294 3365 substantia
316 3315 349 3365 sit
368 3314 439 3378 prior
462 3320 615 3380 pauntitma,
640 3318 730 3365 tamen
754 3314 898 3364 substantia
924 3327 1052 3377 corporea
1077 3328 1130 3364 nou

65 3393 111 3440 est
130 3388 202 3449 prius
220 3388 246 3436 in
266 3389 343 3445 loeo,
369 3401 450 3451 qnam
470 3387 502 3437 sit
521 3392 547 3437 in
566 3401 598 3438 eo
617 3388 768 3449 quantitas,
794 3388 854 3450 quia
883 3387 1129 3446 nonantulonus,

66 3462 120 3511 nisi
139 3473 186 3522 per
203 3461 392 3523 quantitatem
413 3461 447 3510 ita
468 3459 588 3510 similitor
606 3459 670 3508 licat
690 3459 716 3508 in
734 3457 837 3508 entibus
856 3459 1037 3523 spiritualibus
1057 3462 1130 3522 prius

66 3532 236 3592 concipiatur
253 3545 311 3581 asse
329 3532 468 3588 absolute,
493 3545 574 3595 quam
598 3533 735 3593 operatio,
755 3545 807 3581 non
827 3537 916 3582 tamen
938 3544 995 3582 essa
1013 3533 1040 3581 in
1058 3532 1129 3592 loco,

66 3605 132 3668 quis
151 3605 178 3653 in
196 3617 229 3653 eo
246 3617 299 3653 uon
319 3609 396 3662 suut,
416 3604 466 3654 nisi
484 3613 532 3666 per
550 3601 742 3667 operationem.
763 3598 798 3655 Gi
814 3599 966 3666 Gouzalcz,
987 3607 1127 3658 comment.

65 3687 95 3730 or
113 3677 256 3741 Disputat..
275 3673 347 3741 Dirp.
368 3671 438 3736 xvi,
459 3688 485 3740 p.
509 3673 570 3736 itii,
589 3681 618 3726 at
636 3673 699 3737 108,
717 3671 828 3741 Neapoli
849 3671 928 3729 latr.
