2475 3909
439 181 442 187 ⁵
519 214 698 267 rnnauoora
1025 188 1086 256 213

66 322 82 365 a
103 298 199 372 nobis
220 300 459 387 intelliguntur,
481 310 550 367 tum
572 301 651 385 quia
672 296 760 361 Deus
782 314 833 359 res
856 294 901 359 ita
922 291 1076 370 condidit,
1094 300 1130 359 ut

65 386 129 447 sint
148 385 286 467 potentia
308 384 543 469 intelligibiles,
568 394 636 452 tum
658 380 736 465 quia
758 377 852 473 nobis
873 376 1023 460 largitur.
1045 387 1077 441 et
1094 378 1130 441 ln

64 464 156 528 nobis
179 477 345 532 conservat
379 469 508 544 lumen,
536 486 602 551 quo
636 484 686 528 res
713 458 925 545 intelligimus
940 459 964 521 ⁴.
986 462 1029 523 At
1050 480 1127 523 reru

66 545 139 609 inde
154 544 241 611 haud
265 548 380 613 inferri
403 559 508 634 potest
529 546 609 614 nihil
626 567 643 609 a
658 544 751 609 nobis
772 542 922 627 cognosci
944 560 1049 627 posse,
1064 540 1130 605 nisi

64 630 172 711 primo
195 628 298 693 Deum
321 650 563 715 cognoscamus.
586 628 728 703 Etenim,
751 627 835 691 sicut
856 644 907 688 res
928 644 946 687 a
968 621 1060 687 nobis
1075 642 1129 686 co-

64 720 283 793 gnoscuntur,
305 714 384 797 quin
406 714 498 797 prius
518 730 749 797 cognoscamus
770 708 879 773 lumen
901 706 1004 793 ipsius
1027 704 1129 769 nostri

62 790 265 869 intellectus,
288 793 373 879 quod
397 804 446 859 est
466 816 562 861 causa
583 793 733 877 proxima
765 798 892 854 nostrae
919 786 1125 872 cognitionis,

63 875 106 937 ita
128 895 260 938 necesse
282 898 345 940 non
369 886 417 940 est
439 879 544 961 primo
566 874 718 961 cognosci
741 874 859 948 Deum,
882 872 937 955 qui
961 881 1009 935 est
1024 890 1127 966 'eausa

61 956 168 1074 primia
191 967 316 1022 nostrae
348 960 567 1044 cognitionis,
592 970 629 1023 ut
649 968 774 1022 ceterae
807 972 858 1018 res
881 972 1032 1039 cognosci
1055 972 1128 1037 pos-

62 1038 127 1101 sint
160 1088 165 1100 .

100 1118 154 1183 57.
179 1120 255 1183 lnst.
278 1120 462 1187 Secundum
485 1143 510 1186 s.
534 1122 765 1205 Augustinum,
788 1119 891 1182 omniu
914 1118 946 1179 in
967 1118 1031 1180 luce
1051 1116 1126 1180 Pri-

59 1222 125 1264 mae
151 1200 301 1349 VEeritotis
323 1207 534 1286 cognoscimus
561 1215 587 1265 et
603 1224 663 1288 per
684 1203 765 1266 Eum
788 1202 822 1264 de
844 1200 985 1264 omm'dus
1008 1200 1128 1262 iudicu-

59 1304 142 1347 mus.
196 1306 263 1347 ro.

97 1366 152 1432 58.
178 1305 276 1453 Risp.
294 1368 389 1433 Hunc
410 1389 435 1432 s.
459 1368 634 1465 Augustini
655 1369 763 1433 locum
785 1366 850 1430 iam
871 1386 896 1429 s.
912 1364 1049 1429 Thomas
1071 1383 1126 1426 ex-

59 1447 205 1533 plicavit.
230 1474 248 1511 n
271 1449 474 1527 Dicendum,
498 1461 566 1527 art,
588 1450 676 1535 quod
703 1449 813 1513 omnia
839 1446 980 1510 dicimur
1001 1446 1035 1509 in
1057 1444 1126 1508 Deo

60 1528 188 1606 videre,
203 1540 236 1596 et
249 1532 427 1598 secundum
442 1533 551 1617 lpsum
566 1529 605 1595 de
621 1531 772 1598 omnibus
794 1529 952 1603 iudicare;
978 1530 1010 1591 in
1025 1548 1126 1613 quan—

57 1622 125 1675 tum
150 1634 209 1708 per
231 1615 515 1700 participationem
538 1613 588 1679 sui
610 1614 743 1681 luminis
765 1614 873 1678 omnia
889 1614 1124 1693 cognoscimus,

57 1708 90 1757 et
111 1694 347 1761 diiudicamus.
370 1696 453 1761 Nam
481 1705 513 1760 et
534 1697 641 1794 ipsum
674 1696 782 1759 lumen
816 1696 959 1760 naturale
991 1692 1126 1759 rationis

57 1777 266 1863 participatio
288 1778 446 1863 quaedam
461 1787 510 1843 est
524 1778 636 1843 Divini
659 1778 820 1854 luminis;
842 1779 926 1843 sicut
943 1778 1041 1842 etiam
1057 1796 1126 1839 om-

57 1860 111 1922 nia
133 1859 303 1924 sensibilia
328 1860 468 1925 dicimus
495 1858 628 1935 videre,
652 1870 684 1925 ct
704 1858 849 1925 iudicare
874 1862 906 1925 in
928 1859 1019 1937 sole,
1041 1856 1126 1923 idest

57 1958 117 2086 per
140 1940 250 2006 lumen
272 1944 360 2009 solis.
384 1942 473 2008 Sicut
494 1963 572 2027 ergo
587 1943 626 2007 ad
643 1940 818 2007 videndum
840 1941 965 2026 aliquid
989 1940 1124 2005 sensibi-

70 2023 134 2088 iter
157 2046 218 2088 non
241 2035 289 2089 est
311 2044 461 2103 necesse,
483 2025 569 2109 quod
592 2024 741 2093 videatur
762 2025 940 2090 substantia
962 2024 1056 2100 solis,
1078 2024 1125 2087 ita

56 2104 94 2168 ad
111 2105 288 2169 videndum
311 2105 435 2191 aliquid
460 2106 722 2191 intelligibiliter,
746 2128 809 2172 non
829 2117 877 2173 est
891 2106 1123 2181 necessarium,

55 2184 144 2272 quod
168 2187 317 2253 videatur
338 2189 485 2255 Essentia
508 2188 592 2252 llei⁸
605 2214 634 2252 s.

93 2270 146 2336 59.
170 2270 279 2336 Obiie.
296 2270 331 2336 4⁰
349 2270 498 2357 Plerique
523 2271 668 2346 illorum,
691 2272 746 2369 qui
772 2271 931 2357 denegant
953 2271 1051 2336 menti
1068 2292 1124 2335 no-

55 2362 140 2417 strae
164 2352 383 2418 immediatam
406 2352 623 2439 cognitionem
647 2352 721 2429 Der,
744 2353 859 2419 doccnt
880 2354 1045 2419 notionem
1060 2352 1125 2421 Dei

54 2454 94 2499 ex
114 2432 216 2501 rebus
236 2438 354 2501 creatis
376 2437 408 2500 in
431 2435 525 2500 nobis
551 2436 653 2521 gigni.
679 2438 779 2522 Atqui
800 2433 885 2500 haud
914 2434 985 2500 lieri
1007 2446 1121 2533 potest,

56 2530 91 2582 ut
113 2520 204 2583 notio
228 2518 285 2583 [lei
310 2540 327 2582 a
350 2516 447 2582 rebus
479 2518 596 2583 creatis
629 2518 865 2606 suppeditetur.
896 2518 984 2603 Ergo
1009 2540 1123 2583 rmnse-

54 2599 142 2666 diata
166 2601 309 2685 cognitio
331 2600 390 2665 Dei
414 2599 611 2665 admittenda
633 2611 692 2666 est.

92 2682 145 2747 60.
171 2683 268 2768 Resp.
292 2684 369 2766 Nep.
393 2685 470 2747 miu.
495 2685 537 2749 Et
557 2704 657 2760 sane,
682 2706 744 2749 non
766 2683 871 2749 solum
892 2702 1003 2747 omnes
1025 2683 1122 2751 Selm-

53 2762 103 2829 lae
125 2762 281 2831 Doctores
293 2768 317 2841 ⁸,
340 2764 514 2831 sedetiam
537 2786 648 2831 omnes
671 2766 784 2835 Patres
806 2774 917 2854 aperte
940 2764 1123 2833 docuerunt

52 3052 105 3089 non
124 3040 197 3089 sicut
217 3043 323 3102 propter
343 3042 457 3103 primum
481 3041 634 3104 cognitum,
655 3044 699 3091 sed
720 3048 827 3113 propter
850 3043 963 3105 primam
983 3041 1121 3103 cognosci-

51 3112 121 3163 ϋηο
139 3112 249 3162 virtutis
270 3125 379 3162 musam
400 3131 426 3171 η
449 3111 470 3172 l,
490 3128 518 3177 q.
539 3108 708 3173 llllllllllll,
728 3130 754 3167 a.
775 3116 791 3166 3
811 3115 844 3166 ad
862 3115 890 3164 Ξ.

87 3185 95 3219 ¹
116 3178 154 3235 Cf
171 3184 299 3247 Duram„
319 3198 345 3235 o.
367 3182 412 3243 lv,
433 3200 460 3236 a.
481 3186 508 3244 5,
529 3199 557 3249 p.
581 3186 644 3235 ul.

87 3254 101 3291 ¹
122 3254 144 3314 l,
167 3270 195 3319 q.
215 3250 382 3316 lxxxviii,
403 3270 429 3306 ι.
451 3257 467 3307 3
486 3258 519 3306 ad
541 3255 618 3307 l.-³
637 3256 658 3315 l,
678 3273 706 3322 q.
726 3254 786 3319 llll,
806 3274 833 3310 ι.
855 3258 884 3307 ll
907 3256 941 3306 ad
960 3254 987 3305 3.

85 3325 97 3363 ἱ
119 3346 132 3373 ι
153 3324 221 3385 Nor,
234 3328 272 3378 alt
285 3340 308 3377 a.
323 3323 449 3387 Thomas,
469 3330 549 3380 aliter
566 3326 651 3379 Deum
667 3334 759 3380 notum
778 3332 877 3382 habere
897 3342 948 3380 nou
968 3340 1119 3391 possumus,

51 3400 102 3450 niti
119 3412 155 3449 ex
175 3401 305 3449 creaturis
318 3402 351 3455 ad
369 3398 435 3451 llius
454 3403 576 3451 notitiam
595 3403 732 3453 veniamus
754 3423 765 3449 ι
786 3400 848 3471 (Qq.
867 3404 966 3468 dlrpp„
986 3402 1024 3453 De
1047 3402 1119 3459 Vm,

52 3486 79 3533 q.
101 3468 200 3529 1v111.
221 3486 248 3521 a.
268 3471 284 3521 2
305 3486 344 3531 c.;
359 3473 474 3532 cruta„
488 3475 543 3523 Μ
566 3473 598 3523 ad
622 3474 646 3530 l.
666 3478 693 3524 et
715 3474 734 3535 l,
754 3490 782 3541 q.
802 3470 970 3533 llllllVllL
991 3486 1017 3523 a.
1038 3470 1118 3541 dc).

52 3544 141 3607 arque
155 3557 180 3594 a.
193 3540 389 3595 bonaventura:
406 3564 417 3591 ι
434 3540 602 3610 conoscere
623 3542 706 3596 baum
726 3562 773 3611 per
791 3554 942 3599 creaturam
960 3550 1002 3598 est
1019 3548 1120 3597 elevari

52 3628 68 3663 ι
86 3616 240 3679 cognitione
254 3621 392 3668 creaturae
412 3618 444 3668 ad
464 3619 642 3683 cognltionem
656 3616 714 3677 Dei,
729 3622 803 3683 quasi
816 3635 863 3684 per
876 3621 978 3670 scalam
991 3620 1118 3677 mediam,

51 3692 78 3747 c}
98 3687 151 3739 hoc
170 3692 212 3740 est
230 3691 335 3753 proprie
355 3692 486 3742 victorum
502 3710 528 3755 ’3
548 3693 580 3745 lu
599 3692 644 3743 lit.
664 3694 779 3757 lSeut,
799 3690 866 3749 um.
888 3690 933 3754 lll,
955 3709 982 3757 p.
1003 3690 1025 3754 l,
1045 3706 1071 3743 a.
1090 3693 1117 3750 l,
