2475 3909
368 203 556 252 renoscere
583 205 775 284 uertentis
1003 186 1064 254 i03

50 283 131 381 uenti
154 306 173 350 o
195 284 370 382 Benedicio
391 289 527 384 Spinosn
555 287 729 373 repetenda
752 286 835 363 θεῖ’,
858 283 913 372 qui
940 307 977 352 eo
999 307 1108 352 omues

50 387 100 430 sus
120 369 242 452 ingenit
270 389 385 433 nervos
414 368 576 446 tutundit,
600 381 637 436 ut
657 370 817 454 integrum
848 368 1039 454 pantheismi
1062 390 1110 456 sy·

51 450 376 598 {effluxionem
405 452 437 515 in
465 471 523 516 suo
543 471 668 536 opere,
691 450 806 519 Eiiioo
824 452 1005 532 yeometrt'eo
1026 471 1109 514 more

52 790 99 840 mii
116 788 258 851 perfectam
278 801 369 838 rerum
388 789 565 850 cognitionem
590 791 672 841 menti
698 790 830 843 homanse
848 803 881 842 cx
899 794 1029 856 myrtho,
1056 789 1111 838 siro

51 875 145 912 arcens
164 861 279 925 quedem
297 862 354 912 ciue
372 873 434 910 cum
456 858 509 912 iieo
528 862 624 914 unione
643 863 779 915 obvenire.
797 861 906 914 Echarti
919 872 1021 913 errores
1037 859 1111 911 ioan-

52 947 98 985 nes
117 931 186 984 tttttt
205 934 339 984 damnarit
352 930 427 983 Boiis
442 936 471 982 in
484 949 548 997 noro
562 937 699 986 Dominioo
712 950 756 987 en.
773 936 853 987 ¹330.
867 933 949 986 Mutia
965 935 1110 996 iregmcntu

53 1008 85 1058 ad
103 1007 158 1056 eius
176 1007 322 1056 doctrinam
337 1007 532 1067 intciiigendam
545 1014 692 1071 opportune
706 1009 795 1060 sidero
808 1008 930 1072 estepud
943 1002 1032 1058 Caroi.
1048 1003 1113 1056 Sch-

54 1079 131 1135 midt,
151 1080 192 1129 iio
210 1081 365 1142 mendcium
383 1079 514 1128 oiicmond
531 1095 566 1131 oo
584 1083 649 1132 xiv
666 1080 753 1139 sie'cie,
773 1083 841 1131 inter
860 1083 1008 1132 Commenti-
1028 1079 1111 1129 deod.

54 1150 140 1204 Poris.
161 1165 187 1201 ι.
204 1148 237 1209 ΙΙ,
257 1153 369 1202 Soconts
387 1149 485 1213 draeo.
507 1150 576 1202 Puris
598 1153 678 1203 itttt.
700 1151 753 1203 ium
773 1153 950 1217 mysticismus
969 1165 1030 1202 cum
1051 1164 1113 1213 pan-

52 1225 164 1273 theismo
183 1223 324 1285 coiiigatur
345 1219 395 1290 (cs
409 1220 538 1281 Franirius
549 1259 557 1283 ,
578 1227 617 1275 Dc
640 1226 665 1276 io
687 1227 824 1284 certitudo,
843 1227 959 1288 iioppori
977 1221 994 1274 ἁ
1013 1223 1112 1274 i‘dcod.

54 1302 121 1350 etc..
142 1294 214 1345 Paris
234 1294 335 1361 tutti.
356 1291 471 1345 Eisone
490 1292 693 1358 Neontetontct,
717 1311 777 1347 curu
802 1309 955 1359 persuasum
975 1296 1115 1345 habuerint

54 1374 170 1419 suentem
190 1367 334 1417 humanam
353 1379 410 1417 csse
428 1373 618 1419 emanationem
637 1368 743 1420 Divinas
763 1369 935 1428 substantioe,
957 1369 1015 1417 inde
1034 1367 1114 1418 coiie-

53 1445 149 1506 gerunt
167 1442 250 1503 ipsam
269 1444 327 1488 tum
346 1453 436 1489 rorem
456 1441 633 1503 cognitionem
657 1441 787 1505 adipisci,
814 1455 876 1492 oum
898 1453 924 1491 se
943 1452 999 1490 esee
1019 1451 1114 1496 unum,

51 1519 80 1564 et
100 1514 167 1562 idem
186 1526 248 1562 cum
269 1509 360 1561 Dirine
385 1513 528 1562 substantie
555 1515 708 1577 cognoscit,
735 1519 815 1578 atque
841 1515 865 1565 iu
891 1513 941 1562 hee
966 1513 1113 1575 cognitione

51 1586 265 1636 coniunctionem
284 1586 342 1633 eius
360 1598 423 1634 eum
442 1582 497 1636 Deo
516 1591 627 1647 ponunt.
648 1585 847 1649 Philosophiam
871 1591 961 1636 autom
986 1586 1034 1635 iste
1058 1597 1116 1647 my-

55 1659 188 1709 sticismus
207 1669 269 1706 cum
289 1658 452 1719 mysticiemo
475 1658 608 1708 catholico
630 1658 829 1709 confundendus
847 1671 898 1707 non
917 1662 966 1708 est.
988 1655 1055 1715 iiic,
1075 1669 1116 1706 su·

51 1730 169 1782 cendum
189 1725 285 1780 Sacrae
304 1727 474 1792 Scripturse,
493 1734 521 1779 et
540 1725 696 1782 'traditionis
715 1732 878 1790 doctrinam,
905 1743 919 1781 a
940 1743 975 1780 ss.
997 1728 1116 1780 Patribus

49 1804 205 1866 expositus,
225 1807 253 1851 et
272 1800 439 1861 inculcatus,
464 1804 571 1853 saeculo
590 1801 625 1854 tt
645 1818 692 1866 per
710 1803 775 1854 duos
797 1801 944 1855 Victorinus
966 1799 1114 1864 hugonem.

51 1883 81 1927 et
100 1870 259 1927 Iliehardum
283 1875 410 1924 scientiae
433 1875 547 1924 formem
570 1877 694 1938 accepit,
714 1881 742 1926 et
759 1875 904 1926 secundum
929 1871 1115 1938 Areopagitum

52 1948 187 2011 molceio
205 1950 311 2010 mystice
329 1947 399 1996 dicta
419 1944 480 1996 init.
496 1945 615 1998 iumrero
635 1949 765 2012 theologie
779 1949 889 2012 mystice
903 1946 979 1997 docet
992 1947 1117 1996 unionem

52 2033 181 2071 arcanam
199 2033 261 2068 cum
282 2015 345 2077 neo,
359 2031 441 2082 quam
460 2020 565 2070 animae
583 2026 691 2071 unctae
709 2021 867 2085 quandoque
886 2020 912 2070 in
931 2019 981 2071 huo
1000 2019 1053 2069 vite
1073 2031 1115 2068 as-

54 2097 213 2157 sequuntur,
233 2103 290 2140 esse
308 2092 407 2141 donum
426 2094 628 2154 supernaturale
647 2098 674 2143 et
692 2093 938 2151 extraordinarium,
959 2092 1029 2155 quod
1047 2087 1118 2140 Deus

52 2166 118 2228 ipsis
138 2164 258 2226 tergitur,
278 2163 310 2212 sd
330 2176 442 2227 eamque
456 2165 557 2214 enimes
570 2178 617 2228 per
629 2171 705 2217 actus
717 2167 932 2228 supernatantes
946 2161 1029 2222 treet,
1044 2159 1115 2226 Spei,

51 2243 82 2288 et
103 2232 245 2288 Chsritstie
265 2237 413 2296 pervenire.
432 2233 469 2290 Er
489 2237 585 2299 quihus
599 2237 740 2288 conficitur
755 2257 765 2284 ι
782 2233 950 2300 'l'heoiogiam
964 2237 1116 2300 mysticam,

57 2315 88 2360 ut
107 2311 145 2359 cii
164 2307 192 2359 P.
213 2303 380 2368 Cordierius,
402 2313 456 2359 tum
476 2309 665 2360 insubstantia
691 2324 759 2368 sue,
782 2323 863 2373 quam
883 2310 909 2358 tn
930 2308 1006 2357 modo
1027 2319 1118 2371 proce·

51 2380 145 2441 dendi,
162 2393 221 2431 esse
239 2381 479 2442 supernaturalem,
500 2382 629 2444 siquidem
649 2387 675 2432 et
694 2383 822 2447 principia
841 2383 910 2441 eius,
930 2384 957 2431 et
976 2381 1072 2438 medie,
1092 2387 1118 2428 ot

52 2455 125 2514 fluis,
144 2458 172 2502 et
192 2454 217 2502 in
237 2452 308 2502 hunc
327 2453 449 2503 tendendi
469 2455 561 2504 modus
579 2461 691 2505 naturae
710 2456 790 2513 vires,
809 2459 889 2519 atque
907 2452 1026 2503 ordinem
1046 2453 1117 2516 peni·

51 2534 99 2579 tus
118 2525 308 2577 transcendunt
324 2543 335 2570 ι
353 2521 472 2595 (ireneus
489 2529 525 2576 od
541 2529 679 2591 Muttinem
698 2528 866 2592 Theoiooiom,
888 2524 973 2576 Praei.
997 2525 1029 2574 ed
1050 2527 1117 2588 οιιρ.

51 2614 77 2650 r.
94 2599 217 2662 Dicendi
234 2598 414 2662 Areopcoitec,
434 2599 488 2649 roi.
503 2595 524 2657 i,
546 2596 651 2649 Potitiis
671 2597 763 2666 titii),
783 2613 844 2649 cum
865 2599 1043 2663 mysticismus
1062 2596 1119 2660 phi·

51 2670 210 2734 iosephicus
227 2669 294 2720 haec
312 2672 400 2721 emnia
420 2685 467 2735 pro
485 2671 648 2722 naturatibus
661 2671 766 2722 hebeat.
782 2670 958 2735 iiiysticismus
973 2668 1120 2722 catholicus

52 2743 204 2796 secundum
218 2742 372 2793 methodum
385 2743 598 2808 psychoiogicsm
612 2744 741 2808 procedit;
755 2745 883 2808 siquidem
898 2741 1000 2806 Mystiei
1014 2742 1119 2798 docent,

51 2816 212 2884 animss'ed
230 2828 293 2864 eum
312 2817 539 2879 superneturaicrn
559 2821 657 2867 statum
677 2829 724 2880 per
742 2817 965 2867 considerationes
986 2813 1120 2865 affectiree

52 2889 225 2940 directorum
242 2900 370 2950 generum
389 2903 490 2946 rerum,
510 2893 647 2951 tamquam
666 2902 713 2952 per
730 2890 842 2952 gradus,
861 2887 1020 2945 escendere,
1041 2893 1121 2950 sique

49 2965 82 3012 in
102 2961 190 3024 primo
208 2960 291 3023 gradu
309 2973 391 3024 genos
403 2963 539 3012 consitium
555 2966 655 3023 ponunt
668 2957 732 3030 (rid.
748 2974 769 3011 s.
785 2957 941 3018 licuerunt„
957 2961 1121 3009 itinerarium

50 3035 150 3085 menna
168 3034 204 3085 od
224 3035 324 3091 osum,
344 3048 370 3083 c.
393 3035 403 3083 i
425 3038 454 3085 et
473 3030 513 3102 Ξ).
539 3028 691 3084 Tacendum
716 3038 805 3084 autom
831 3047 883 3083 neo
908 3037 968 3091 est,
993 3031 1121 3094 quosdam

49 3107 196 3168 theotocos
213 3111 240 3155 et
259 3105 371 3164 medice,
385 3110 412 3155 et
426 3107 540 3157 recentis
559 3107 654 3157 aciatis
673 3109 867 3172 mysticismum
885 3105 1047 3154 catholicum
1067 3104 1122 3154 ioe-

50 3179 115 3236 ‹iis‚
135 3181 184 3228 aut
201 3178 296 3226 saitem
316 3176 389 3228 ieisis
408 3177 573 3242 dogmatibus
592 3181 761 3242 corrupisse3
781 3189 884 3242 exque
903 3177 1124 3241 promo-mystici-

49 3263 141 3308 smus,
161 3251 215 3301 aive
234 3249 414 3313 mysticismus
431 3253 600 3303 heterodoxos
618 3255 714 3301 estitit.
731 3249 802 3301 Haec
820 3253 934 3299 monitos
954 3250 1060 3298 iuvenes
1078 3261 1124 3297 ro-

52 3324 172 3382 tuimos,
192 3323 253 3386 quie
273 3320 393 3387 pictique
405 3323 523 3375 hodierni
537 3318 726 3374 Rationalistse
739 3323 853 3379 nuiium,
867 3322 937 3386 quod
951 3323 989 3372 rei
1003 3321 1124 3371 substen-

51 3397 125 3445 tism
144 3395 248 3453 attinet,
269 3395 410 3447 discrimen
430 3399 499 3447 inter
518 3399 712 3459 mysticismum
731 3396 947 3461 ettiosopttcem,
968 3396 1036 3445 inter
1054 3393 1123 3444 chri-

50 3469 175 3519 stianum
194 3468 373 3526 orthodoeum,
393 3472 420 3519 ci
438 3470 508 3520 inter
525 3469 699 3520 christianum
719 3471 900 3521 decretionem
917 3472 1073 3530 agnoscunt.

95 3539 105 3576 ¹
127 3536 284 3590 iicnedietus
303 3536 411 3603 Spinoee
431 3541 622 3593 dmsteiodami
642 3539 801 3593 Batavorum
821 3545 899 3590 natus
917 3541 1025 3590 sueeuio
1040 3533 1124 3598 xvii,

53 3612 197 3663 iudaicam
216 3613 312 3676 primo,
332 3613 424 3665 deinde
444 3609 633 3676 Christianam,
650 3615 751 3666 nutism
771 3612 876 3665 tandem
890 3608 1052 3677 fleiigiouem
1065 3623 1124 3676 nro-

48 3687 145 3737 fessus
163 3691 213 3737 est.
234 3682 360 3750 Spiuosac
382 3685 507 3739 terdenus
525 3685 614 3740 Bruno
633 3687 741 3742 sueouio
761 3683 821 3745 XVI
840 3687 997 3797 praelusisse
1009 3685 1124 3744 ridetur.
