2475 3909
141 168 197 231 lah
507 183 737 230 urnaarraaara

98 269 157 335 aas
178 268 361 344 concurrit,
386 287 503 352 easque
524 289 635 333 omnes
657 270 689 333 in
712 289 745 333 se
769 268 902 353 recipit,
924 266 993 350 ipse
1016 266 1163 329 omnium

96 373 249 416 sensuum
273 351 480 436 propriorum
502 352 699 416 sensationes
720 348 951 436 apprehendit,
964 357 995 412 el
1009 348 1087 432 qnia
1101 347 1164 411 bae

96 435 295 500 sensationes
318 442 393 497 sunt
413 431 570 508 diversae,
585 453 696 497 sensus
717 433 898 496 communis
912 450 952 495 eo
972 431 1054 514 ipso,
1075 425 1165 514 quod

97 517 191 586 simul
217 515 288 580 illas
309 516 443 600 excipit,
466 536 581 580 earum
602 515 802 581 differentias
822 513 987 599 cognoscit
1002 513 1025 574 ¹.

430 640 496 690 hur.
512 639 582 692 Vlll.
593 641 669 692 -lle
689 641 828 694 phantasia

137 758 188 819 77.
214 753 414 828 Plaetorios,
438 753 505 818 sive
528 750 762 836 imaginationis
784 754 914 819 nomine
931 773 948 815 a
965 751 1167 850 Philosopbis

99 838 153 901 illa
177 835 312 902 facultas
334 834 449 901 donata
472 846 535 912 est,
558 855 622 921 qua
644 837 750 902 anima
772 856 883 901 rerum
905 835 1072 898 sensilium
1096 854 1167 900 ram

96 919 370 1005 apprehensarum
400 918 558 1015 imagines
585 918 746 995 retinere,
768 929 802 983 et
822 916 885 982 sibi
915 926 1165 1012 repraesentare

98 1011 202 1086 potest
215 1001 239 1064 ².
263 1000 357 1077 Quod
379 1001 405 1064 si
429 1021 535 1064 amma
570 1020 629 1086 per
649 1001 848 1086 phantasiam
877 999 1020 1084 percipit
1048 1000 1168 1083 imagi·

97 1105 170 1148 nem
192 1083 262 1158 rei,
288 1102 350 1147 non
374 1103 442 1146 rem
466 1083 580 1167 ipsam,
597 1103 678 1167 opus
698 1083 727 1146 ei
745 1103 807 1146 non
830 1092 879 1147 est
901 1080 1083 1165 praesentia
1098 1082 1165 1155 rei,

97 1177 133 1231 ut
154 1167 249 1230 istam
273 1165 480 1250 imaginatum
503 1185 603 1250 quare
619 1184 677 1249 per
692 1165 891 1250 phantasiam
906 1183 958 1226 res
973 1173 1041 1228 tum
1063 1165 1165 1228 etiam

97 1247 327 1331 imaginamur,
350 1267 424 1310 cum
446 1247 504 1310 bae
529 1267 549 1310 a
572 1245 720 1313 sensibus
746 1258 889 1313 remotae
916 1254 1012 1323 sunt,
1041 1243 1120 1310 (lum
1141 1267 1163 1309 e

96 1329 260 1394 contrario
272 1328 418 1392 sensibus
435 1327 587 1414 propriis,
602 1340 636 1394 et
650 1350 743 1395 sensu
765 1327 931 1396 communi
953 1348 1005 1391 res
1021 1349 1086 1392 non
1107 1346 1167 1413 ap-

97 1409 336 1506 prehendimus,
360 1411 421 1475 nisi
446 1411 504 1476 bae
519 1410 623 1506 ‚nohis
643 1410 759 1490 adsint,
781 1411 860 1498 quia
882 1430 942 1496 per
962 1409 1039 1476 istas
1061 1407 1167 1475 facul-

97 1505 175 1562 tates
196 1513 249 1557 res
271 1512 358 1577 rpsas
379 1513 417 1556 co
441 1513 611 1558 noscamus.

137 1579 189 1643 78.
214 1576 311 1658 Prop.
337 1573 383 1639 1⁸.
408 1513 583 1639 ltanrasta
604 1585 649 1639 est
669 1575 802 1658 facultas
824 1573 965 1639 sentiens.

137 1656 304 1723 Probatur.
328 1656 499 1732 Facultas,
522 1676 604 1741 quae
637 1657 723 1722 cirea
755 1679 805 1721 res
837 1654 971 1721 sensiles
993 1665 1164 1734 versatur,

94 1760 178 1824 quae
201 1740 235 1803 in
256 1747 341 1804 statu
363 1738 481 1802 somnii
505 1750 688 1817 exercetur,
711 1749 743 1806 et
764 1759 846 1825 quae
867 1739 901 1802 in
923 1735 1042 1803 belluis
1062 1740 1166 1804 etiarn

96 1825 193 1899 inest,
217 1843 278 1887 uon
301 1831 349 1887 est
370 1821 577 1900 intellectrix,
600 1823 653 1886 sed
679 1823 834 1897 sentieus3
858 1820 935 1905 quia
957 1841 1009 1884 res
1028 1821 1167 1888 sensiles

96 1915 170 1971 sunt
184 1903 346 1968 obiectum
362 1923 484 1978 sensus3
500 1905 532 1967 in
548 1915 632 1972 statu
646 1904 762 1969 somnii
777 1914 883 1967 autem
898 1902 1077 1968 intellectus
1090 1925 1166 1990 pro·

97 1988 168 2073 prio
190 2007 252 2050 nou
275 1997 460 2064 exarcatum
484 1986 610 2052 belluae
625 1986 766 2082 deniqne
784 1984 946 2051 intellectu
968 1997 1089 2052 carent.
1107 1991 1165 2051 At-

95 2070 154 2153 qui
176 2080 299 2133 certum
321 2079 369 2134 est
391 2086 448 2132 nos
470 2069 599 2132 sensilia
623 2069 806 2152 imaginari,
832 2078 998 2153 praeterea
1014 2089 1066 2132 res
1082 2068 1164 2133 ima-

95 2150 202 2235 ginari
226 2169 288 2212 non
311 2148 415 2215 solnm
438 2171 511 2214 cum
533 2150 719 2236 vigilamus,
742 2149 918 2216 sedetiam
945 2172 1020 2215 cum
1040 2149 1166 2215 dormi-

96 2252 191 2309 mus,
214 2230 354 2314 denique
383 2251 446 2294 non
470 2231 565 2295 modo
588 2232 758 2307 homines,
779 2230 834 2297 sed
861 2233 957 2296 etiam
981 2232 1104 2298 belluas
1126 2235 1162 2298 ri

96 2311 299 2399 imaginandi
322 2312 464 2399 pollere,
488 2333 561 2377 nam
584 2314 667 2388 hae,
690 2315 751 2378 nisi
777 2315 808 2379 vi
832 2313 991 2399 pollerent
1019 2314 1081 2380 sibi
1110 2333 1163 2378 re-

96 2393 319 2479 praesentandi
353 2414 403 2459 res
437 2394 568 2460 sensiles
593 2417 610 2458 a
633 2396 782 2462 sensibus
813 2395 880 2460 suis
912 2409 1073 2474 remotas,
1095 2416 1161 2460 nou

96 2488 226 2565 possent
247 2499 284 2543 ea
308 2477 486 2564 inquirere,
509 2498 593 2576 quae
615 2481 701 2545 vitae
716 2501 794 2545 suae
809 2478 1049 2547 accommodata
1073 2487 1162 2554 sunt,

95 2579 154 2626 nea
176 2581 214 2626 ea
235 2562 348 2636 vitare,
364 2581 448 2646 quae
464 2562 544 2647 ipsis
560 2559 687 2627 obsunt.
705 2563 793 2649 Ergo
808 2559 944 2628 lacoltas
959 2559 1163 2646 imaginandi

95 2663 160 2708 non
182 2653 230 2708 est
252 2643 460 2718 intellectus,
486 2641 539 2708 sed
562 2643 714 2709 sentiens.

135 2727 185 2791 79.
210 2725 372 2802 Quoniam
390 2736 496 2790 autem
513 2724 679 2811 phantasia
693 2736 742 2790 est
755 2723 892 2791 facultas
912 2724 1063 2801 sentiens,
1085 2744 1165 2788 con-

93 2808 244 2892 sequitur
271 2806 374 2871 isam
402 2827 470 2872 esse
498 2807 684 2875 facultatem
706 2809 915 2894 organicam,
960 2827 1022 2872 uae
1044 2827 1163 2893 nempe

118 2909 154 2954 er
175 2827 306 2974 eliquob
335 2907 492 2976 organum
524 2890 676 2976 corporis
708 2901 890 2956 exercetur.
953 2909 1005 2955 rnc
1027 2887 1079 2964 fit,
1099 2899 1161 2964 nt,

94 2910 182 3037 besa
203 2969 351 3047 cerebm,
374 2972 517 3037 actiones
540 2974 726 3058 phantasiae
752 2984 808 3041 ant
829 2971 1081 3060 perturbentur,
1104 2981 1164 3036 aut

93 3053 230 3120 omnino
252 3062 385 3130 cessent,
408 3063 440 3118 et
461 3055 603 3120 vicissim
626 3075 665 3119 ex
688 3057 800 3135 nimia,
815 3067 849 3123 et
862 3057 958 3142 longa
973 3053 1161 3141 phantasiae

96 3137 329 3202 exercitatione
351 3134 523 3202 cerebrum
545 3135 753 3222 defatigetur.

136 3219 187 3287 80.
211 3219 308 3314 Prop.
331 3217 379 3281 2¹.
402 3219 461 3284 llas
483 3221 605 3286 sensiles
635 3220 676 3284 ad
703 3221 904 3306 phantasiam
924 3239 982 3304 per
1002 3215 1161 3303 qaorttita-

94 3313 157 3367 ram
175 3321 304 3386 proprie
324 3303 518 3384 reseruntur.
649 3385 657 3399 ·
709 3386 716 3399 υ
762 3383 770 3399 ·
851 3384 858 3399 α
924 3383 931 3400 ο
992 3381 1029 3397 ..

137 3385 305 3450 Probatur.
329 3383 401 3450 Non
424 3404 594 3469 possumus
616 3383 739 3468 aqumd
760 3404 946 3469 imaginari,
969 3403 1033 3448 nrsr
1050 3387 1160 3468 quate·

135 3571 143 3608 ¹
166 3564 202 3620 Εἰ
215 3583 237 3620 s.
261 3567 374 3628 bonav„
396 3569 534 3633 Campana.
555 3567 631 3618 theol.
650 3581 717 3625 cer„
736 3565 784 3617 lib.
804 3563 839 3628 ll,
859 3580 885 3617 c.
905 3565 950 3617 36.

131 3637 199 3697 ter
214 3659 236 3692 a.
257 3637 364 3702 Thom,
388 3641 414 3693 Ρ
433 3640 484 3702 2¹²,
503 3654 532 3708 q.
552 3637 612 3701 xv,
632 3651 659 3692 a.
682 3640 693 3690 l
715 3654 741 3691 a.
