2475 3909
493 176 747 228 currsarorooia
1046 159 1109 223 271
1187 163 1191 170 ’

122 255 194 325 109.
218 258 254 322 ln
277 256 479 355 philosophia
499 262 636 337 recenti,
652 270 724 346 post
737 258 929 326 michaelem
943 258 1151 339 Montanum,

79 338 292 403 Franciscum
315 339 492 417 Sanctrum,
518 342 749 418 Fencherium,
772 342 854 406 aiios
880 363 932 417 ue,
956 360 1153 406 commemo·

78 419 176 485 randi
222 421 375 506 raecipue
396 431 472 487 sunt
491 422 605 487 Petrus
634 423 794 509 liayieus,
816 434 849 489 et
900 419 975 487 aviii
998 422 1152 488 Humins.

79 502 165 566 Nam
215 501 323 588 ayieus
352 503 385 566 in
414 522 472 567 suo
493 504 691 568 Dictionnrio
720 503 994 569 historico-critico
1021 504 1152 583 omnia,

80 593 244 667 quotquot
265 592 351 660 sunt,
374 583 556 669 Religionis
576 585 777 652 Christianae
798 585 840 650 (lo
897 597 962 662 aia,
1031 584 1157 650 ariora·

80 686 146 748 que
166 666 321 732 historiae
335 677 450 731 eventa
464 665 738 743 cavillationibus,
753 678 788 732 et
800 665 846 733 dn
870 667 994 734 itaiioni
1020 686 1058 731 us
1080 687 1156 732 con-

81 746 203 812 vellere
218 758 352 813 conatus
366 758 426 825 est3
443 757 540 833 atque
556 748 709 824 Humius,
724 747 860 815 suhiatis
873 747 1063 815 notionibus
1082 746 1156 814 suh·

82 830 233 905 stantiae,
256 837 290 893 et
310 848 438 907 causae,
460 850 544 914 qnae
559 837 634 895 sunt
648 829 815 915 potissima
829 832 988 896 humanae
1002 832 1156 896 scientiae

83 909 309 987 fundamenta,
332 921 430 979 totam
455 912 559 996 ipsam
582 912 752 976 scientiam
774 913 917 978 sustulit.

125 992 198 1057 110.
222 992 304 1056 lieni
328 1014 371 1059 ue
392 1004 499 1059 nostra
521 1002 625 1059 aetate
655 993 885 1078 Scepticismus
913 992 1067 1069 criticus,
1088 992 1157 1059 sive

83 1074 298 1137 transcendent
331 1076 359 1138 ir
391 1075 426 1139 in
458 1094 587 1141 scenam
622 1074 756 1160 prodiit.
780 1075 860 1141 Eius
882 1094 997 1160 parens
1016 1074 1159 1140 Kantius

84 1154 225 1220 habetur
239 1154 262 1217 ¹.
279 1155 349 1251 lpse
371 1178 435 1222 non
459 1157 565 1222 solum
585 1155 627 1221 de
647 1178 757 1222 rerum
779 1166 872 1221 extra
895 1176 952 1220 nos
978 1158 1158 1251 positarum

83 1248 202 1302 natura
223 1235 440 1303 dubitandum
460 1259 528 1303 esse
550 1240 700 1316 censuit,
724 1237 780 1303 sed
802 1240 900 1303 etiam
921 1236 961 1302 de
983 1238 1063 1322 ipsis
1083 1237 1160 1303 alie·

84 1318 251 1384 ctionihns
271 1318 383 1396 animi,
400 1330 510 1406 atque,
526 1322 614 1386 omni
631 1320 835 1405 experientia
849 1321 919 1385 sive
935 1318 1075 1397 interna,
1090 1320 1158 1385 sive

84 1414 222 1466 externa
245 1410 363 1477 amota,
383 1400 550 1547 inquirere
565 1414 701 1467 conatus
714 1414 774 1480 est,
789 1400 910 1487 quihus
929 1399 1048 1465 mediis
1061 1421 1159 1548 appa-

85 1485 193 1549 rentie
216 1482 330 1558 nostri,
348 1504 425 1547 mun
449 1482 523 1567 ique
536 1480 710 1558 sensibilis,
726 1494 759 1547 et
774 1504 884 1548 rerum
899 1480 1075 1567 inteiligihi
1091 1485 1159 1548 ium

84 1563 179 1629 ideae
202 1566 235 1628 in
250 1564 360 1628 animo
373 1575 482 1631 nostro
502 1564 696 1631 exoriantur
708 1567 733 1629 ².
747 1566 838 1629 lianc
854 1564 1097 1649 inquisitionem
1112 1564 1161 1627 in-

85 1646 224 1712 stituens
244 1644 404 1716 conclusit
425 1667 484 1712 nos
506 1666 612 1731 neque
629 1668 687 1743 per
705 1647 954 1722 conscientiam,
977 1665 1080 1729 neque
1103 1667 1161 1731 per

8 1804 13 1817 ι
86 1748 201 1793 sensns
227 1727 425 1805 exteriores,
438 1749 544 1814 neque
560 1748 619 1813 per
634 1728 847 1805 intellectum,
864 1748 968 1812 neque
983 1747 1041 1812 per
1062 1729 1162 1793 ratio-

87 1830 163 1875 nem
192 1810 404 1877 theoreticam
428 1832 519 1897 posse
541 1831 735 1895 cognoscere
761 1831 825 1887 res,
849 1822 946 1895 prout
965 1809 999 1873 in
1014 1828 1047 1872 se
1062 1809 1161 1875 reales
1183 1829 1189 1835 ·

88 1899 179 1969 sunt,
199 1892 255 1957 sed
284 1902 409 1957 tantum
454 1914 491 1957 er
515 1893 673 1958 rationem
728 1893 870 1967 osticam,
886 1909 970 1975 quae
979 1892 1159 1985 principia,

88 1984 122 2041 et
137 1972 226 2061 leges
242 1994 370 2038 morum
386 1914 480 2040 nolis
494 1973 651 2061 suggerit.
695 1976 797 2040 tenim
813 1976 1009 2039 conscientia
1023 1972 1162 2039 homini·

89 2056 153 2123 hus
174 2054 361 2123 manifestat
376 2058 576 2143 principium
599 2054 683 2141 legis
706 2056 851 2131 moralis,
875 2064 1040 2142 tamquam
1060 2055 1163 2143 impe·

88 2139 233 2204 rativnm
249 2136 446 2213 ahsolutum,
461 2150 571 2223 atque,
584 2158 659 2202 cum
674 2138 761 2205 istud
778 2140 822 2203 sit
834 2138 968 2221 sactum,
985 2133 1073 2234 quoii
1088 2156 1162 2203 con·

91 2222 230 2287 scientie
251 2219 421 2287 evidenter
447 2220 645 2297 manifestat,
668 2220 857 2297 obiectus,
880 2228 976 2305 atque
996 2215 1163 2284 indemon-

92 2302 220 2369 strahiii
244 2302 441 2369 certitudine
485 2302 594 2369 audet.
611 2302 679 2366 iam
694 2302 849 2389 qnoniam
864 2300 918 2366 lex
940 2299 1072 2366 moralis
1092 2304 1163 2366 sine

91 2385 244 2453 libertate
265 2383 441 2451 voluntatis
462 2324 635 2460 humanae,
654 2384 896 2451 immortalitate
918 2384 1115 2459 animorum,
1131 2391 1165 2449 et

90 2468 266 2537 existentia
288 2464 350 2531 Dei
373 2465 445 2532 dari
468 2466 592 2552 nequit,
609 2465 687 2530 haec
710 2467 773 2532 trin
794 2466 956 2551 dogmata,
979 2467 1041 2531 etsi
1065 2464 1163 2531 nuliis

90 2574 129 2618 ar
177 2550 295 2617 mentis
317 2550 451 2615 rationis
466 2548 661 2615 theoreticae
676 2547 808 2633 probari
824 2558 955 2646 queant,
981 2567 1041 2646 pro
1062 2548 1164 2613 certis

92 2636 133 2701 ha
158 2632 242 2700 enda
265 2642 353 2710 sunt,
369 2640 532 2729 tamquam
552 2630 709 2715 postulatu
730 2631 866 2697 rationis
888 2638 1071 2714 practicae,
1093 2630 1162 2695 sive

91 2718 270 2804 dogmate,
292 2736 375 2803 quac
398 2725 482 2780 ratio
505 2714 649 2799 practica
670 2713 853 2778 necessario
875 2710 1062 2797 expostulat
1085 2713 1107 2774 ³.

131 2922 139 2959 Ι
161 2914 197 2971 Ct‘
214 2921 307 2976 ideal..
328 2934 355 2972 c.
375 2917 396 2977 l,
418 2932 443 2969 s.
464 2920 493 2977 4,
513 2933 540 2980 p.
555 2916 620 2968 200.

127 2993 142 3030 ²
161 2990 236 3042 liano
254 2992 288 3040 oh
308 2993 437 3041 rationem
455 2990 606 3040 huiuamodi
620 2988 811 3053 Sceptichmus
824 2993 910 3046 dictus
922 3002 962 3048 est
975 3001 1086 3056 criticen,
1101 3000 1165 3062 quia

39 3088 42 3092 ¹
93 3064 211 3119 liantius
228 3063 262 3112 ah
281 3063 451 3126 inquisitione
464 3058 547 3131 (crist)
563 3061 723 3112 facultatum
744 3065 849 3115 animae
869 3066 955 3130 ipsum
974 3071 1075 3129 ederim
1093 3079 1166 3120 tron-

95 3135 269 3189 rcencisntniis
287 3141 399 3195 autem,
424 3138 487 3198 quir
508 3135 534 3183 in
553 3132 605 3184 hoo
624 3135 746 3185 examina
770 3137 932 3190 instituendo
955 3153 1062 3191 omnem
1086 3155 1166 3207 expe-

95 3210 222 3262 rientiam
243 3208 377 3260 transilire
395 3202 608 3275 (transcendero)
628 3210 740 3257 conatus
758 3212 810 3257 est.

132 3282 145 3321 ³
163 3280 220 3333 iloo
238 3281 399 3345 scepticismi
419 3292 501 3343 genus
519 3292 571 3329 non
582 3280 670 3342 pauci
690 3275 847 3331 Germaniae
861 3279 1010 3345 Philosophi
1030 3285 1070 3335 rei
1091 3298 1168 3347 pror-

94 3370 161 3417 sus,
183 3355 225 3405 rei
245 3355 385 3417 paulutum
411 3353 552 3403 immutata
572 3352 674 3402 ratione
694 3351 754 3400 initi
773 3357 855 3410 sunt,
880 3356 958 3417 eique
977 3369 1010 3405 ex
1027 3369 1057 3405 es
1079 3362 1165 3418 porte,

94 3442 149 3492 qua
169 3428 305 3479 criterium
319 3427 401 3479 reris
418 3426 518 3475 rationo
532 3427 651 3487 practica
665 3424 772 3486 repetit.
788 3426 813 3473 in
827 3422 913 3477 Gaiiis
928 3428 1035 3478 titarnnt
1049 3424 1166 3484 tincher,

94 3504 187 3553 Breuis
205 3501 274 3550 ti'un
293 3502 368 3551 tratti
386 3499 493 3562 complet
511 3499 542 3547 ds
559 3498 667 3561 philon,
685 3512 720 3547 au
737 3500 812 3559 point
828 3499 860 3546 da
878 3514 925 3549 oue
943 3502 977 3549 du
995 3502 1168 3551 entheticimre

97 3582 121 3625 ot
139 3576 175 3623 du
193 3570 315 3637 propris,
336 3571 389 3622 roi.
411 3567 450 3631 il,
472 3584 499 3631 p.
520 3569 572 3629 36,
593 3567 665 3619 Paris
687 3568 777 3629 issu,
797 3574 878 3633 atque
898 3567 962 3633 Oti,
982 3574 1082 3639 Περεῖ,
1101 3581 1123 3624 et
1141 3573 1168 3621 in

93 3646 161 3711 pini.
183 3646 282 3709 uilem„
302 3642 417 3705 lotroci,
437 3657 464 3693 c.
485 3639 506 3705 l,
527 3658 554 3707 p.
575 3640 591 3693 3
610 3646 637 3693 nt
658 3641 686 3702 i,
706 3638 780 3695 Paris
801 3642 883 3695 titis.
