2475 3909
103 119 165 180 tit
460 132 734 182 auruuorocoura

64 217 99 279 in
121 215 269 302 quolibet
289 235 427 300 corpore
449 217 592 282 animato
615 215 720 280 inesse
748 235 812 280 non
835 213 942 280 solum
965 217 1066 284 vitam
1091 230 1145 286 to-

65 299 89 362 ti
112 300 244 384 corpori
266 318 485 372 communem,
507 297 562 360 sed
585 299 682 362 ctiam
699 307 746 362 tot
760 297 917 383 speciales
939 300 1034 376 ritas,
1056 314 1143 384 quot

67 391 142 445 sunt
162 401 284 465 organa
308 381 465 462 corporis.
484 376 517 442 1⁰
531 379 767 463 Operatiouum
791 382 966 466 principia,
990 403 1074 466 quae
1097 383 1140 446 ad

68 462 203 526 unicum
226 461 450 546 principium,
473 471 636 543 tamquam
661 461 710 524 sui
735 462 935 538 subiectum,
958 485 1019 527 non
1043 462 1146 530 redu-

68 553 209 616 cuntur,
232 541 359 607 diversa
382 547 608 628 operationum
632 542 777 610 subiecta
809 547 1038 629 expostulant3
1062 567 1143 610 narn

68 623 245 690 cuiuslibet
265 625 395 709 generis
413 625 641 710 operationum
656 625 788 710 aliquod
804 627 984 693 subiectum
1000 649 1070 692 esse
1086 625 1146 691 de-

69 705 136 771 bet.
153 707 273 783 Quare,
290 708 316 772 si
341 717 386 772 tot
407 707 571 792 principia
594 707 705 772 vitalia
729 710 761 773 in
784 729 920 792 corpore
942 711 1088 774 animato
1110 731 1146 772 e-

72 789 240 864 xisterent,
262 800 343 874 quot
365 798 439 853 sunt
460 810 581 873 organa
604 791 763 873 corporis;
782 802 829 856 tot
847 791 1011 866 distincta,
1034 791 1146 856 diver*

72 889 172 954 saque
204 869 349 936 subiecta
377 872 461 934 ritae
484 871 623 935 existere
651 891 782 956 quoque
811 873 845 936 in
867 874 939 959 ipso
960 871 1144 942 deberent.

70 961 151 1035 quot
170 961 245 1018 sunt
265 974 388 1038 organa
409 954 576 1038 corporis,
592 952 637 1017 ita
661 961 697 1017 ut
718 952 888 1038 quodlibet
909 973 1070 1038 organum
1094 973 1146 1016 es·

71 1042 118 1098 set
139 1031 322 1099 subiectum
343 1035 484 1102 alicuius
505 1035 655 1119 specialis
676 1037 804 1117 generis
823 1037 918 1102 ritae.
935 1037 1035 1120 Atqui
1051 1035 1145 1119 quis-
1235 1105 1236 1108 Ἴ

71 1117 146 1198 quis
168 1126 317 1180 nostrum
337 1117 508 1201 experitur
529 1118 665 1182 unicum
686 1137 755 1182 esse
777 1119 811 1182 iu
833 1138 867 1182 se
882 1116 1070 1182 subiectum
1094 1113 1145 1179 di·

71 1217 241 1262 versarum
261 1203 508 1282 operationum,
530 1218 615 1282 quae
632 1217 691 1284 per
704 1198 834 1264 diuersa
848 1218 970 1282 organa
985 1218 1147 1262 exercen-

72 1289 138 1343 tur.
160 1278 243 1356 Quis
263 1280 350 1344 enim
372 1301 435 1346 non
457 1278 548 1345 ridet
568 1302 682 1356 unum,
706 1280 859 1365 idemque
881 1301 949 1344 esse
966 1281 999 1344 in
1015 1301 1050 1343 se
1068 1281 1143 1364 ipso

72 1360 269 1439 subiectum,
283 1359 370 1446 qnod
391 1363 537 1448 quinque
559 1360 851 1447 speciesldivcrsas
865 1361 1083 1425 sensationurn
1110 1362 1144 1424 in
1235 1367 1236 1446 l

73 1464 106 1506 se
128 1441 276 1527 excipit,
298 1465 476 1528 earumque
498 1443 702 1511 differentias
722 1446 845 1519 sentit,
870 1441 957 1538 quod
982 1443 1145 1526 imagina-
1235 1481 1236 1502 i

72 1535 139 1601 tur,
161 1523 250 1669 quod
274 1545 392 1610 corpus
414 1538 531 1600 moret,
554 1524 656 1610 qnod,
681 1549 719 1591 ne
741 1524 834 1611 plura
856 1523 1014 1597 dicamus,
1040 1544 1094 1587 res
1121 1524 1149 1587 i-

74 1616 136 1681 rat,
160 1606 312 1672 nimenta
334 1605 468 1692 digerit,
485 1609 614 1692 aliaque
636 1628 735 1692 opera
757 1607 843 1672 vitae
864 1603 1048 1670 exerceti¹
1101 1605 1148 1668 al-

74 1709 147 1750 sum
167 1686 331 1770 igiturest
346 1699 474 1756 totessc
498 1690 531 1754 in
553 1710 690 1773 corporo
713 1698 821 1754 nostro
845 1687 1008 1771 principia
1032 1707 1149 1771 opera·

74 1769 201 1834 tionum
233 1770 408 1850 vitalium,
429 1781 509 1856 quot
542 1783 616 1836 sunt
636 1791 758 1858 organa
786 1768 932 1834 eiusdem
954 1769 1105 1851 corporis
1118 1770 1144 1829 ².

115 1847 150 1913 2⁰
172 1849 260 1916 Inter
281 1852 376 1937 plura
408 1854 593 1940 principia,
621 1874 763 1937 qnorum
792 1847 1047 1995 unumquodque
1073 1871 1149 1934 pro-

76 1931 167 2014 prias
188 1934 397 2018 operationes
416 1935 524 2011 babet,
546 1935 581 2000 iu
602 1936 710 2020 iisque
732 1931 903 1999 exerendis
920 1929 960 1994 ab
975 1953 993 1995 a
1009 1931 1040 1994 io
1056 1933 1150 2016 prin-

76 2013 164 2096 cipio
187 2036 250 2080 ooo
273 2015 401 2100 pendet,
424 2039 488 2081 non
510 2015 574 2081 alia
594 2019 690 2091 unio,
711 2037 808 2100 quam
831 2011 1054 2088 accidentalis,
1077 2033 1148 2077 esse
1235 2083 1236 2096 .

79 2104 193 2180 potest.
216 2096 350 2174 Quare,
374 2100 401 2163 si
424 2099 553 2184 singula
579 2118 701 2184 organa
723 2117 786 2162 non
809 2106 934 2160 tanturn
956 2107 1149 2160 exercerent
1235 2105 1236 2138 i

78 2175 239 2260 quasdam
259 2181 417 2263 speciales
439 2181 621 2246 functiones
653 2177 799 2244 eiusdem
830 2177 984 2262 principii
1013 2177 1150 2252 vitalis,
1235 2193 1236 2254 i

79 2280 145 2343 quo
167 2260 238 2343 ipsa
261 2259 503 2339 informantur,
524 2261 579 2328 sed
614 2258 871 2345 unumquodque
904 2261 1052 2343 ipsorum
1076 2279 1151 2343 pro-
1235 2317 1236 2332 ,

79 2343 189 2425 prium
212 2341 413 2438 principium
440 2345 527 2409 vitae
555 2343 710 2418 baberet,
733 2362 877 2427 corpus,
897 2339 984 2424 quod
1005 2361 1047 2403 cx
1070 2341 1151 2424 ipsis
1235 2383 1236 2390 .

79 2431 310 2507 componitur,
333 2436 416 2491 esset
442 2437 545 2493 totum
566 2447 627 2511 per
646 2424 814 2501 occideras,
835 2443 900 2486 non
924 2443 1000 2487 vero
1025 2441 1085 2506 par
1106 2443 1148 2486 re.

79 2507 195 2589 Atqui,
210 2504 388 2571 secundum
410 2530 522 2573 omnes
545 2521 578 2573 et
592 2507 814 2592 philosophos,
828 2517 861 2571 ct
876 2503 1096 2592 physiologos,
1118 2525 1153 2568 e·

79 2585 221 2652 iosmodi
250 2607 446 2666 consensus,
476 2591 543 2656 sive
565 2589 732 2655 lormooio
753 2591 839 2653 inter
865 2597 980 2652 concta
1002 2586 1153 2670 corporis

80 2688 201 2751 organa
223 2669 348 2749 existit,
372 2685 408 2740 ut
430 2692 471 2737 ex
494 2674 575 2758 ipsis
595 2691 714 2756 corpus
736 2692 837 2735 unum
857 2680 959 2734 totum
976 2689 1097 2753 perse,
1119 2681 1153 2733 et
1235 2677 1236 2680 ’

81 2747 322 2832 quodammodo
354 2776 457 2818 unum
490 2775 649 2841 organum
669 2754 836 2818 alliciatur.
861 2751 950 2836 Ergo
974 2769 1033 2835 pro
1061 2759 1151 2816 certo

120 2932 127 2967 ¹
149 2925 186 2982 Cr
201 2945 223 2980 s.
244 2929 325 2996 Aug..
347 2935 434 2995 Confi,
454 2934 501 2983 lib.
522 2929 557 2990 x,
577 2947 602 2983 c.
625 2933 651 2992 7,
671 2945 699 2982 n.
725 2933 767 2981 lt.

118 3002 130 3039 ²
149 2999 177 3054 S.
192 2999 306 3054 Thomas
325 3005 376 3054 boc
396 3011 583 3068 argumentum
602 3018 635 3054 ex
655 3010 747 3052 natura
769 3001 963 3064 aooplaptornm
982 3000 1100 3062 perbelle
1119 3001 1150 3049 i:-

82 3077 216 3126 tustrarit.
238 3071 346 3127 Constat
365 3078 436 3127 enim
457 3079 526 3127 inter
543 3090 647 3133 omnes,
668 3090 730 3126 cum
750 3073 912 3136 zoophpturn
934 3075 961 3121 in
981 3077 1069 3135 partes
1087 3072 1153 3122 diri-

83 3149 174 3206 ditur,
194 3149 342 3212 quamlibet
361 3154 464 3212 partem
484 3149 602 3199 diversas
619 3161 743 3198 exercere
761 3145 931 3209 operationes
954 3147 1079 3204 animae,
1106 3158 1151 3194 sen

83 3221 208 3282 principii
228 3222 375 3280 sentientis,
395 3227 421 3270 ct
440 3221 597 3284 vegetantis,
617 3234 671 3283 qno
690 3233 787 3281 corpus
806 3217 929 3280 zoopbyii
948 3217 1093 3268 animator.
1108 3215 1153 3266 lr-

85 3292 130 3353 qnt
150 3291 202 3340 boc
222 3295 329 3344 evenire
348 3308 399 3342 non
420 3299 527 3354 posset,
547 3293 569 3342 si
587 3292 723 3355 quodlibet
741 3302 870 3354 organum
889 3287 1014 3338 animalis
1032 3290 1153 3352 proprias

85 3364 254 3422 operationes
273 3379 320 3426 per
339 3365 500 3427 principium
521 3365 599 3414 vitale
618 3365 753 3413 diversum
772 3377 787 3412 a
808 3361 945 3424 principiis
970 3361 1096 3411 vitatibus
1116 3375 1155 3410 ro-

84 3432 220 3492 liquorom
239 3449 399 3497 organorum
418 3440 564 3486 exerceret.
579 3432 651 3496 Ergo
670 3436 696 3484 in
716 3447 827 3496 corpore
846 3435 963 3483 animato
982 3447 1065 3482 unum
1086 3434 1156 3493 prin-

87 3501 186 3560 cipium
207 3506 286 3553 ritate
305 3509 408 3556 conctis
423 3511 530 3569 organis
548 3520 701 3563 commune,
718 3521 768 3556 non
783 3518 844 3554 rere
858 3505 960 3556 diversa
981 3519 1027 3569 pra
1047 3505 1156 3558 dirersis

88 3571 195 3633 organis
213 3575 375 3629 admittenda
395 3583 467 3630 sont.
488 3574 524 3631 Gi
539 3576 561 3640 l,
581 3593 609 3643 q.
630 3573 748 3644 Llllll'l,
769 3591 797 3630 a.
819 3579 832 3628 3
853 3589 879 3630 o.

19 3782 117 3844 A
