2475 3909
140 91 202 156 256
495 108 768 159 anrnnorouoora

101 214 139 257 ac
161 190 296 256 facultas
318 191 488 275 organica,
511 212 595 275 quae
616 194 743 275 quoties
766 192 806 257 ab
829 192 956 262 obiecto
978 195 1089 261 sensili
1114 218 1164 261 ra-

102 274 270 339 bementer
292 273 485 359 impellitur,
508 272 548 335 ad
569 273 659 338 aliud
679 272 826 339 eiusdem
851 278 978 360 generis
999 278 1161 343 obiectum

103 355 306 419 sentiendum
330 358 437 437 inepta
460 354 581 429 eradit,
597 356 666 440 ipse
688 377 729 420 ex
752 356 880 421 obiecto
903 358 992 422 valde
1016 362 1161 445 intelligi·
1218 428 1219 437 χ

104 436 163 500 bili
182 438 221 500 ad
238 437 485 520 intelligendum
508 435 634 501 obiecta
658 440 765 501 minus
789 438 1007 523 intelligibilia
1029 441 1164 505 ralidior

104 519 141 583 lit
156 520 178 582 ¹.
204 521 289 605 Ergo
311 520 514 601 operationes
541 518 770 583 intellectrices
795 540 892 605 supra
921 542 1114 609 corporeum
1136 544 1165 585 o-

105 622 212 665 mnem
227 600 383 664 ambitum
399 602 445 663 sic
458 598 650 675 evehuntur,
666 613 703 666 ut
715 602 867 665 materiae
882 601 1164 669 determinationes

104 684 239 745 omnino
256 681 542 753 transcendantur
560 681 693 765 proinde
709 702 725 743 a
743 683 877 745 materia
897 706 960 748 non
976 686 1129 770 pendent.

147 764 216 829 157.
239 763 328 827 ldem
351 763 391 825 de
415 762 541 828 actibus
564 763 738 827 voluntatis
760 773 807 826 est
829 762 1015 829 dicendum.
1040 768 1163 831 Etenim

107 847 254 910 voluntas
277 844 397 909 bonum
422 845 666 918 intellectivam,
684 864 799 929 nempe
823 846 1051 932 incorporeum
1075 868 1167 933 appe-

47 960 52 964 ·
107 929 186 1002 tit²;
203 947 307 1011 neque
330 925 368 989 ad
393 926 464 999 hor,
483 926 529 989 rel
545 924 584 988 ad
607 924 688 989 illud
712 924 830 988 bonum
852 926 1100 1005 determinatur,
1116 928 1163 991 sed

108 1012 142 1073 in
164 1009 393 1093 quodcumque
415 1008 592 1080 obiectum,
613 1009 646 1071 in
668 1028 733 1090 quo
756 1006 839 1071 ratio
863 1008 937 1073 barri
961 1007 1168 1095 deprehendi-

107 1103 178 1163 tur,
202 1090 304 1153 libere
325 1089 402 1152 serri
425 1099 531 1174 potest
545 1090 573 1162 ³3
595 1109 695 1173 super
720 1108 794 1152 suos
817 1090 903 1174 ipsos
924 1099 1014 1155 actus
1037 1090 1168 1155 rebec-ti-

108 1184 173 1247 tur,
196 1173 275 1255 quia
297 1194 316 1233 a
338 1171 408 1235 vult
427 1192 460 1234 se
488 1170 578 1243 velle,
600 1179 633 1233 et
654 1170 762 1254 diligit
783 1190 816 1233 se
838 1172 975 1257 diligere
990 1175 1003 1209 ⁸
1021 1193 1059 1250 »3
1083 1172 1166 1237 deni·

107 1274 172 1338 que
193 1272 311 1337 corpus
325 1251 387 1315 sibi
403 1250 525 1325 subdit,
543 1252 671 1335 illisque
693 1272 732 1315 cu
758 1249 941 1332 iditatibus,
962 1274 1045 1338 qnae
1061 1254 1105 1317 ab
1118 1276 1168 1339 ap

110 1338 214 1421 petitu
238 1335 393 1399 sensitivo
416 1332 678 1429 proficiscuntur,
702 1354 719 1396 a
745 1346 901 1399 versatur.
1218 1374 1219 1403 a

151 1418 221 1485 158.
243 1414 483 1481 Obiic.An1ma
507 1415 586 1481 nibil
610 1426 714 1500 potest
737 1413 917 1501 intelligere
938 1416 1004 1481 sine
1026 1438 1090 1513 ope
1105 1438 1169 1481 sen·
1218 1424 1219 1427 ’

110 1522 219 1575 suum,
242 1500 299 1582 qui
324 1518 382 1582 per
402 1517 523 1581 organa
544 1516 701 1579 corporea
723 1509 925 1563 exercentur.
950 1498 1036 1583 Ergo
1053 1522 1090 1563 ru
1106 1500 1169 1583 ipsa
1218 1530 1219 1583 ;

110 1582 300 1666 operatione
334 1579 529 1644 intellectiva
562 1578 602 1641 ab
636 1579 767 1663 organis
793 1579 941 1667 corporis
973 1578 1114 1665 pendet,
1139 1600 1170 1641 ac
1218 1602 1219 1663 j

111 1662 246 1749 proinde
268 1682 332 1724 non
353 1670 402 1723 est
423 1661 613 1743 spiritualis.
1218 1668 1219 1739 j

153 1746 222 1811 159.
246 1743 343 1828 Resp.
369 1743 451 1806 bist.
474 1755 554 1814 ont„
576 1750 736 1825 quatenus
757 1760 868 1805 sensus
890 1741 930 1806 ad
953 1742 1116 1809 actionem
1130 1740 1170 1804 in·
1218 1742 1219 1797 ἶ

111 1826 319 1892 tellectriccm
335 1824 508 1889 intrinsece
530 1833 741 1898 concurrunt,
755 1842 821 1907 nep.
837 1834 917 1899 ant,
932 1835 1093 1921 quatenus
1109 1844 1170 1887 seu-

112 1928 167 1973 sus
183 1906 338 1993 praebent
358 1904 535 1971 intellectui
560 1906 759 1989 phantasma,
780 1904 813 1966 in
836 1905 919 2002 quod
943 1926 1012 1991 ipse
1035 1924 1172 1987 suama-

112 1993 267 2066 rtionem,
288 1988 408 2072 quina
429 1984 577 2051 sensibus
600 1982 747 2069 pendeat,
770 1998 887 2063 exerit,
908 2009 992 2051 coac.
1015 2000 1081 2050 ont.
1098 1987 1168 2067 Nep.
1198 2032 1203 2042 .

111 2094 195 2136 cons.
217 2069 475 2167 Responsionem
497 2070 604 2143 istam,
627 2086 710 2149 quae
732 2087 774 2131 ex
795 2066 929 2134 theoriis
950 2070 983 2133 in
998 2068 1171 2154 Dynamile

112 2155 166 2237 pio
187 2162 314 2218 statutis
336 2150 413 2215 satis
433 2169 470 2211 su
496 2169 597 2233 erque
618 2148 815 2225 declaratur,
839 2152 984 2235 Aquinas
1006 2162 1117 2216 noster
1129 2150 1171 2213 his

113 2235 225 2301 verbis
247 2231 392 2299 tradidit:
417 2254 434 2292 a
490 2230 664 2307 ieendum,
686 2230 773 2315 quod
796 2252 914 2317 corpus
934 2236 1119 2319 requiritur
1137 2228 1171 2294 ad

111 2320 276 2383 actionem
299 2313 494 2389 intellectus,
517 2335 581 2377 non
602 2314 688 2377 sicut
708 2333 890 2392 ornanum,
913 2335 979 2399 quo
1001 2316 1075 2381 talis
1097 2313 1171 2379 actio

115 2410 316 2474 exerceatur,
340 2394 396 2460 sed
418 2397 545 2461 ratione
567 2394 709 2472 obieeti;
733 2416 752 2479 p
775 2406 918 2461 antasma
939 2400 1028 2462 enim
1050 2415 1173 2540 comp·

116 2492 208 2547 ratur
229 2479 269 2544 ad
293 2478 509 2555 intellectum,
533 2478 619 2541 sicut
645 2477 735 2540 color
757 2476 797 2540 ad
819 2479 925 2541 risum
941 2480 952 2517 ⁵
969 2501 998 2542 n,
1021 2479 1064 2543 Et
1087 2480 1128 2542 ali
1150 2476 1171 2537 i:

117 2588 135 2623 a
161 2563 347 2646 Intelligere
362 2571 412 2625 est
425 2562 559 2644 propria
583 2560 732 2644 operatio
755 2559 893 2635 animae,
916 2570 950 2624 et
970 2582 1031 2625 non
1054 2557 1174 2645 egredi-

117 2657 173 2711 tur
194 2643 235 2708 ab
257 2644 367 2707 anima
388 2639 551 2706 mediante
574 2661 697 2725 organo
718 2638 894 2726 corporali,
914 2642 998 2707 sicut
1018 2643 1102 2710 visio
1115 2660 1173 2705 me*

524 2778 850 2793 Ἥ

154 2838 258 2895 leis.
279 2840 390 2900 Bonae,
411 2843 442 2890 ln
461 2840 507 2889 ΙΙΙ.
529 2841 543 2889 Ι
559 2840 643 2895 sant..
672 2834 737 2886 bist.
758 2835 789 2895 Ι,
815 2852 841 2887 a.
861 2838 897 2899 3,
924 2855 953 2904 q,
976 2842 986 2891 Ι
1008 2844 1043 2893 ad
1060 2856 1130 2907 arg,
1147 2844 1171 2889 et

117 2918 179 2971 Alb.
199 2912 249 2973 bl..
270 2916 309 2964 lta
327 2915 429 2970 datm..
449 2912 496 2961 lib.
518 2908 563 2968 ΙΙΙ,
584 2914 663 2960 tract.
684 2906 718 2967 ll,
738 2922 764 2960 n.
786 2909 829 2959 ta.

153 2983 221 3039 ²Cl
235 2990 317 3050 Dpn„
337 2999 364 3035 e.
384 2981 419 3042 v,
439 2998 465 3032 a.
487 2983 515 3041 3,
536 2996 563 3044 p.
586 2980 715 3038 rea-too,
736 2981 789 3031 vol.
810 2978 831 3031 l.

153 3054 221 3111 'Cf
236 3062 321 3122 Dua..
342 3055 418 3116 ibid,
438 3067 465 3104 a.
485 3056 513 3112 8,
535 3067 562 3116 p.
584 3053 636 3102 ΙΙΙ
655 3066 714 3115 sqq.

154 3132 166 3169 Ι
187 3134 219 3182 ln
235 3132 281 3180 lte.
303 3131 316 3178 1
334 3130 418 3185 sent„
438 3124 504 3175 lltst.
519 3122 604 3183 xvtt,
624 3139 652 3187 q.
674 3122 694 3181 l,
715 3138 741 3174 a.
763 3123 780 3174 ll
799 3125 831 3175 ad
850 3126 879 3175 4.
895 3146 906 3172 ι
922 3122 980 3177 ΝοΙΙ
1000 3140 1062 3191 ergo
1081 3128 1170 3183 mirari,

119 3202 256 3268 inquitad
276 3200 345 3249 hanc
365 3212 421 3249 rem
441 3213 463 3247 s.
484 3196 658 3259 Augustinus,
672 3198 693 3244 si
707 3198 803 3246 asteris
823 3210 869 3259 per
888 3198 999 3249 liberam
1019 3199 1172 3251 voluntatem

119 3278 232 3330 utimur,
246 3273 329 3322 etlam
349 3272 403 3333 ipsa
424 3269 504 3318 libera
520 3270 655 3317 voluntate
676 3280 722 3327 per
741 3281 801 3317 eam
821 3272 904 3331 ipsam
923 3272 962 3320 nti
981 3284 1029 3321 nos
1047 3285 1129 3335 posse.
1147 3272 1170 3318 ut

120 3342 318 3407 quodammodo
336 3354 364 3392 aa
384 3344 440 3403 lpsa
461 3344 551 3393 utatm
570 3340 712 3397 voluntas,
735 3354 805 3402 quae
824 3342 909 3393 utitur
927 3344 1042 3401 cetaria,
1067 3345 1132 3393 sicut
1148 3352 1172 3391 se

120 3418 206 3530 tprqqa
225 3416 361 3530 cogrppcit
379 3414 457 3468 ratio,
471 3426 540 3474 qnae
559 3412 696 3473 cognoscit
708 3416 735 3460 et
748 3416 836 3462 catera
853 3432 877 3473 η
894 3418 932 3465 De
944 3417 988 3467 lib.
1001 3416 1073 3475 arb,
1087 3416 1129 3467 lib.
1143 3411 1170 3469 ll,

123 3499 149 3533 e.
209 3520 215 3537 ,
237 3498 262 3530 n.
285 3515 291 3529 .
324 3521 329 3531 .

159 3555 170 3587 δ
191 3552 211 3605 Ι,
232 3567 259 3612 q.
280 3550 384 3610 Lxxv,
405 3568 432 3638 ι.
452 3554 467 3600 Ι
488 3552 520 3601 ad
540 3554 566 3601 3.

23 3761 126 3833 Α
