2475 3909
157 121 218 185 ‘at-2
562 145 738 195 rnnanoorn

115 221 219 287 lectus
240 222 382 288 humani.
405 228 503 315 Atqui
526 225 611 292 Deus
632 240 679 293 est
700 251 824 295 summe
846 230 1075 317 intelligibilis.
1093 232 1180 318 Ergo

115 302 274 399 Deusest
294 306 457 374 obiectum
479 310 618 375 maxime
642 312 810 396 proprium
833 314 1026 392 intellectus,
1048 336 1085 379 ac
1107 338 1180 401 pro-

113 386 190 451 inde
212 388 397 456 rmmediate
418 392 459 456 ab
480 415 519 457 eo
541 397 758 475 cognoscitur.
922 460 926 469 .

155 468 206 534 52.
230 470 342 557 Resp,
368 475 449 538 Dist.
472 482 563 552 mim,
586 476 674 540 Deus
696 490 742 543 est
764 497 887 542 summe
911 478 1013 543 intelli
1041 476 1128 541 ibilis
1144 480 1179 540 in

115 572 156 625 se,
179 572 262 616 coru.
284 558 380 632 mim,
404 558 502 640 quood
527 578 597 636 noa,
619 578 686 643 neq.
715 560 792 622 min.
817 560 895 642 Nep.
919 582 1002 625 coos.
1041 571 1068 623 <t
1089 580 1178 633 sane,

15 691 17 698 .
113 655 166 699 res
180 646 255 699 sunt
275 638 497 724 intelligibiles
519 641 552 704 in
572 662 618 718 se,
633 653 792 725 qnatenus
814 652 888 707 sunt
910 642 1138 707 immateriales
1153 644 1179 715 ¹,

116 740 157 782 ao
175 716 311 801 proinde
340 720 450 798 Deus,
472 725 594 809 quippe
621 726 678 807 qui
701 736 749 790 est
770 724 913 787 maxime
941 724 1181 799 immaterialis,

115 813 163 865 est
184 800 281 863 etiam
305 802 338 865 in
361 823 394 868 se
416 804 555 869 maxime
579 806 805 891 intelligibilis.
823 808 865 869 m
886 828 963 871 vero
987 804 1178 889 intelligibi-

114 885 189 948 litas
209 903 339 961 rerum,
362 886 388 950 si
410 885 572 953 referatur
594 888 633 950 ad
658 888 879 963 intellectum,
902 890 960 973 qui
983 908 1038 952 eas
1059 888 1179 953 intelli-

116 969 185 1051 git,
207 965 378 1050 spectanda
400 979 448 1033 est
475 989 537 1033 non
560 992 601 1035 ex
623 981 736 1034 natura
763 991 897 1045 rerum,
920 969 975 1034 sed
998 991 1037 1033 ex
1061 982 1178 1034 natura

117 1052 221 1133 ipsius
242 1048 445 1127 intellectus;
468 1071 560 1130 nam,
581 1062 619 1117 nt
640 1073 733 1138 saepe
755 1051 920 1127 diximus,
943 1051 1051 1116 arodus
1075 1072 1183 1196 copro-

114 1133 217 1196 scendi
238 1132 377 1215 seqnitur
399 1145 545 1197 naturam
568 1136 781 1216 copposcentis.
799 1136 897 1217 Atqui
921 1133 1102 1199 immateria
1120 1135 1181 1199 itas

115 1214 176 1279 liei
200 1226 248 1279 est
269 1224 360 1277 extra
380 1235 475 1297 penus
497 1216 731 1301 cuiuscumque
755 1216 937 1281 intellectus
952 1216 1062 1280 creati.
1080 1217 1180 1300 Ergo,

115 1299 175 1363 etsi
190 1297 276 1360 Deus
296 1296 337 1360 sit
361 1298 393 1359 in
413 1319 445 1362 se
461 1299 603 1363 maxime
629 1298 855 1383 intelligibilis,
872 1310 978 1363 tamen
993 1297 1180 1363 huiusmodi

114 1402 177 1445 non
200 1389 260 1453 est,
283 1378 309 1440 si
333 1378 373 1441 ad
396 1377 593 1446 intellectum
616 1392 762 1446 nostrum
784 1379 947 1445 reseratur
961 1382 985 1443 ².

155 1462 206 1527 53.
230 1458 337 1525 Obiic.
362 1459 396 1524 2⁰
420 1461 506 1526 Deus
529 1463 712 1527 arctissimo
741 1462 868 1528 vinculo
893 1484 966 1525 cum
995 1470 1099 1525 mente
1121 1462 1184 1527 hu·

114 1565 209 1609 mana
231 1542 451 1627 coniungitur.
476 1546 572 1627 Atqui
595 1545 673 1609 haee
696 1546 881 1609 coniunctio
909 1543 1090 1608 necessario
1113 1546 1186 1609 effi-

115 1647 187 1690 cere
208 1624 317 1701 debet,
332 1636 369 1689 ut
390 1647 480 1690 mens
502 1626 641 1691 humana
657 1625 763 1691 Deum
786 1625 971 1691 immediate
994 1638 1180 1710 cognoscat.

114 1710 161 1774 Er
183 1730 214 1773 o.

154 1730 207 1857 Sgl.
231 1789 331 1872 Besp,
353 1788 436 1853 Dira.
460 1789 552 1865 mai,
575 1800 612 1855 ut
633 1810 728 1855 causa
751 1811 824 1855 cum
847 1790 977 1867 ellectu,
1001 1789 1130 1875 nempe,
1147 1804 1184 1855 ut

113 1874 266 1938 sustinens
287 1890 353 1933 eom
376 1871 411 1935 in
431 1894 492 1937 esce
508 1872 532 1950 3;
549 1894 638 1936 cono.
662 1873 755 1951 mai„
775 1882 810 1936 nl
825 1870 988 1937 obiectum
1011 1870 1187 1937 immedia-

113 1968 184 2021 tum
217 1953 382 2099 potentiae
415 1956 676 2039 cognoscitivae,
703 1972 770 2037 arcp.
798 1955 874 2019 moi.
903 1974 969 2035 nep.
993 1956 1070 2015 min.
1098 1952 1184 2035 Nep.

113 2060 194 2103 usne.
247 2055 363 2098 esane
392 2057 482 2110 vera,
508 2037 586 2100 satis
609 2057 670 2100 non
696 2047 743 2102 est
764 2058 832 2101 rem
855 2056 923 2101 esse
945 2036 1044 2099 menti
1067 2036 1188 2100 huma-

113 2142 173 2186 nae
188 2125 403 2203 praesentem,
419 2129 454 2182 ut
471 2118 559 2183 illam
580 2129 763 2201 cognoscat,
781 2118 835 2183 sed
859 2128 987 2203 oportet
1003 2116 1090 2180 illam
1105 2138 1183 2183 esse

112 2209 315 2290 praesentem
337 2209 501 2283 tamquam
529 2200 693 2267 obiectum
722 2200 957 2287 cognoscibile,
980 2198 1066 2283 quod
1090 2220 1189 2263 men-

112 2301 179 2353 tem
200 2280 240 2347 ad
267 2280 319 2345 sui
347 2281 567 2365 cognitionem
599 2281 803 2349 determinat.
839 2283 908 2347 Hoc
939 2292 1046 2346 autem
1081 2280 1188 2345 modo

112 2370 217 2434 Deum
249 2382 319 2430 esse
355 2364 549 2429 naturaliter
580 2376 782 2447 praesentem
816 2375 942 2430 nostrae
969 2364 1069 2427 menti
1094 2361 1191 2428 haud

111 2444 266 2539 possibile
285 2454 342 2521 est,
358 2446 437 2530 quia
458 2446 529 2533 lpse
551 2449 638 2511 rires
657 2447 839 2511 intellectus
859 2447 960 2512 creati
983 2442 1108 2523 infinite
1126 2466 1193 2512 su-

110 2556 171 2620 per
193 2527 359 2595 rediturl.

202 2662 209 2676 .
232 2609 342 2677 Obiic.
365 2606 400 2675 3⁰
421 2608 508 2672 Deus
530 2619 579 2674 est
600 2609 656 2673 illa
683 2610 832 2687 Veritas,
878 2631 914 2675 er
934 2629 1032 2693 quam
1053 2618 1194 2677 ceterae

110 2694 264 2764 veritates
296 2701 544 2777 cognoscuntur.
574 2694 672 2776 Atqui
705 2693 825 2758 veritas
856 2631 1040 2757 luiusmodi
1066 2690 1198 2759 imme-

112 2780 200 2845 diate
223 2774 440 2861 cognoscitur.
463 2774 560 2858 Ergo.

151 2860 202 2926 56.
225 2857 338 2940 Resp,
368 2857 449 2920 Dist.
474 2856 568 2931 morl,
591 2855 636 2919 ita
658 2865 695 2920 ut
716 2856 759 2921 sit
780 2876 900 2931 causa,
923 2863 1199 2940 propterquam

111 2945 175 3012 alia
197 2939 431 3024 cognoscimus,
447 2960 530 3003 conc.
554 2939 644 3013 moi,
660 2939 703 3004 ita
725 2948 761 3003 nt
783 2940 825 3003 sit
846 2936 1023 3013 obiectum,
1045 2956 1111 3020 quo
1125 2958 1201 3006 co-

111 3028 215 3113 gnito,
239 3020 303 3086 alia
325 3022 559 3104 cognoscimus,
580 3040 646 3104 nep.
668 3022 759 3097 mai.;
782 3020 842 3085 sub
864 3017 977 3085 eadem
999 3018 1204 3089 distinctio-

110 3112 151 3175 ne
172 3127 256 3173 cooc.
274 3113 307 3169 et
326 3122 394 3184 nep.
410 3104 503 3178 min.;
521 3103 598 3185 Nep.
614 3104 723 3167 corel.
742 3104 916 3169 Enimvero
932 3121 984 3165 res
998 3122 1055 3186 par
1070 3099 1202 3175 Deum

145 3274 155 3309 t
176 3268 213 3323 cs
230 3272 357 3335 nyma„
376 3279 404 3316 ο.
425 3222 516 3319 rufa.
538 3258 558 3318 ι,
579 3274 606 3323 ρ.
630 3258 759 3312 rao-rao.

146 3339 213 3398 ἸΙΙ
229 3358 252 3393 s.
273 3338 392 3398 Bonan,
413 3340 443 3387 ln
460 3336 505 3385 teo.
526 3334 648 3393 tm,
669 3329 735 3383 Dist.
758 3330 805 3392 lll,
826 3348 853 3397 p.
874 3334 896 3395 l,
917 3351 944 3387 a.
967 3339 992 3395 t,
1013 3352 1040 3401 q.
1065 3340 1075 3389 l
1099 3354 1207 3403 recor,

145 3418 157 3453 a
177 3419 227 3481 ος,
246 3416 345 3477 dtspp„
367 3414 406 3462 Da
430 3412 501 3466 Ver„
521 3422 553 3471 q,
570 3402 643 3464 Vlll,
664 3418 690 3454 a.
711 3410 727 3454 ,l
747 3406 780 3455 ad
802 3408 827 3456 Ι.

144 3485 213 3540 ⁴(ll
228 3500 251 3536 s.
272 3483 382 3542 lionam,
405 3486 434 3534 ln
454 3480 500 3531 lto.
521 3480 549 3529 ΙΙ
566 3479 651 3537 Sunt„
669 3475 736 3529 Dist.
751 3473 798 3537 ΙΙΙ,
814 3494 841 3543 p.
862 3479 889 3540 2,
905 3495 931 3531 a.
949 3485 991 3543 lt,
1012 3498 1039 3547 q.
1061 3483 1076 3534 Ξ
1096 3489 1138 3537 ad
1170 3496 1210 3559 3ἱ

110 3562 178 3615 llist.
197 3554 234 3617 X,
254 3572 280 3607 ι.
304 3558 330 3614 Ι,
350 3571 377 3625 q.
403 3556 412 3605 l
436 3558 470 3605 ad
488 3566 546 3616 erp.

147 3633 159 3671 ⁵
181 3652 191 3678 ι
213 3629 322 3693 Propter
335 3628 440 3687 Deum,
461 3625 492 3677 ad
514 3638 568 3674 rem
590 3623 675 3687 lnquit
696 3638 718 3674 c.
739 3618 872 3685 Thomas,
894 3628 942 3677 alia
970 3642 1213 3707 cognoscuntur,
