<?xml version="1.0" encoding="UTF-8"?>
<!DOCTYPE html PUBLIC "-//W3C//DTD XHTML 1.0 Transitional//EN"
    "http://www.w3.org/TR/xhtml1/DTD/xhtml1-transitional.dtd">
<html xmlns="http://www.w3.org/1999/xhtml" xml:lang="en" lang="en">
 <head>
  <title>
</title>
<meta http-equiv="Content-Type" content="text/html;charset=utf-8" />
  <meta name='ocr-system' content='tesseract 3.04.00' />
  <meta name='ocr-capabilities' content='ocr_page ocr_carea ocr_par ocr_line ocrx_word'/>
</head>
<body>
  <div class='ocr_page' id='page_1' title='image "./philosophiachri00sansgoog_0392.png"; bbox 0 0 2475 3909; ppageno 0'>
   <div class='ocr_carea' id='block_1_1' title="bbox 102 147 705 213">
    <p class='ocr_par' dir='ltr' id='par_1_1' title="bbox 102 147 705 213">
     <span class='ocr_line' id='line_1_1' title="bbox 102 147 705 213; baseline 0.007 -7"><span class='ocrx_word' id='word_1_1' title='bbox 102 147 143 213; x_wconf 76' lang='lat'><strong>92</strong></span> <span class='ocrx_word' id='word_1_2' title='bbox 502 163 705 211; x_wconf 75' lang='lat' dir='ltr'><strong>casotuuoott</strong></span> 
     </span>
    </p>
   </div>
   <div class='ocr_carea' id='block_1_2' title="bbox 63 243 1140 823">
    <p class='ocr_par' dir='ltr' id='par_1_2' title="bbox 63 243 1140 823">
     <span class='ocr_line' id='line_1_2' title="bbox 63 243 1134 342; baseline -0.001 -32"><span class='ocrx_word' id='word_1_3' title='bbox 63 266 128 310; x_wconf 94' lang='lat' dir='ltr'><strong>non</strong></span> <span class='ocrx_word' id='word_1_4' title='bbox 158 243 265 308; x_wconf 88' lang='lat' dir='ltr'><strong>loront</strong></span> <span class='ocrx_word' id='word_1_5' title='bbox 287 243 393 326; x_wconf 82' lang='lat' dir='ltr'><strong>primu</strong></span> <span class='ocrx_word' id='word_1_6' title='bbox 420 245 567 308; x_wconf 94' lang='lat' dir='ltr'><strong>omnium</strong></span> <span class='ocrx_word' id='word_1_7' title='bbox 598 246 774 342; x_wconf 88' lang='lat' dir='ltr'><strong>principia;</strong></span> <span class='ocrx_word' id='word_1_8' title='bbox 802 244 831 310; x_wconf 83' lang='lat' dir='ltr'><strong>ai</strong></span> <span class='ocrx_word' id='word_1_9' title='bbox 860 256 1027 311; x_wconf 68' lang='lat' dir='ltr'><strong>essentem</strong></span> <span class='ocrx_word' id='word_1_10' title='bbox 1049 245 1134 323; x_wconf 80' lang='lat' dir='ltr'><strong>aliia,</strong></span> 
     </span>
     <span class='ocr_line' id='line_1_3' title="bbox 63 324 1138 413; baseline -0.001 -21"><span class='ocrx_word' id='word_1_11' title='bbox 63 349 103 392; x_wconf 92' lang='lat' dir='ltr'><strong>uc</strong></span> <span class='ocrx_word' id='word_1_12' title='bbox 125 327 227 392; x_wconf 93' lang='lat' dir='ltr'><strong>ullius</strong></span> <span class='ocrx_word' id='word_1_13' title='bbox 249 324 383 410; x_wconf 87' lang='lat' dir='ltr'><strong>quidem</strong></span> <span class='ocrx_word' id='word_1_14' title='bbox 407 325 454 387; x_wconf 91' lang='lat' dir='ltr'><strong>rei</strong></span> <span class='ocrx_word' id='word_1_15' title='bbox 479 327 584 409; x_wconf 90' lang='lat' dir='ltr'><strong>prima</strong></span> <span class='ocrx_word' id='word_1_16' title='bbox 607 328 770 413; x_wconf 83' lang='lat' dir='ltr'><strong>principia</strong></span> <span class='ocrx_word' id='word_1_17' title='bbox 792 339 922 404; x_wconf 83' lang='lat' dir='ltr'><strong>essent,</strong></span> <span class='ocrx_word' id='word_1_18' title='bbox 944 330 1024 411; x_wconf 85' lang='lat' dir='ltr'><strong>quia</strong></span> <span class='ocrx_word' id='word_1_19' title='bbox 1050 329 1138 412; x_wconf 90' lang='lat' dir='ltr'><strong>prin-</strong></span> 
     </span>
     <span class='ocr_line' id='line_1_4' title="bbox 64 404 1136 495; baseline 0 -22"><span class='ocrx_word' id='word_1_20' title='bbox 64 409 153 495; x_wconf 90' lang='lat' dir='ltr'><strong>cipia</strong></span> <span class='ocrx_word' id='word_1_21' title='bbox 175 407 241 474; x_wconf 91' lang='lat' dir='ltr'><strong>illis</strong></span> <span class='ocrx_word' id='word_1_22' title='bbox 264 409 374 494; x_wconf 86' lang='lat' dir='ltr'><strong>priora</strong></span> <span class='ocrx_word' id='word_1_23' title='bbox 399 404 566 484; x_wconf 83' lang='lat' dir='ltr'><strong>darentur3</strong></span> <span class='ocrx_word' id='word_1_24' title='bbox 581 411 609 473; x_wconf 92' lang='lat' dir='ltr'><strong>si</strong></span> <span class='ocrx_word' id='word_1_25' title='bbox 632 409 763 474; x_wconf 92' lang='lat' dir='ltr'><strong>demum</strong></span> <span class='ocrx_word' id='word_1_26' title='bbox 786 431 825 473; x_wconf 77' lang='lat' dir='ltr'><strong>ex</strong></span> <span class='ocrx_word' id='word_1_27' title='bbox 845 431 875 473; x_wconf 79' lang='lat' dir='ltr'><strong>ee</strong></span> <span class='ocrx_word' id='word_1_28' title='bbox 889 421 999 473; x_wconf 83' lang='lat' dir='ltr'><strong>mutuo</strong></span> <span class='ocrx_word' id='word_1_29' title='bbox 1019 420 1136 487; x_wconf 89' lang='lat' dir='ltr'><strong>essent,</strong></span> 
     </span>
     <span class='ocr_line' id='line_1_5' title="bbox 64 489 1139 576; baseline -0.004 -19"><span class='ocrx_word' id='word_1_30' title='bbox 64 492 191 557; x_wconf 92' lang='lat' dir='ltr'><strong>nullum</strong></span> <span class='ocrx_word' id='word_1_31' title='bbox 215 510 328 555; x_wconf 90' lang='lat' dir='ltr'><strong>eorum</strong></span> <span class='ocrx_word' id='word_1_32' title='bbox 351 499 433 553; x_wconf 89' lang='lat' dir='ltr'><strong>esset</strong></span> <span class='ocrx_word' id='word_1_33' title='bbox 456 489 598 572; x_wconf 91' lang='lat' dir='ltr'><strong>primum</strong></span> <span class='ocrx_word' id='word_1_34' title='bbox 620 491 833 576; x_wconf 91' lang='lat' dir='ltr'><strong>principium.</strong></span> <span class='ocrx_word' id='word_1_35' title='bbox 856 493 966 570; x_wconf 80' lang='lat' dir='ltr'>Quare</span> <span class='ocrx_word' id='word_1_36' title='bbox 992 501 1139 555; x_wconf 91' lang='lat' dir='ltr'><strong>naturam</strong></span> 
     </span>
     <span class='ocr_line' id='line_1_6' title="bbox 66 570 1139 657; baseline -0.002 -19"><span class='ocrx_word' id='word_1_37' title='bbox 66 573 267 639; x_wconf 88' lang='lat' dir='ltr'><strong>substantiae</strong></span> <span class='ocrx_word' id='word_1_38' title='bbox 300 570 449 657; x_wconf 89' lang='lat' dir='ltr'><strong>corporis</strong></span> <span class='ocrx_word' id='word_1_39' title='bbox 481 590 574 636; x_wconf 89' lang='lat' dir='ltr'><strong>nosse</strong></span> <span class='ocrx_word' id='word_1_40' title='bbox 604 573 785 640; x_wconf 90' lang='lat' dir='ltr'><strong>volentibus</strong></span> <span class='ocrx_word' id='word_1_41' title='bbox 819 576 852 639; x_wconf 93' lang='lat' dir='ltr'><strong>in</strong></span> <span class='ocrx_word' id='word_1_42' title='bbox 880 593 921 638; x_wconf 90' lang='lat' dir='ltr'><strong>eo</strong></span> <span class='ocrx_word' id='word_1_43' title='bbox 950 571 1139 638; x_wconf 89' lang='lat' dir='ltr'><strong>adlaboran-</strong></span> 
     </span>
     <span class='ocr_line' id='line_1_7' title="bbox 66 653 1140 744; baseline -0.001 -22"><span class='ocrx_word' id='word_1_44' title='bbox 66 656 145 724; x_wconf 87' lang='lat' dir='ltr'><strong>dum</strong></span> <span class='ocrx_word' id='word_1_45' title='bbox 169 653 261 719; x_wconf 90' lang='lat' dir='ltr'><strong>nobis</strong></span> <span class='ocrx_word' id='word_1_46' title='bbox 283 665 344 729; x_wconf 90' lang='lat' dir='ltr'><strong>est,</strong></span> <span class='ocrx_word' id='word_1_47' title='bbox 367 664 405 719; x_wconf 93' lang='lat' dir='ltr'><strong>ut</strong></span> <span class='ocrx_word' id='word_1_48' title='bbox 425 673 586 738; x_wconf 81' lang='lat' dir='ltr'><strong>quaenam</strong></span> <span class='ocrx_word' id='word_1_49' title='bbox 611 655 689 721; x_wconf 87' lang='lat' dir='ltr'><strong>haec</strong></span> <span class='ocrx_word' id='word_1_50' title='bbox 718 657 882 744; x_wconf 87' lang='lat' dir='ltr'><strong>principia</strong></span> <span class='ocrx_word' id='word_1_51' title='bbox 905 658 986 733; x_wconf 93' lang='lat' dir='ltr'><strong>sint,</strong></span> <span class='ocrx_word' id='word_1_52' title='bbox 1011 655 1140 722; x_wconf 86' lang='lat' dir='ltr'><strong>investi·</strong></span> 
     </span>
     <span class='ocr_line' id='line_1_8' title="bbox 67 757 193 823; baseline -0.008 -21"><span class='ocrx_word' id='word_1_53' title='bbox 67 757 193 823; x_wconf 79' lang='lat' dir='ltr'><strong>gemus.</strong></span> 
     </span>
    </p>
   </div>
   <div class='ocr_carea' id='block_1_3' title="bbox 127 869 1077 1007">
    <p class='ocr_par' dir='ltr' id='par_1_3' title="bbox 127 869 1077 1007">
     <span class='ocr_line' id='line_1_9' title="bbox 127 869 1077 936; baseline -0.004 -12"><span class='ocrx_word' id='word_1_54' title='bbox 127 871 195 925; x_wconf 80' lang='lat' dir='ltr'><strong>har.</strong></span> <span class='ocrx_word' id='word_1_55' title='bbox 212 872 232 922; x_wconf 93' lang='lat' dir='ltr'><strong>l.</strong></span> <span class='ocrx_word' id='word_1_56' title='bbox 246 869 410 936; x_wconf 74' lang='lat' dir='ltr'><strong>-Systrma</strong></span> <span class='ocrx_word' id='word_1_57' title='bbox 430 871 588 928; x_wconf 90' lang='lat' dir='ltr'><strong>atomicum,</strong></span> <span class='ocrx_word' id='word_1_58' title='bbox 610 885 657 920; x_wconf 79' lang='lat' dir='ltr'><strong>scu</strong></span> <span class='ocrx_word' id='word_1_59' title='bbox 679 871 865 922; x_wconf 79' lang='lat' dir='ltr'><strong>mechanicum</strong></span> <span class='ocrx_word' id='word_1_60' title='bbox 886 873 918 922; x_wconf 83' lang='lat' dir='ltr'><strong>da</strong></span> <span class='ocrx_word' id='word_1_61' title='bbox 938 873 1077 922; x_wconf 86' lang='lat' dir='ltr'><strong>elementis</strong></span> 
     </span>
     <span class='ocr_line' id='line_1_10' title="bbox 346 944 861 1007; baseline 0.004 -15"><span class='ocrx_word' id='word_1_62' title='bbox 346 957 488 1007; x_wconf 89' lang='lat' dir='ltr'><strong>corporum</strong></span> <span class='ocrx_word' id='word_1_63' title='bbox 508 945 661 1007; x_wconf 73' lang='lat' dir='ltr'><strong>exponitur,</strong></span> <span class='ocrx_word' id='word_1_64' title='bbox 682 950 708 992; x_wconf 88' lang='lat' dir='ltr'><strong>et</strong></span> <span class='ocrx_word' id='word_1_65' title='bbox 727 944 861 995; x_wconf 85' lang='lat' dir='ltr'><strong>reteltitur</strong></span> 
     </span>
    </p>
   </div>
   <div class='ocr_carea' id='block_1_4' title="bbox 23 1065 1147 1969">
    <p class='ocr_par' dir='ltr' id='par_1_4' title="bbox 23 1065 1145 1544">
     <span class='ocr_line' id='line_1_11' title="bbox 105 1065 1140 1152; baseline -0.006 -19"><span class='ocrx_word' id='word_1_66' title='bbox 105 1071 137 1133; x_wconf 87' lang='lat'><strong>7.</strong></span> <span class='ocrx_word' id='word_1_67' title='bbox 163 1068 209 1132; x_wconf 87' lang='lat' dir='ltr'><strong>De</strong></span> <span class='ocrx_word' id='word_1_68' title='bbox 232 1077 345 1130; x_wconf 86' lang='lat' dir='ltr'><strong>notura</strong></span> <span class='ocrx_word' id='word_1_69' title='bbox 367 1065 620 1144; x_wconf 86' lang='lat' dir='ltr'><strong>elementorum,</strong></span> <span class='ocrx_word' id='word_1_70' title='bbox 644 1089 685 1130; x_wconf 88' lang='lat' dir='ltr'><strong>ex</strong></span> <span class='ocrx_word' id='word_1_71' title='bbox 707 1065 830 1152; x_wconf 88' lang='lat' dir='ltr'><strong>quihus</strong></span> <span class='ocrx_word' id='word_1_72' title='bbox 851 1086 988 1150; x_wconf 88' lang='lat' dir='ltr'><strong>corpora</strong></span> <span class='ocrx_word' id='word_1_73' title='bbox 1010 1084 1140 1150; x_wconf 89' lang='lat' dir='ltr'><strong>compo-</strong></span> 
     </span>
     <span class='ocr_line' id='line_1_12' title="bbox 65 1147 1140 1234; baseline -0.005 -19"><span class='ocrx_word' id='word_1_74' title='bbox 65 1163 200 1222; x_wconf 84' lang='lat' dir='ltr'><strong>nuntur,</strong></span> <span class='ocrx_word' id='word_1_75' title='bbox 224 1148 373 1212; x_wconf 71' lang='lat' dir='ltr'><strong>diuersae</strong></span> <span class='ocrx_word' id='word_1_76' title='bbox 389 1158 464 1213; x_wconf 90' lang='lat' dir='ltr'><strong>sunt</strong></span> <span class='ocrx_word' id='word_1_77' title='bbox 478 1147 749 1234; x_wconf 85' lang='lat' dir='ltr'><strong>Philosophorum</strong></span> <span class='ocrx_word' id='word_1_78' title='bbox 772 1149 954 1233; x_wconf 80' lang='lat' dir='ltr'><strong>opiniones.</strong></span> <span class='ocrx_word' id='word_1_79' title='bbox 977 1150 1086 1232; x_wconf 78' lang='lat' dir='ltr'><strong>Atque</strong></span> <span class='ocrx_word' id='word_1_80' title='bbox 1108 1147 1140 1211; x_wconf 93' lang='lat' dir='ltr'><strong>in</strong></span> 
     </span>
     <span class='ocr_line' id='line_1_13' title="bbox 64 1229 1141 1320; baseline -0.002 -26"><span class='ocrx_word' id='word_1_81' title='bbox 64 1233 212 1320; x_wconf 78' lang='lat' dir='ltr'><strong>primiss&#39;</strong></span> <span class='ocrx_word' id='word_1_82' title='bbox 235 1230 535 1307; x_wconf 83' lang='lat' dir='ltr'><strong>sternantomioum,</strong></span> <span class='ocrx_word' id='word_1_83' title='bbox 563 1251 618 1295; x_wconf 87' lang='lat' dir='ltr'><strong>seu</strong></span> <span class='ocrx_word' id='word_1_84' title='bbox 646 1232 830 1296; x_wconf 77' lang='lat' dir='ltr'><strong>atomiemur</strong></span> <span class='ocrx_word' id='word_1_85' title='bbox 859 1229 984 1296; x_wconf 90' lang='lat' dir='ltr'><strong>dicitur</strong></span> <span class='ocrx_word' id='word_1_86' title='bbox 1011 1230 1141 1295; x_wconf 89' lang='lat' dir='ltr'><strong>illorum</strong></span> 
     </span>
     <span class='ocr_line' id='line_1_14' title="bbox 64 1252 1143 1410; baseline 0.001 -35"><span class='ocrx_word' id='word_1_87' title='bbox 64 1252 334 1410; x_wconf 81' lang='lat' dir='ltr'><strong>philosophorum</strong></span> <span class='ocrx_word' id='word_1_88' title='bbox 356 1311 516 1386; x_wconf 91' lang='lat' dir='ltr'><strong>doctrina,</strong></span> <span class='ocrx_word' id='word_1_89' title='bbox 540 1314 597 1397; x_wconf 86' lang='lat' dir='ltr'><strong>qui</strong></span> <span class='ocrx_word' id='word_1_90' title='bbox 622 1335 718 1378; x_wconf 91' lang='lat' dir='ltr'><strong>omne</strong></span> <span class='ocrx_word' id='word_1_91' title='bbox 732 1332 858 1398; x_wconf 44' lang='lat' dir='ltr'><strong>,corpus</strong></span> <span class='ocrx_word' id='word_1_92' title='bbox 871 1311 913 1376; x_wconf 92' lang='lat' dir='ltr'><strong>ab</strong></span> <span class='ocrx_word' id='word_1_93' title='bbox 927 1311 1002 1376; x_wconf 93' lang='lat' dir='ltr'><strong>aliis</strong></span> <span class='ocrx_word' id='word_1_94' title='bbox 1016 1312 1143 1396; x_wconf 77' lang='lat' dir='ltr'><strong>exiguis</strong></span> 
     </span>
     <span class='ocr_line' id='line_1_15' title="bbox 23 1393 1145 1516; baseline 0.001 -59"><span class='ocrx_word' id='word_1_95' title='bbox 23 1449 28 1466; x_wconf 82' lang='lat'><strong>,</strong></span> <span class='ocrx_word' id='word_1_96' title='bbox 69 1394 277 1516; x_wconf 64' lang='lat' dir='ltr'><strong>&#39;corporthps</strong></span> <span class='ocrx_word' id='word_1_97' title='bbox 303 1415 387 1479; x_wconf 88' lang='lat' dir='ltr'><strong>quae</strong></span> <span class='ocrx_word' id='word_1_98' title='bbox 410 1408 526 1458; x_wconf 78' lang='lat' dir='ltr'><strong>memes</strong></span> <span class='ocrx_word' id='word_1_99' title='bbox 549 1407 717 1474; x_wconf 74' lang='lat' dir='ltr'><strong>uocarunt,</strong></span> <span class='ocrx_word' id='word_1_100' title='bbox 733 1393 904 1459; x_wconf 78' lang='lat' dir='ltr'><strong>dumtaxat</strong></span> <span class='ocrx_word' id='word_1_101' title='bbox 924 1396 1077 1480; x_wconf 85' lang='lat' dir='ltr'><strong>componi</strong></span> <span class='ocrx_word' id='word_1_102' title='bbox 1091 1393 1145 1458; x_wconf 89' lang='lat' dir='ltr'><strong>de·</strong></span> 
     </span>
     <span class='ocr_line' id='line_1_16' title="bbox 70 1489 250 1544; baseline -0.017 0"><span class='ocrx_word' id='word_1_103' title='bbox 70 1489 212 1544; x_wconf 85' lang='lat' dir='ltr'><strong>cernunt</strong></span> <span class='ocrx_word' id='word_1_104' title='bbox 242 1526 250 1541; x_wconf 86' lang='lat'><strong>.</strong></span> 
     </span>
    </p>

    <p class='ocr_par' dir='ltr' id='par_1_5' title="bbox 66 1555 1147 1969">
     <span class='ocr_line' id='line_1_17' title="bbox 110 1555 1145 1644; baseline -0.002 -20"><span class='ocrx_word' id='word_1_105' title='bbox 110 1559 142 1624; x_wconf 88' lang='grc'><strong>8.</strong></span> <span class='ocrx_word' id='word_1_106' title='bbox 167 1559 386 1624; x_wconf 78' lang='lat' dir='ltr'><strong>Atomismum</strong></span> <span class='ocrx_word' id='word_1_107' title='bbox 412 1559 497 1621; x_wconf 86' lang='lat' dir='ltr'><strong>inter</strong></span> <span class='ocrx_word' id='word_1_108' title='bbox 519 1569 645 1623; x_wconf 82' lang='lat' dir='ltr'><strong>veteres</strong></span> <span class='ocrx_word' id='word_1_109' title='bbox 664 1569 736 1643; x_wconf 86' lang='lat' dir='ltr'><strong>post</strong></span> <span class='ocrx_word' id='word_1_110' title='bbox 750 1557 967 1644; x_wconf 82' lang='lat' dir='ltr'><strong>Leucippum,</strong></span> <span class='ocrx_word' id='word_1_111' title='bbox 982 1568 1014 1622; x_wconf 92' lang='lat' dir='ltr'><strong>et</strong></span> <span class='ocrx_word' id='word_1_112' title='bbox 1029 1555 1145 1622; x_wconf 84' lang='lat' dir='ltr'><strong>Demo·</strong></span> 
     </span>
     <span class='ocr_line' id='line_1_18' title="bbox 68 1639 1144 1724; baseline 0.001 -21"><span class='ocrx_word' id='word_1_113' title='bbox 68 1639 189 1705; x_wconf 91' lang='lat' dir='ltr'><strong>critnm</strong></span> <span class='ocrx_word' id='word_1_114' title='bbox 215 1641 380 1723; x_wconf 82' lang='lat' dir='ltr'><strong>Epicurus</strong></span> <span class='ocrx_word' id='word_1_115' title='bbox 404 1641 637 1724; x_wconf 76' lang='lat' dir='ltr'><strong>propugnavit,</strong></span> <span class='ocrx_word' id='word_1_116' title='bbox 659 1641 754 1705; x_wconf 88' lang='lat' dir='ltr'><strong>cuius</strong></span> <span class='ocrx_word' id='word_1_117' title='bbox 775 1640 856 1704; x_wconf 90' lang='lat' dir='ltr'><strong>haec</strong></span> <span class='ocrx_word' id='word_1_118' title='bbox 883 1639 947 1705; x_wconf 87' lang='lat' dir='ltr'><strong>luit</strong></span> <span class='ocrx_word' id='word_1_119' title='bbox 967 1642 1144 1706; x_wconf 87' lang='lat' dir='ltr'><strong>sententia:</strong></span> 
     </span>
     <span class='ocr_line' id='line_1_19' title="bbox 67 1720 1146 1807; baseline -0.001 -19"><span class='ocrx_word' id='word_1_120' title='bbox 67 1720 239 1806; x_wconf 82' lang='lat' dir='ltr'><strong>Principia</strong></span> <span class='ocrx_word' id='word_1_121' title='bbox 260 1740 436 1806; x_wconf 88' lang='lat' dir='ltr'><strong>corporum</strong></span> <span class='ocrx_word' id='word_1_122' title='bbox 461 1733 536 1786; x_wconf 87' lang='lat' dir='ltr'><strong>sunt</strong></span> <span class='ocrx_word' id='word_1_123' title='bbox 557 1720 756 1807; x_wconf 84' lang='lat' dir='ltr'><strong>corpuscula</strong></span> <span class='ocrx_word' id='word_1_124' title='bbox 774 1735 900 1795; x_wconf 86' lang='lat' dir='ltr'><strong>atomo,</strong></span> <span class='ocrx_word' id='word_1_125' title='bbox 922 1742 1039 1807; x_wconf 81' lang='lat' dir='ltr'><strong>nempe</strong></span> <span class='ocrx_word' id='word_1_126' title='bbox 1062 1723 1146 1787; x_wconf 88' lang='lat' dir='ltr'><strong>inse-</strong></span> 
     </span>
     <span class='ocr_line' id='line_1_20' title="bbox 67 1801 1147 1888; baseline 0.001 -19"><span class='ocrx_word' id='word_1_127' title='bbox 67 1801 203 1880; x_wconf 85' lang='lat' dir='ltr'><strong>cabilia,</strong></span> <span class='ocrx_word' id='word_1_128' title='bbox 226 1825 324 1888; x_wconf 84' lang='lat' dir='ltr'><strong>quae,</strong></span> <span class='ocrx_word' id='word_1_129' title='bbox 346 1805 498 1886; x_wconf 85' lang='lat' dir='ltr'><strong>quamvis</strong></span> <span class='ocrx_word' id='word_1_130' title='bbox 521 1817 629 1888; x_wconf 84' lang='lat' dir='ltr'><strong>partes</strong></span> <span class='ocrx_word' id='word_1_131' title='bbox 649 1801 802 1880; x_wconf 88' lang='lat' dir='ltr'><strong>habeant,</strong></span> <span class='ocrx_word' id='word_1_132' title='bbox 827 1804 861 1867; x_wconf 91' lang='lat' dir='ltr'><strong>in</strong></span> <span class='ocrx_word' id='word_1_133' title='bbox 883 1801 956 1868; x_wconf 87' lang='lat' dir='ltr'><strong>illas</strong></span> <span class='ocrx_word' id='word_1_134' title='bbox 971 1814 1078 1868; x_wconf 91' lang='lat' dir='ltr'><strong>tamen</strong></span> <span class='ocrx_word' id='word_1_135' title='bbox 1100 1803 1147 1870; x_wconf 90' lang='lat' dir='ltr'><strong>di·</strong></span> 
     </span>
     <span class='ocr_line' id='line_1_21' title="bbox 66 1884 1146 1969; baseline 0.002 -20"><span class='ocrx_word' id='word_1_136' title='bbox 66 1884 135 1950; x_wconf 85' lang='lat' dir='ltr'><strong>vidi</strong></span> <span class='ocrx_word' id='word_1_137' title='bbox 159 1895 349 1969; x_wconf 85' lang='lat' dir='ltr'><strong>nequeunt,</strong></span> <span class='ocrx_word' id='word_1_138' title='bbox 373 1903 477 1968; x_wconf 89' lang='lat' dir='ltr'><strong>eaque</strong></span> <span class='ocrx_word' id='word_1_139' title='bbox 500 1887 543 1950; x_wconf 92' lang='lat' dir='ltr'><strong>ita</strong></span> <span class='ocrx_word' id='word_1_140' title='bbox 566 1887 687 1968; x_wconf 77' lang='lat' dir='ltr'><strong>exigua</strong></span> <span class='ocrx_word' id='word_1_141' title='bbox 711 1896 802 1961; x_wconf 85' lang='lat' dir='ltr'><strong>sunt,</strong></span> <span class='ocrx_word' id='word_1_142' title='bbox 824 1895 860 1950; x_wconf 93' lang='lat' dir='ltr'><strong>ut</strong></span> <span class='ocrx_word' id='word_1_143' title='bbox 882 1906 1012 1949; x_wconf 88' lang='lat' dir='ltr'><strong>omnem</strong></span> <span class='ocrx_word' id='word_1_144' title='bbox 1034 1887 1146 1951; x_wconf 88' lang='lat' dir='ltr'><strong>oculo-</strong></span> 
     </span>
    </p>
   </div>
   <div class='ocr_carea' id='block_1_5' title="bbox 66 1964 1149 2521">
    <p class='ocr_par' dir='ltr' id='par_1_6' title="bbox 66 1964 1149 2521">
     <span class='ocr_line' id='line_1_22' title="bbox 66 1964 1145 2053; baseline 0 -21"><span class='ocrx_word' id='word_1_145' title='bbox 66 1989 141 2032; x_wconf 87' lang='lat' dir='ltr'><strong>rum</strong></span> <span class='ocrx_word' id='word_1_146' title='bbox 165 1969 268 2032; x_wconf 84' lang='lat' dir='ltr'><strong>aciem</strong></span> <span class='ocrx_word' id='word_1_147' title='bbox 300 1965 472 2046; x_wconf 72' lang='lat' dir='ltr'><strong>olluuiaut,</strong></span> <span class='ocrx_word' id='word_1_148' title='bbox 495 1964 678 2051; x_wconf 79' lang='lat' dir='ltr'><strong>figuraque,</strong></span> <span class='ocrx_word' id='word_1_149' title='bbox 703 1967 942 2050; x_wconf 80' lang='lat' dir='ltr'><strong>magnitudine,</strong></span> <span class='ocrx_word' id='word_1_150' title='bbox 965 1969 1145 2053; x_wconf 80' lang='lat' dir='ltr'><strong>gravitate,</strong></span> 
     </span>
     <span class='ocr_line' id='line_1_23' title="bbox 67 2045 1148 2134; baseline 0 -20"><span class='ocrx_word' id='word_1_151' title='bbox 67 2048 125 2114; x_wconf 93' lang='lat' dir='ltr'><strong>alii</strong></span> <span class='ocrx_word' id='word_1_152' title='bbox 167 2070 209 2112; x_wconf 92' lang='lat' dir='ltr'><strong>ue</strong></span> <span class='ocrx_word' id='word_1_153' title='bbox 224 2045 454 2134; x_wconf 88' lang='lat' dir='ltr'><strong>qualitatihus,</strong></span> <span class='ocrx_word' id='word_1_154' title='bbox 469 2070 552 2133; x_wconf 84' lang='lat' dir='ltr'><strong>quae</strong></span> <span class='ocrx_word' id='word_1_155' title='bbox 567 2050 782 2134; x_wconf 89' lang='lat' dir='ltr'><strong>quantitatem</strong></span> <span class='ocrx_word' id='word_1_156' title='bbox 798 2069 890 2113; x_wconf 88' lang='lat' dir='ltr'><strong>cons.</strong></span> <span class='ocrx_word' id='word_1_157' title='bbox 916 2061 1050 2125; x_wconf 86' lang='lat' dir='ltr'><strong>uantur,</strong></span> <span class='ocrx_word' id='word_1_158' title='bbox 1073 2061 1148 2116; x_wconf 88' lang='lat' dir='ltr'><strong>sunt</strong></span> 
     </span>
     <span class='ocr_line' id='line_1_24' title="bbox 67 2131 1147 2218; baseline 0.001 -23"><span class='ocrx_word' id='word_1_159' title='bbox 67 2150 149 2218; x_wconf 90' lang='lat' dir='ltr'><strong>prae</strong></span> <span class='ocrx_word' id='word_1_160' title='bbox 176 2132 232 2195; x_wconf 91' lang='lat' dir='ltr'><strong>ita.</strong></span> <span class='ocrx_word' id='word_1_161' title='bbox 257 2133 327 2196; x_wconf 92' lang='lat' dir='ltr'><strong>lam</strong></span> <span class='ocrx_word' id='word_1_162' title='bbox 350 2149 487 2213; x_wconf 89' lang='lat' dir='ltr'><strong>corpora</strong></span> <span class='ocrx_word' id='word_1_163' title='bbox 512 2131 690 2214; x_wconf 77' lang='lat' dir='ltr'><strong>gignuntur</strong></span> <span class='ocrx_word' id='word_1_164' title='bbox 710 2153 752 2195; x_wconf 92' lang='lat' dir='ltr'><strong>ex</strong></span> <span class='ocrx_word' id='word_1_165' title='bbox 773 2152 813 2196; x_wconf 91' lang='lat' dir='ltr'><strong>eo</strong></span> <span class='ocrx_word' id='word_1_166' title='bbox 855 2155 887 2198; x_wconf 79' lang='grc' dir='ltr'><strong>ιι(</strong></span> <span class='ocrx_word' id='word_1_167' title='bbox 934 2135 1049 2207; x_wconf 88' lang='lat' dir='ltr'><strong>atomi,</strong></span> <span class='ocrx_word' id='word_1_168' title='bbox 1064 2153 1147 2217; x_wconf 86' lang='lat' dir='ltr'><strong>quae</strong></span> 
     </span>
     <span class='ocr_line' id='line_1_25' title="bbox 69 2153 1143 2299; baseline 0.003 -23"><span class='ocrx_word' id='word_1_169' title='bbox 69 2231 131 2299; x_wconf 88' lang='lat' dir='ltr'><strong>per</strong></span> <span class='ocrx_word' id='word_1_170' title='bbox 155 2233 294 2276; x_wconf 87' lang='lat' dir='ltr'><strong>vacuum</strong></span> <span class='ocrx_word' id='word_1_171' title='bbox 319 2223 501 2296; x_wconf 77' lang='lat' dir='ltr'><strong>vagantur,</strong></span> <span class='ocrx_word' id='word_1_172' title='bbox 524 2213 645 2276; x_wconf 86' lang='lat' dir='ltr'><strong>similes</strong></span> <span class='ocrx_word' id='word_1_173' title='bbox 668 2233 742 2276; x_wconf 85' lang='lat' dir='ltr'><strong>cum</strong></span> <span class='ocrx_word' id='word_1_174' title='bbox 770 2153 932 2279; x_wconf 79' lang='lat' dir='ltr'><strong>similibus</strong></span> <span class='ocrx_word' id='word_1_175' title='bbox 956 2215 1143 2289; x_wconf 71' lang='lat' dir='ltr'><strong>cohaerent</strong></span> 
     </span>
     <span class='ocr_line' id='line_1_26' title="bbox 69 2295 1149 2379; baseline 0.002 -21"><span class='ocrx_word' id='word_1_176' title='bbox 69 2303 170 2378; x_wconf 87' lang='lat' dir='ltr'><strong>atque</strong></span> <span class='ocrx_word' id='word_1_177' title='bbox 194 2297 239 2360; x_wconf 90' lang='lat' dir='ltr'><strong>ita</strong></span> <span class='ocrx_word' id='word_1_178' title='bbox 262 2314 373 2359; x_wconf 86' lang='lat' dir='ltr'><strong>secum</strong></span> <span class='ocrx_word' id='word_1_179' title='bbox 397 2295 660 2368; x_wconf 90' lang='lat' dir='ltr'><strong>commiscentur;</strong></span> <span class='ocrx_word' id='word_1_180' title='bbox 684 2308 941 2379; x_wconf 88' lang='lat' dir='ltr'><strong>corrumpuntur</strong></span> <span class='ocrx_word' id='word_1_181' title='bbox 960 2318 1050 2371; x_wconf 85' lang='lat' dir='ltr'><strong>vero,</strong></span> <span class='ocrx_word' id='word_1_182' title='bbox 1073 2317 1149 2360; x_wconf 91' lang='lat' dir='ltr'><strong>cum</strong></span> 
     </span>
     <span class='ocr_line' id='line_1_27' title="bbox 69 2373 1147 2521; baseline 0.001 -81"><span class='ocrx_word' id='word_1_183' title='bbox 69 2379 187 2450; x_wconf 85' lang='lat' dir='ltr'><strong>atomi,</strong></span> <span class='ocrx_word' id='word_1_184' title='bbox 210 2399 251 2440; x_wconf 86' lang='lat' dir='ltr'><strong>ex</strong></span> <span class='ocrx_word' id='word_1_185' title='bbox 266 2395 407 2521; x_wconf 71' lang='lat' dir='ltr'><strong>oduarum</strong></span> <span class='ocrx_word' id='word_1_186' title='bbox 430 2373 659 2441; x_wconf 87' lang='lat' dir='ltr'><strong>coniunctione</strong></span> <span class='ocrx_word' id='word_1_187' title='bbox 682 2375 794 2441; x_wconf 83' lang='lat' dir='ltr'><strong>ellectu</strong></span> <span class='ocrx_word' id='word_1_188' title='bbox 816 2391 903 2454; x_wconf 90' lang='lat' dir='ltr'><strong>sunt,</strong></span> <span class='ocrx_word' id='word_1_189' title='bbox 918 2379 1147 2452; x_wconf 86' lang='lat' dir='ltr'><strong>dissociantur,</strong></span> 
     </span>
    </p>
   </div>
   <div class='ocr_carea' id='block_1_6' title="bbox 70 2457 1151 3121">
    <p class='ocr_par' dir='ltr' id='par_1_7' title="bbox 70 2457 1149 2608">
     <span class='ocr_line' id='line_1_28' title="bbox 72 2457 1149 2546; baseline 0.002 -23"><span class='ocrx_word' id='word_1_190' title='bbox 72 2458 254 2525; x_wconf 88' lang='lat' dir='ltr'><strong>alterantur</strong></span> <span class='ocrx_word' id='word_1_191' title='bbox 298 2459 434 2540; x_wconf 87' lang='lat' dir='ltr'><strong>eoique,</strong></span> <span class='ocrx_word' id='word_1_192' title='bbox 457 2457 484 2522; x_wconf 88' lang='lat' dir='ltr'><strong>si</strong></span> <span class='ocrx_word' id='word_1_193' title='bbox 508 2457 680 2543; x_wconf 81' lang='lat' dir='ltr'><strong>dispositio</strong></span> <span class='ocrx_word' id='word_1_194' title='bbox 702 2468 884 2524; x_wconf 85' lang='lat' dir='ltr'><strong>atomorum</strong></span> <span class='ocrx_word' id='word_1_195' title='bbox 909 2463 942 2526; x_wconf 93' lang='lat' dir='ltr'><strong>in</strong></span> <span class='ocrx_word' id='word_1_196' title='bbox 965 2462 1046 2546; x_wconf 90' lang='lat' dir='ltr'><strong>ipsis</strong></span> <span class='ocrx_word' id='word_1_197' title='bbox 1068 2481 1149 2546; x_wconf 89' lang='lat' dir='ltr'><strong>quo·</strong></span> 
     </span>
     <span class='ocr_line' id='line_1_29' title="bbox 70 2538 431 2608; baseline -0.006 -4"><span class='ocrx_word' id='word_1_198' title='bbox 70 2538 245 2606; x_wconf 90' lang='lat' dir='ltr'><strong>dammodo</strong></span> <span class='ocrx_word' id='word_1_199' title='bbox 268 2539 431 2608; x_wconf 84' lang='lat' dir='ltr'><strong>turbetur.</strong></span> 
     </span>
    </p>

    <p class='ocr_par' dir='ltr' id='par_1_8' title="bbox 70 2620 1151 3121">
     <span class='ocr_line' id='line_1_30' title="bbox 112 2620 1150 2707; baseline -0.003 -19"><span class='ocrx_word' id='word_1_200' title='bbox 112 2621 144 2688; x_wconf 87' lang='lat'><strong>9.</strong></span> <span class='ocrx_word' id='word_1_201' title='bbox 169 2622 305 2707; x_wconf 88' lang='lat' dir='ltr'><strong>Epicuri</strong></span> <span class='ocrx_word' id='word_1_202' title='bbox 329 2621 510 2686; x_wconf 80' lang='lat' dir='ltr'><strong>doctrinam</strong></span> <span class='ocrx_word' id='word_1_203' title='bbox 534 2620 669 2685; x_wconf 93' lang='lat' dir='ltr'><strong>omnino</strong></span> <span class='ocrx_word' id='word_1_204' title='bbox 691 2633 872 2687; x_wconf 88' lang='lat' dir='ltr'><strong>emortuam</strong></span> <span class='ocrx_word' id='word_1_205' title='bbox 897 2625 983 2689; x_wconf 93' lang='lat' dir='ltr'><strong>inter</strong></span> <span class='ocrx_word' id='word_1_206' title='bbox 1003 2633 1150 2689; x_wconf 85' lang='lat' dir='ltr'><strong>recentes</strong></span> 
     </span>
     <span class='ocr_line' id='line_1_31' title="bbox 73 2700 1150 2791; baseline -0.002 -21"><span class='ocrx_word' id='word_1_207' title='bbox 73 2704 257 2770; x_wconf 86' lang='lat' dir='ltr'><strong>Gassendus</strong></span> <span class='ocrx_word' id='word_1_208' title='bbox 280 2703 359 2778; x_wconf 89' lang='lat' dir='ltr'><strong>duo,</strong></span> <span class='ocrx_word' id='word_1_209' title='bbox 385 2723 468 2783; x_wconf 76' lang='lat' dir='ltr'><strong>arrae</strong></span> <span class='ocrx_word' id='word_1_210' title='bbox 492 2702 544 2768; x_wconf 90' lang='lat' dir='ltr'><strong>ille</strong></span> <span class='ocrx_word' id='word_1_211' title='bbox 565 2700 769 2779; x_wconf 90' lang='lat' dir='ltr'><strong>admittebat,</strong></span> <span class='ocrx_word' id='word_1_212' title='bbox 785 2704 947 2782; x_wconf 86' lang='lat' dir='ltr'><strong>reiiciens,</strong></span> <span class='ocrx_word' id='word_1_213' title='bbox 965 2727 1081 2791; x_wconf 88' lang='lat' dir='ltr'><strong>nempe</strong></span> <span class='ocrx_word' id='word_1_214' title='bbox 1095 2726 1150 2769; x_wconf 90' lang='lat' dir='ltr'><strong>ae·</strong></span> 
     </span>
     <span class='ocr_line' id='line_1_32' title="bbox 71 2785 1151 2869; baseline 0 -18"><span class='ocrx_word' id='word_1_215' title='bbox 71 2788 258 2853; x_wconf 88' lang='lat' dir='ltr'><strong>temitatem</strong></span> <span class='ocrx_word' id='word_1_216' title='bbox 281 2798 488 2858; x_wconf 87' lang='lat' dir='ltr'><strong>atomorum,</strong></span> <span class='ocrx_word' id='word_1_217' title='bbox 512 2796 608 2869; x_wconf 83' lang='lat' dir='ltr'><strong>atque</strong></span> <span class='ocrx_word' id='word_1_218' title='bbox 630 2805 672 2848; x_wconf 93' lang='lat' dir='ltr'><strong>ex</strong></span> <span class='ocrx_word' id='word_1_219' title='bbox 694 2785 823 2850; x_wconf 89' lang='lat' dir='ltr'><strong>illarum</strong></span> <span class='ocrx_word' id='word_1_220' title='bbox 852 2785 989 2854; x_wconf 81' lang='lat' dir='ltr'><strong>fortuita</strong></span> <span class='ocrx_word' id='word_1_221' title='bbox 1014 2808 1151 2852; x_wconf 91' lang='lat' dir='ltr'><strong>concur-</strong></span> 
     </span>
     <span class='ocr_line' id='line_1_33' title="bbox 71 2865 1149 2957; baseline 0 -25"><span class='ocrx_word' id='word_1_222' title='bbox 71 2871 162 2933; x_wconf 87' lang='lat' dir='ltr'><strong>sione</strong></span> <span class='ocrx_word' id='word_1_223' title='bbox 186 2867 300 2934; x_wconf 92' lang='lat' dir='ltr'><strong>mundi</strong></span> <span class='ocrx_word' id='word_1_224' title='bbox 325 2865 587 2954; x_wconf 88' lang='lat' dir='ltr'><strong>productionem,</strong></span> <span class='ocrx_word' id='word_1_225' title='bbox 610 2869 821 2934; x_wconf 87' lang='lat' dir='ltr'><strong>exsuscitavit</strong></span> <span class='ocrx_word' id='word_1_226' title='bbox 834 2868 860 2945; x_wconf 81' lang='lat'><strong>²,</strong></span> <span class='ocrx_word' id='word_1_227' title='bbox 878 2891 1017 2957; x_wconf 88' lang='lat' dir='ltr'><strong>eamque</strong></span> <span class='ocrx_word' id='word_1_228' title='bbox 1032 2890 1149 2955; x_wconf 72' lang='lat' dir='ltr'><strong>magna</strong></span> 
     </span>
     <span class='ocr_line' id='line_1_34' title="bbox 71 2948 1151 3038; baseline 0.001 -23"><span class='ocrx_word' id='word_1_229' title='bbox 71 2971 112 3016; x_wconf 89' lang='lat' dir='ltr'><strong>ex</strong></span> <span class='ocrx_word' id='word_1_230' title='bbox 134 2962 225 3038; x_wconf 89' lang='lat' dir='ltr'><strong>parte</strong></span> <span class='ocrx_word' id='word_1_231' title='bbox 246 2949 411 3017; x_wconf 85' lang='lat' dir='ltr'><strong>Cartesius</strong></span> <span class='ocrx_word' id='word_1_232' title='bbox 427 2951 456 3022; x_wconf 82' lang='lat'><strong>⁸,</strong></span> <span class='ocrx_word' id='word_1_233' title='bbox 479 2958 512 3014; x_wconf 91' lang='lat' dir='ltr'><strong>et</strong></span> <span class='ocrx_word' id='word_1_234' title='bbox 534 2957 605 3035; x_wconf 91' lang='lat' dir='ltr'><strong>post</strong></span> <span class='ocrx_word' id='word_1_235' title='bbox 627 2970 703 3014; x_wconf 89' lang='lat' dir='ltr'><strong>eum</strong></span> <span class='ocrx_word' id='word_1_236' title='bbox 726 2948 854 3017; x_wconf 83' lang='lat' dir='ltr'><strong>diversa</strong></span> <span class='ocrx_word' id='word_1_237' title='bbox 876 2953 1000 3018; x_wconf 90' lang='lat' dir='ltr'><strong>ratione</strong></span> <span class='ocrx_word' id='word_1_238' title='bbox 1022 2953 1151 3018; x_wconf 75' lang='lat' dir='ltr'><strong>Neute-</strong></span> 
     </span>
     <span class='ocr_line' id='line_1_35' title="bbox 70 3029 1149 3121; baseline 0.002 -23"><span class='ocrx_word' id='word_1_239' title='bbox 70 3037 159 3100; x_wconf 77' lang='lat' dir='ltr'><strong>nus‘</strong></span> <span class='ocrx_word' id='word_1_240' title='bbox 182 3033 278 3121; x_wconf 84' lang='lat' dir='ltr'><strong>longe</strong></span> <span class='ocrx_word' id='word_1_241' title='bbox 299 3030 516 3098; x_wconf 87' lang='lat' dir='ltr'><strong>celebriorem</strong></span> <span class='ocrx_word' id='word_1_242' title='bbox 539 3029 762 3098; x_wconf 87' lang='lat' dir='ltr'><strong>reddiderunt.</strong></span> <span class='ocrx_word' id='word_1_243' title='bbox 785 3033 903 3100; x_wconf 86' lang='lat' dir='ltr'><strong>Nostra</strong></span> <span class='ocrx_word' id='word_1_244' title='bbox 922 3035 1023 3101; x_wconf 90' lang='lat' dir='ltr'><strong>etiam</strong></span> <span class='ocrx_word' id='word_1_245' title='bbox 1044 3043 1149 3100; x_wconf 81' lang='lat' dir='ltr'><strong>aetate</strong></span> 
     </span>
    </p>
   </div>
   <div class='ocr_carea' id='block_1_7' title="bbox 71 3266 1149 3691">
    <p class='ocr_par' dir='ltr' id='par_1_9' title="bbox 71 3266 1149 3474">
     <span class='ocr_line' id='line_1_36' title="bbox 108 3266 1149 3332; baseline -0.003 -11"><span class='ocrx_word' id='word_1_246' title='bbox 108 3271 114 3304; x_wconf 80' lang='lat'>¹</span> <span class='ocrx_word' id='word_1_247' title='bbox 136 3267 169 3321; x_wconf 88' lang='lat' dir='ltr'><strong>ttt</strong></span> <span class='ocrx_word' id='word_1_248' title='bbox 189 3267 338 3332; x_wconf 74' lang='lat' dir='ltr'><strong>philosophi</strong></span> <span class='ocrx_word' id='word_1_249' title='bbox 359 3266 391 3317; x_wconf 87' lang='lat' dir='ltr'><strong>ad</strong></span> <span class='ocrx_word' id='word_1_250' title='bbox 412 3266 480 3317; x_wconf 85' lang='lat' dir='ltr'><strong>hano</strong></span> <span class='ocrx_word' id='word_1_251' title='bbox 500 3268 660 3318; x_wconf 77' lang='lat' dir='ltr'><strong>sententiam</strong></span> <span class='ocrx_word' id='word_1_252' title='bbox 679 3279 710 3317; x_wconf 82' lang='lat' dir='ltr'><strong>ex</strong></span> <span class='ocrx_word' id='word_1_253' title='bbox 730 3279 764 3317; x_wconf 84' lang='lat' dir='ltr'><strong>eo</strong></span> <span class='ocrx_word' id='word_1_254' title='bbox 782 3269 970 3330; x_wconf 76' lang='lat' dir='ltr'><strong>pervenerunt,</strong></span> <span class='ocrx_word' id='word_1_255' title='bbox 989 3267 1059 3330; x_wconf 85' lang='lat' dir='ltr'><strong>qnod</strong></span> <span class='ocrx_word' id='word_1_256' title='bbox 1077 3269 1149 3318; x_wconf 88' lang='lat' dir='ltr'><strong>inre-</strong></span> 
     </span>
     <span class='ocr_line' id='line_1_37' title="bbox 72 3340 1149 3405; baseline -0.001 -14"><span class='ocrx_word' id='word_1_257' title='bbox 72 3343 239 3405; x_wconf 73' lang='lat' dir='ltr'><strong>stigationem</strong></span> <span class='ocrx_word' id='word_1_258' title='bbox 259 3343 330 3392; x_wconf 88' lang='lat' dir='ltr'><strong>circa</strong></span> <span class='ocrx_word' id='word_1_259' title='bbox 351 3342 483 3390; x_wconf 86' lang='lat' dir='ltr'><strong>clementa</strong></span> <span class='ocrx_word' id='word_1_260' title='bbox 512 3351 656 3402; x_wconf 84' lang='lat' dir='ltr'><strong>corporum</strong></span> <span class='ocrx_word' id='word_1_261' title='bbox 684 3340 741 3390; x_wconf 83' lang='lat' dir='ltr'><strong>aola</strong></span> <span class='ocrx_word' id='word_1_262' title='bbox 769 3340 932 3402; x_wconf 82' lang='lat' dir='ltr'><strong>experientia</strong></span> <span class='ocrx_word' id='word_1_263' title='bbox 959 3341 1149 3390; x_wconf 79' lang='lat' dir='ltr'><strong>instituendam</strong></span> 
     </span>
     <span class='ocr_line' id='line_1_38' title="bbox 71 3415 420 3474; baseline -0.009 -12"><span class='ocrx_word' id='word_1_264' title='bbox 71 3427 129 3463; x_wconf 83' lang='lat' dir='ltr'><strong>essa</strong></span> <span class='ocrx_word' id='word_1_265' title='bbox 149 3415 197 3462; x_wconf 81' lang='lat' dir='ltr'><strong>riht</strong></span> <span class='ocrx_word' id='word_1_266' title='bbox 219 3415 420 3474; x_wconf 81' lang='lat' dir='ltr'><strong>persuaserunt.</strong></span> 
     </span>
    </p>

    <p class='ocr_par' dir='ltr' id='par_1_10' title="bbox 107 3480 992 3547">
     <span class='ocr_line' id='line_1_39' title="bbox 107 3480 992 3547; baseline 0 -14"><span class='ocrx_word' id='word_1_267' title='bbox 107 3484 119 3519; x_wconf 84' lang='lat'><strong>²</strong></span> <span class='ocrx_word' id='word_1_268' title='bbox 138 3485 279 3545; x_wconf 72' lang='lat' dir='ltr'><strong>Suntnpmn</strong></span> <span class='ocrx_word' id='word_1_269' title='bbox 297 3483 374 3547; x_wconf 65' lang='lat' dir='ltr'><strong>pith,</strong></span> <span class='ocrx_word' id='word_1_270' title='bbox 396 3496 457 3545; x_wconf 85' lang='lat' dir='ltr'><strong>pars</strong></span> <span class='ocrx_word' id='word_1_271' title='bbox 479 3481 513 3541; x_wconf 86' lang='lat' dir='ltr'><strong>ll.</strong></span> <span class='ocrx_word' id='word_1_272' title='bbox 535 3483 628 3546; x_wconf 67' lang='lat' dir='ltr'><strong>Phua„</strong></span> <span class='ocrx_word' id='word_1_273' title='bbox 649 3487 716 3533; x_wconf 82' lang='lat' dir='ltr'><strong>rect.</strong></span> <span class='ocrx_word' id='word_1_274' title='bbox 738 3481 760 3541; x_wconf 98' lang='lat' dir='ltr'><strong>l,</strong></span> <span class='ocrx_word' id='word_1_275' title='bbox 780 3481 828 3534; x_wconf 89' lang='lat' dir='ltr'><strong>lib.</strong></span> <span class='ocrx_word' id='word_1_276' title='bbox 849 3480 897 3542; x_wconf 89' lang='lat' dir='ltr'><strong>lll,</strong></span> <span class='ocrx_word' id='word_1_277' title='bbox 917 3498 943 3533; x_wconf 89' lang='lat' dir='ltr'><strong>c.</strong></span> <span class='ocrx_word' id='word_1_278' title='bbox 963 3483 992 3533; x_wconf 84' lang='lat'><strong>8.</strong></span> 
     </span>
    </p>

    <p class='ocr_par' dir='ltr' id='par_1_11' title="bbox 74 3553 1148 3691">
     <span class='ocr_line' id='line_1_40' title="bbox 109 3553 1148 3628; baseline 0.005 -26"><span class='ocrx_word' id='word_1_279' title='bbox 109 3554 120 3589; x_wconf 79' lang='lat'><strong>³</strong></span> <span class='ocrx_word' id='word_1_280' title='bbox 141 3555 188 3602; x_wconf 67' lang='lat' dir='ltr'><strong>tes</strong></span> <span class='ocrx_word' id='word_1_281' title='bbox 205 3559 317 3616; x_wconf 82' lang='lat' dir='ltr'><strong>prtnotp.</strong></span> <span class='ocrx_word' id='word_1_282' title='bbox 338 3558 369 3604; x_wconf 80' lang='lat' dir='ltr'><strong>da</strong></span> <span class='ocrx_word' id='word_1_283' title='bbox 387 3557 414 3604; x_wconf 85' lang='lat' dir='ltr'><strong>tn</strong></span> <span class='ocrx_word' id='word_1_284' title='bbox 431 3555 508 3617; x_wconf 69' lang='lat' dir='ltr'><strong>pith,</strong></span> <span class='ocrx_word' id='word_1_285' title='bbox 530 3560 599 3616; x_wconf 90' lang='lat' dir='ltr'><strong>part.</strong></span> <span class='ocrx_word' id='word_1_286' title='bbox 621 3555 649 3614; x_wconf 81' lang='lat'><strong>3,</strong></span> <span class='ocrx_word' id='word_1_287' title='bbox 670 3561 685 3615; x_wconf 76' lang='lat' dir='ltr'><strong>s</strong></span> <span class='ocrx_word' id='word_1_288' title='bbox 705 3555 741 3606; x_wconf 71' lang='grc' dir='ltr'><strong>«Η</strong></span> <span class='ocrx_word' id='word_1_289' title='bbox 760 3569 820 3628; x_wconf 71' lang='lat' dir='ltr'><strong>sqq,</strong></span> <span class='ocrx_word' id='word_1_290' title='bbox 840 3559 868 3606; x_wconf 87' lang='lat' dir='ltr'><strong>et</strong></span> <span class='ocrx_word' id='word_1_291' title='bbox 888 3553 974 3614; x_wconf 71' lang='lat' dir='ltr'><strong>tratti</strong></span> <span class='ocrx_word' id='word_1_292' title='bbox 991 3557 1026 3607; x_wconf 83' lang='lat' dir='ltr'><strong>dra</strong></span> <span class='ocrx_word' id='word_1_293' title='bbox 1043 3557 1148 3616; x_wconf 80' lang='lat' dir='ltr'><strong>monde,</strong></span> 
     </span>
     <span class='ocr_line' id='line_1_41' title="bbox 74 3620 617 3691; baseline -0.007 -13"><span class='ocrx_word' id='word_1_294' title='bbox 74 3620 235 3690; x_wconf 63' lang='lat' dir='ltr'><strong>sutri-⁴</strong></span> <span class='ocrx_word' id='word_1_295' title='bbox 256 3626 365 3689; x_wconf 78' lang='lat' dir='ltr'><strong>uptun,</strong></span> <span class='ocrx_word' id='word_1_296' title='bbox 386 3625 432 3676; x_wconf 87' lang='lat' dir='ltr'><strong>lib.</strong></span> <span class='ocrx_word' id='word_1_297' title='bbox 453 3623 501 3687; x_wconf 88' lang='lat' dir='ltr'><strong>lll,</strong></span> <span class='ocrx_word' id='word_1_298' title='bbox 522 3639 550 3691; x_wconf 86' lang='lat' dir='ltr'><strong>q.</strong></span> <span class='ocrx_word' id='word_1_299' title='bbox 571 3625 617 3679; x_wconf 77' lang='lat' dir='ltr'><strong>at.</strong></span> 
     </span>
    </p>
   </div>
   <div class='ocr_carea' id='block_1_8' title="bbox 0 0 1255 3909">
    <p class='ocr_par' dir='ltr' id='par_1_12' title="bbox 0 0 1255 3909">
     <span class='ocr_line' id='line_1_42' title="bbox 0 0 1255 3909; baseline 0 0"><span class='ocrx_word' id='word_1_300' title='bbox 0 0 1255 3909; x_wconf 95' lang='lat' dir='ltr'><strong> </strong></span> 
     </span>
    </p>
   </div>
  </div>
 </body>
</html>
