2475 3909
158 173 220 238 iot
466 185 651 235 rnnoconra
676 187 860 234 narratus

153 275 224 340 230.
249 269 442 344 Substantia,
464 274 535 334 cius
557 267 692 344 iudicio,
717 282 764 334 est
787 293 851 344 eos,
873 269 959 354 qnod
985 289 1044 355 per
1065 288 1099 330 se
1121 273 1176 338 est,

114 368 147 422 et
167 377 224 441 per
238 376 272 418 se
294 353 489 439 concipitur.
506 353 574 416 Hac
595 352 726 415 notione
748 353 934 416 saihstootioc
959 353 1106 418 innixus,
1123 365 1180 414 sta·

115 438 178 504 tnit
198 458 295 500 unam
310 435 522 501 substantiam
544 455 607 496 non
625 454 715 518 posse
738 437 871 518 produci
895 435 935 498 ah
951 436 1015 499 alia
1034 433 1180 496 substan·

116 522 173 596 tia,
211 523 264 582 uia
287 537 380 581 secus
401 516 455 579 illa
478 519 545 580 sinc
566 517 625 580 ista
648 519 800 592 existere,
817 531 848 582 et
870 519 996 603 concipi
1022 536 1086 578 non
1113 535 1181 599 pos-

115 613 173 666 set.
188 541 349 676 lhuoe-irca
371 619 433 662 non
448 598 512 661 nisi
534 598 630 661 unica
652 597 828 664 substantia
851 599 920 665 dari
946 610 1061 684 polest,
1078 617 1180 678 eaque

117 682 319 767 improdueta
340 701 408 746 esse
430 679 546 755 dehet,
569 682 638 743 sive
660 681 869 758 huiusmodi,
893 694 929 747 nt
951 683 1021 744 eius
1041 679 1180 743 essentia

116 766 320 830 existentiam
346 763 528 826 necessario
556 761 708 827 involvat.
734 764 822 828 llaec
852 765 952 848 igitur
978 763 1077 826 unica
1109 759 1183 824 suh·

116 849 233 912 stantia
260 859 307 912 est
329 844 428 909 Deus.
450 843 544 920 Quod
566 847 592 908 si
617 853 745 928 practer
765 845 868 909 Deum
898 845 983 910 nulla
1004 843 1078 907 dari
1099 891 1107 914 ,
1132 863 1185 906 ne-

26 931 31 938 ’
114 950 177 1013 que
200 930 327 1014 concipi
355 938 458 1012 potest
479 927 670 1001 substantia,
687 929 836 1012 seqnitur
856 931 977 1002 omnia,
991 945 1079 1012 quae
1097 937 1182 995 sunl,

117 1030 181 1074 non
202 1010 291 1074 aliud
313 1030 381 1074 esse
405 1029 508 1094 posse,
525 1009 587 1071 nisi
609 1009 805 1080 affectiones,
821 1011 888 1074 sire
911 1009 1021 1074 modos
1043 1007 1185 1073 attrihn-

117 1105 222 1157 torum
246 1094 348 1177 ipsius
370 1091 441 1154 Dei.
464 1091 532 1153 lam
554 1110 664 1154 omnes
686 1112 762 1164 res,
786 1112 868 1177 quae
890 1103 1024 1166 extant,
1052 1102 1116 1155 ant
1138 1111 1185 1154 res

117 1195 311 1260 corporeae,
335 1183 389 1238 aul
412 1193 462 1236 res
483 1173 661 1257 cogitantes
683 1184 768 1249 sunt,
795 1185 827 1239 el
853 1177 1004 1257 quoniam
1026 1174 1120 1240 inter
1141 1175 1186 1235 in-

117 1257 205 1322 finita
228 1256 286 1320 Dei
309 1254 463 1321 attributa
490 1264 565 1319 sunt
585 1257 739 1331 extensio,
767 1267 799 1320 el
827 1258 994 1339 capitulio,
1019 1266 1114 1340 patet
1137 1275 1186 1318 res

117 1353 265 1402 extensas
285 1337 429 1401 infinitae
457 1337 679 1412 extensionis,
702 1347 734 1402 et
762 1359 811 1402 res
833 1340 1010 1424 cogitantes
1038 1337 1185 1402 infinitae

118 1421 322 1503 cogitationis
355 1419 414 1482 Dei
440 1439 508 1483 esse
531 1419 678 1482 modos¹.

157 1505 227 1569 231.
252 1503 386 1586 Spinosa
409 1501 463 1564 vix
486 1521 612 1571 unum,
636 1510 692 1565 aut
713 1503 851 1566 alterum
873 1503 1104 1587 suffragatores
1135 1502 1184 1565 ha·

119 1586 205 1662 hnit3
221 1607 238 1647 e
260 1584 437 1658 contrario,
454 1585 653 1656 innumeros,
669 1603 788 1668 eosque
808 1583 1012 1648 doctissimos
1034 1584 1186 1648 adversa·

120 1670 185 1732 rios
201 1679 311 1731 nactus
326 1676 383 1730 est.
397 1667 439 1729 At
453 1664 624 1728 novissime
640 1667 793 1730 Germani
811 1667 1008 1752 Philosophi,
1025 1669 1082 1750 qui
1101 1677 1187 1730 trun·

121 1747 320 1815 §crudentalcs
343 1747 580 1891 appellantur²,
595 1747 835 1841 Spinozismum
858 1771 950 1826 nova,
966 1749 1019 1811 sed
1044 1771 1110 1813 non
1129 1749 1186 1811 mi-

121 1855 180 1898 nus
202 1831 341 1896 absurda
378 1849 466 1892 orma
491 1830 523 1892 in
547 1829 692 1894 medium
714 1831 889 1916 protulere.
905 1834 969 1917 lpsi
995 1833 1085 1895 enim
1103 1827 1186 1894 illud

123 1915 318 2000 principium
341 1911 495 1995 amplexi,
510 1911 594 1973 ideas
613 1924 737 1976 nostroe
758 1914 879 1980 orchus
899 1918 976 1999 apua
995 1933 1056 1976 aon
1070 1914 1186 1976 distin-

119 2001 187 2077 (μή,
210 1997 311 2080 idque,
333 1996 412 2079 quod
432 1993 556 2074 capital,
577 2004 604 2054 et
627 1993 706 2078 qnod
727 1995 901 2076 copitclssr,
924 2016 1022 2060 nuum
1045 1995 1096 2057 iile
1151 2015 1186 2054 uc

121 2100 182 2142 csse
197 2081 219 2154 ⁸,
244 2079 434 2141 alterutrum
458 2075 532 2139 intlc
556 2074 676 2139 inferre
700 2087 865 2160 poterant,
888 2099 1002 2164 nempe
1025 2087 1082 2141 ant
1104 2076 1186 2141 ilud

483 2221 507 2228 ...
516 2220 833 2230 .........-.-.--—----—-...

161 2300 168 2332 ¹
190 2296 299 2361 Spinosa
318 2298 451 2346 notionem
471 2296 649 2350 substantiae.
669 2308 772 2358 exque
794 2301 876 2345 totam
896 2310 971 2345 suam
992 2297 1186 2361 philosophiam

121 2372 261 2429 imitavit,
282 2383 297 2419 a
317 2364 437 2420 Cartesio
456 2373 592 2417 mutuatus
611 2372 662 2417 ost.
683 2365 747 2416 llam
768 2363 901 2418 Cartesios
920 2365 989 2434 (ias
1004 2374 1138 2436 principes
1156 2377 1187 2424 de

121 2446 149 2494 to
164 2445 242 2507 phil..
263 2449 333 2505 part.
354 2439 375 2500 l,
394 2447 411 2501 s
429 2437 477 2507 el)
494 2440 585 2490 (locuit
605 2460 616 2483 ι
640 2453 706 2496 uos,
731 2453 794 2490 curn
813 2442 987 2491 substantiam
1006 2445 1185 2505 concipi-us,

122 2529 175 2566 uon
193 2516 265 2566 aliod
283 2515 435 2577 concipere,
455 2514 505 2562 nisi
524 2525 591 2568 min,
609 2525 680 2575 quae
700 2514 735 2560 ita
754 2514 853 2572 existit,
867 2518 897 2562 nt
916 2527 967 2563 non
987 2516 1036 2564 uisi
1053 2519 1141 2579 seipsa
1154 2519 1187 2567 ad

122 2589 286 2638 existendum
307 2588 421 2649 indigeat
442 2603 466 2635 ι.
494 2582 560 2634 [linc
580 2584 716 2647 spinosam
744 2579 888 2636 eCartesii
916 2585 1082 2649 philosophia
1107 2605 1185 2640 sunm

123 2662 318 2722 panthoismusn
331 2661 455 2708 elicuisse
467 2671 578 2707 concors
591 2657 778 2706 historicorum
793 2659 881 2720 opinio
893 2663 944 2708 est.
959 2655 1183 2716 ClTennernano,

125 2737 195 2784 Hist.
215 2735 277 2796 plsil.
298 2730 395 2794 (germ.
408 2729 428 2797 l,
447 2733 499 2780 rol.
515 2727 548 2785 lt,
570 2745 596 2791 p,
617 2731 679 2778 38l.
699 2738 726 2779 ct
745 2730 809 2786 lit,
830 2726 933 2794 Lipsiae
951 2731 1032 2790 leli,
1055 2729 1186 2796 Degerau·

123 2811 167 2861 do.
189 2807 258 2856 Hisl.
278 2808 309 2854 tis
326 2808 351 2854 to
368 2805 433 2868 phil·
452 2807 570 2852 aaronem.
590 2817 617 2852 c.
643 2803 684 2856 llt.
706 2807 726 2852 t.
748 2800 781 2857 lt,
802 2817 829 2866 p.
849 2804 902 2854 ³98
923 2817 983 2867 sqq,
1005 2804 1077 2854 Paris
1106 2808 1185 2859 tilii:

124 2875 233 2935 Cousin,
255 2881 298 2927 Du
321 2880 392 2934 Vroi,
412 2879 446 2926 ou
467 2877 641 2930 Boumelita
663 2877 736 2932 ilicis,
757 2889 784 2938 p.
805 2878 822 2926 4
840 2882 867 2926 el
882 2878 910 2934 tl,
931 2875 1002 2926 l'aris
1025 2877 1110 2935 lehis
1130 2877 1187 2943 Sl(-

124 2956 204 3009 wart,
225 2953 263 3000 ile
280 2952 458 2999 conuenientia
476 2949 629 3011 spiuoziami
646 2962 703 2997 cum
720 2949 881 3011 philosophia
898 2954 1047 3000 cartusiano
1064 2949 1187 3015 (germ),

125 3019 258 3085 Tuhinpae
279 3021 358 3080 1816,
377 3017 470 3080 llitter,
490 3023 530 3070 De
547 3023 582 3077 ci,
602 3034 680 3082 panos
700 3023 826 3071 Curiosius
843 3027 871 3072 in
889 3023 1057 3072 eminuerunt
1076 3027 1187 3087 respeci-

125 3101 174 3147 ami
193 3096 304 3146 exercuit
321 3090 443 3160 (μω),
465 3089 566 3154 Lipsiae
588 3093 666 3141 lttltl.

162 3169 173 3202 ²
192 3163 229 3218 tlt
242 3168 336 3224 ilani„
357 3182 383 3217 c.
405 3165 425 3222 Ι,
445 3180 472 3216 a.
492 3166 519 3222 l,
540 3179 567 3226 p.
586 3163 639 3213 soll
661 3165 713 3214 rol.
735 3163 755 3215 l.

161 3234 227 3290 ’Gi
243 3253 271 3300 p.
291 3240 354 3290 ⁴02.
375 3244 430 3288 not.
450 3238 478 3286 Ξ.
500 3235 567 3286 iluic
585 3237 697 3286 istorum
720 3237 934 3300 philosophorum
957 3239 1095 3289 doctrinae
1115 3243 1184 3289 riam

126 3313 217 3360 stravit
238 3307 359 3359 [lautius.
382 3308 432 3370 lpst
451 3311 521 3358 enim
541 3307 711 3370 perviderunt
730 3305 855 3360 Kanlium
874 3312 924 3361 sthi
939 3312 1010 3360 haud
1029 3311 1183 3364 cohaerere.

127 3397 188 3429 curn
209 3398 260 3430 non
279 3383 358 3430 aliam
378 3382 527 3430 realitatem
546 3382 579 3429 ab
598 3384 685 3432 antina
706 3383 817 3446 intelligi
832 3397 906 3445 posse
922 3387 1026 3440 statuit,
1042 3385 1090 3433 nisi
1104 3399 1184 3448 qnam

126 3455 181 3510 ipsa
201 3465 216 3500 a
237 3453 328 3500 tornois
346 3453 394 3502 sihi
414 3455 498 3503 insitis
516 3453 650 3514 proiecit.
670 3461 698 3503 et
717 3457 796 3503 simul
817 3459 956 3505 materians
973 3458 1133 3519 cognitionis
1151 3459 1182 3506 als

126 3525 237 3571 «rutectis
255 3532 329 3573 extra
352 3529 467 3573 suentem
487 3526 579 3586 positis
596 3524 724 3575 derivarit
745 3522 803 3592 (Gi
819 3530 916 3584 ideal..
938 3529 991 3578 loc.
1011 3533 1060 3577 cit.
1080 3541 1109 3590 p.
1133 3529 1179 3578 eol

127 3592 180 3637 rol.
202 3589 239 3656 Ι).
266 3591 352 3656 Quare
370 3602 429 3656 tum
448 3597 582 3645 obiectum
606 3601 757 3658 cognitum,
780 3607 835 3649 tum
855 3601 1003 3651 subiectum
1022 3613 1183 3665 cognoscens

127 3674 220 3717 unicui,
241 3664 363 3728 idolaque
381 3679 439 3715 esse
458 3670 506 3715 sihi
525 3675 726 3728 perstrascrunt.
