2475 3909
475 202 557 253 anns
578 202 708 251 aeruna
1035 181 1075 246 51

58 290 137 358 licet.
162 291 332 356 Dialectica
353 288 485 353 modum
510 286 663 364 ostendit,
686 306 846 372 quares,
870 282 909 349 de
934 304 998 368 qua
1020 306 1120 370 quae·

57 377 114 442 stio
134 376 289 451 accurrit,
305 369 530 457 probabilibus
544 392 581 434 ar
603 370 742 435 umentis
761 367 903 433 inveniri
927 377 1040 451 potest.
1057 370 1117 431 Da

57 457 254 522 monstrativa
276 455 415 539 denique
437 454 476 519 de
499 453 556 518 illa
577 390 847 517 demonstratione
870 449 958 534 agit,
981 472 1023 515 ex
1053 472 1118 536 qua

57 540 184 641 scicptia
207 540 364 625 gignitur.

415 664 551 733 capvt
572 663 746 729 PRIMVM

354 790 398 855 lte
420 789 607 872 syllogismo
628 787 810 871 sophistico

271 915 338 965 bur.
360 912 380 964 l.
395 912 537 987 -Natnra
558 915 727 977 sophismatis
754 915 902 977 explicatur

92 1028 124 1094 3.
146 1024 308 1110 sophistae
331 1023 356 1086 ii
370 1021 576 1100 dicebantur,
593 1024 651 1109 qui
665 1044 730 1087 non
743 1033 780 1089 ut
794 1025 976 1092 invenirent
991 1050 1117 1108 verum,

58 1108 124 1186 sed,
140 1119 177 1175 ut
191 1108 238 1173 ait
251 1104 375 1170 Tullius
388 1106 411 1183 ¹,
429 1108 651 1184 ostentationis,
665 1115 718 1169 aut
738 1116 879 1191 quaestus
900 1131 994 1174 caasa
1016 1112 1118 1196 pbilo-

56 1190 284 1280 sopbabantur.
307 1188 371 1272 lpsi
395 1198 514 1267 autem,
528 1199 564 1255 ut
584 1192 668 1255 bunc
691 1194 886 1273 attingerent
900 1190 1006 1267 baem,
1023 1214 1118 1280 argn-

55 1274 271 1341 mentationes
293 1271 491 1358 usurpabant
512 1274 637 1339 occulte
660 1272 803 1349 vitiosas,
825 1294 908 1358 quae
930 1296 1046 1360 nempe
1059 1278 1119 1342 sub

55 1360 162 1443 specie
187 1356 256 1421 veri
282 1352 400 1419 salsum
426 1352 669 1432 exhibebant¹,
693 1364 788 1448 atque
809 1356 855 1419 ita
882 1356 1120 1443 redarguebant

56 1439 289 1514 adversarium,
312 1458 386 1501 cum
400 1446 465 1533 quo
479 1434 697 1522 disputabant,
721 1456 787 1501 save
809 1436 902 1504 illum
923 1439 1120 1507 inducebant

56 1536 111 1592 aut
135 1522 175 1587 ad
198 1516 379 1606 negandum
403 1518 448 1596 rd,
471 1520 556 1604 quod
579 1524 649 1606 ipse
671 1531 882 1599 concesserat,
906 1522 1022 1587 autad
1045 1544 1120 1588 con-

55 1603 236 1672 cedendum
259 1600 304 1679 id,
324 1599 413 1686 quod
435 1614 608 1687 negaverat
630 1604 651 1665 ³.
675 1602 787 1687 ltaque
810 1606 1049 1687 argumentatio
1070 1626 1120 1669 so-

58 1688 207 1774 phistica,
223 1685 290 1750 sive
304 1684 475 1767 sophisma,
497 1683 626 1750 deliniri
641 1693 755 1772 potest:
770 1684 976 1769 syllogismos
990 1687 1037 1751 ita
1051 1710 1120 1751 eorr-

54 1775 157 1855 fietus,
180 1780 215 1833 ut
236 1766 291 1830 sub
312 1790 327 1830 s
349 1768 410 1832 scie
432 1767 499 1831 aeri
518 1767 630 1847 salsam
651 1765 802 1831 exhibent.

92 1856 123 1919 d.
147 1852 216 1917 lam
236 1786 399 1915 occandum
420 1852 551 1926 vitium,
575 1850 662 1948 quod
684 1850 718 1915 in
740 1848 935 1934 sophismate
957 1847 1045 1927 latet,
1062 1863 1119 1917 aut

56 1942 89 2003 in
112 1956 152 2001 co
173 1942 234 2010 ast,
248 1930 334 2015 quod
348 1932 517 1999 conficitur
531 1952 570 1996 ex
584 1934 637 2010 ris,
652 1950 734 2019 quac
750 1930 943 1995 verisimilia
953 1930 1117 2009 videntur,

56 2017 110 2084 sed
133 2037 198 2082 uon
219 2023 306 2091 sunt,
328 2026 384 2081 aut
406 2018 439 2081 in
459 2034 510 2091 eo,
533 2014 618 2098 quod
640 2036 681 2078 ex
704 2010 937 2078 verisimilibus
957 2018 1120 2099 componi-

57 2114 136 2175 tur,
157 2098 214 2164 sed
236 2106 348 2163 contra
368 2098 455 2183 leges
476 2096 663 2184 syllogismi.
691 2095 797 2165 Priori
829 2094 924 2160 modo
956 2097 1120 2183 sophisma

58 2185 182 2249 dicitur
201 2200 336 2267 peccare
357 2181 500 2257 materia,
516 2178 616 2244 altero
630 2179 740 2261 [mma.
756 2182 886 2242 atvero
904 2178 1119 2327 syllogismus,

58 2268 113 2351 qui
136 2264 243 2329 forma
264 2272 387 2346 peccat,
410 2284 473 2327 uon
495 2272 543 2329 est
564 2262 696 2349 proprie
717 2260 931 2347 syllogismus,
954 2283 985 2326 se
1050 2285 1121 2326 arra-

58 2348 219 2433 loyismas,
241 2366 298 2409 seu
319 2366 470 2431 apparens
493 2344 710 2431 syllogismus,
733 2344 822 2428 quia,
845 2351 882 2407 ut
896 2344 1009 2408 alibia
1032 2357 1121 2411 nota-

57 2434 165 2497 vimus
180 2430 206 2504 ⁸,
228 2426 334 2493 lorma
355 2429 528 2494 essentiam
548 2425 807 2494 ratiocinationis
829 2425 1017 2503 constituit,
1040 2426 1120 2492 adeo
1184 2500 1187 2511 Ι

59 2526 108 2587 ut,
133 2512 160 2577 si
184 2511 253 2595 ipsa
275 2507 370 2587 desit,
393 2510 481 2576 nulla
502 2511 622 2575 existat
642 2507 856 2573 ratiocinatio.

99 2594 131 2659 5.
156 2592 293 2657 Possunt
313 2604 420 2658 autem
442 2593 638 2679 sophismata
658 2590 765 2656 extrui
778 2590 829 2653 vel
844 2612 861 2654 a
875 2588 1022 2666 vocibus,
1037 2611 1120 2675 quaa

63 2678 98 2741 in
121 2676 403 2761 argumentatione
425 2672 630 2749 adhibentur,
653 2673 703 2737 rel
718 2693 736 2736 a
750 2670 847 2736 rebus
861 2670 1049 2756 significatis
1064 2694 1123 2759 per

60 2776 172 2831 aoces3
188 2756 273 2823 uude
289 2756 534 2843 distinguuntur
555 2758 587 2821 in
610 2756 816 2842 sophismata,
839 2754 907 2819 sive
928 2752 1073 2837 fallacias
1087 2757 1122 2819 in

61 2840 207 2915 dictione,
230 2849 262 2905 et
282 2850 372 2903 extra
392 2840 566 2905 dict-ionem.
591 2838 650 2903 llla
673 2836 919 2902 fundamentum
949 2835 1067 2903 babent
1088 2840 1122 2902 in

62 2923 232 3008 apparenti
253 2919 421 2988 identitate
450 2922 558 2999 vocis,
588 2930 644 2986 aut
664 2920 842 2995 orationis,
866 2938 981 3003 nempe
1002 2920 1036 2983 in
1058 2941 1120 2997 eo,

62 3000 251 3089 quadran,
277 3011 334 3067 aut
355 3002 463 3090 plures
484 3024 596 3081 noces,
617 3024 701 3089 quaa
722 2998 865 3066 diversas
885 3021 935 3065 res
957 2999 1122 3076 denotant,

63 3082 270 3165 adhibentur,
293 3087 386 3171 quasi
408 3107 507 3151 unam
528 3108 597 3151 rem
619 3082 813 3172 significant3
830 3083 937 3148 istain
951 3088 1122 3169 apparenti

101 3254 109 3294 Ι

99 3330 111 3367 ²
128 3258 223 3394 deiide,
235 3255 351 3392 shibtii’a
365 3256 458 3380 camisii
469 3331 572 3383 confert
584 3331 711 3389 nubtam,
726 3332 761 3382 ad
772 3331 818 3379 bac
836 3334 902 3395 qaod
920 3332 1035 3382 videatur
1047 3336 1122 3389 scire.

68 3399 900 3527 quinii’ihcnhbdiiitidheiriwdi⁸inadibiidtiolioEdiiiicdeiiibihdr'
917 3477 1032 3527 sumebas
1069 3480 1125 3526 sira

71 3552 230 3673 pednrpgo,
251 3550 311 3670 qudi
338 3548 439 3670 thesim¹
453 3492 826 3674 bib}adverpappiopdelpnsnm
853 3551 997 3611 redarguit.
1019 3514 1079 3601 Vid.
1100 3562 1123 3599 s.

67 3636 145 3685 ‚ug.‚
201 3629 260 3672 atra
301 3635 410 3680 rercoa,
444 3624 477 3672 i.
515 3640 596 3683 ‚c..
640 3636 695 3683 ,n.
719 3624 761 3673 l.

101 3690 165 3747 ‘Cf
180 3708 207 3758 p.
228 3692 321 3745 dii-lt).

877 3761 897 3800 ir
