2475 3909
477 197 707 246 nuuanraoom
1029 185 1090 252 147

63 307 132 352 runt
159 282 269 346 anima
297 283 528 347 conscientiam
551 303 614 346 non
637 279 760 358 babet;
783 279 818 346 3⁰
838 290 950 346 utrum
974 305 1034 370 per
1055 307 1131 351 eon-

61 366 224 432 scientiam
248 376 484 448 cognoscantur
505 365 601 430 etiam
625 377 715 428 actus
737 362 923 440 voluntatis3
939 364 975 429 t⁰
989 365 1129 453 denique

61 461 182 521 utrum,
206 456 239 511 et
259 445 423 531 quomodo
446 446 553 509 anima
579 448 750 529 corporis,
775 467 851 509 carn
876 467 941 530 quo
962 449 1132 535 coniungi-

62 543 122 604 tur,
147 541 179 593 et
202 529 431 613 operationum
452 528 603 592 vitalium
626 529 847 612 cognitionem
868 526 994 592 babeat.

98 611 171 676 140.
194 611 292 704 Prop.
317 608 363 674 1⁸.
388 611 505 673 Anima
526 629 581 693 ope
609 612 810 674 conscientiae
839 620 906 671 tum
933 610 1127 686 habitualis,

60 705 124 756 tum
146 693 279 757 actuales
300 711 362 756 aaa
383 690 482 756 salum
499 704 586 756 cetus
601 712 683 765 suos,
700 691 862 754 sedetiam
877 693 1023 776 seipsam,
1047 713 1129 755 aem-

57 794 93 858 pe
114 772 322 839 substantiam
344 795 434 839 suam
455 771 658 857 apprehendit
673 773 697 833 ¹.

98 855 260 920 Probatur
282 865 392 920 contra
418 854 609 921 Causinium
625 857 636 891 ²
652 905 660 932 ,
685 853 886 918 Mamianum
902 853 937 930 ⁸,
961 855 1126 941 aliasque,

59 938 113 1034 qui
137 936 252 1004 volunt
272 936 440 1003 dumtaxat
462 948 551 1002 actus
573 938 701 1001 animae
724 957 742 1000 a
764 933 858 998 uobis
879 955 942 1020 ope
966 940 1130 1003 conscien-

60 1033 123 1084 trae
145 1021 308 1103 cognosci.
337 1018 371 1084 1⁰
391 1020 474 1085 Cum
502 1020 634 1095 anima,
663 1018 712 1082 uti
740 1016 908 1090 diximus,
938 1021 988 1083 sui
1026 1021 1130 1103 ipsius

61 1102 291 1166 conscientiam
314 1102 474 1166 actualem
497 1098 613 1165 babeat
636 1102 669 1164 in
692 1121 743 1174 eo,
758 1098 845 1184 quod
861 1109 951 1164 actus
966 1121 1042 1166 suos
1057 1123 1129 1188 per-

61 1185 151 1268 cipit,
176 1183 247 1267 ipsa
269 1180 481 1249 habitualiter
501 1203 543 1248 ex
566 1185 744 1265 praesentia
760 1185 809 1244 sui
830 1181 945 1265 ipsius,
969 1203 1052 1266 quae
1073 1185 1130 1248 bo-

61 1286 131 1328 rum
153 1275 285 1330 actuum
307 1274 355 1328 est
376 1266 590 1362 principium,
606 1283 640 1326 se
655 1265 831 1348 cognoscit.
855 1265 955 1348 Atqui
971 1266 1079 1328 anima
1095 1268 1129 1329 in

63 1348 129 1430 ipsa
153 1347 205 1410 sui
226 1345 403 1410 substantia
419 1356 468 1411 est
483 1344 544 1410 sibi
560 1364 724 1430 praesens,
741 1355 838 1431 prout
859 1355 907 1410 est
929 1346 1129 1429 principium

60 1448 195 1492 suarum
217 1437 362 1493 actuum.
386 1429 474 1510 Ergo
496 1429 603 1492 anima
625 1447 687 1512 ope
709 1427 926 1492 conscientiae
953 1424 1129 1493 habitualis

60 1529 122 1573 nan
148 1507 305 1573 modoad
328 1520 537 1586 natussum,
562 1507 617 1574 sed
641 1508 737 1573 adse
760 1510 886 1593 ipsam,
909 1528 1025 1593 nempe
1055 1509 1131 1574 sub-

60 1593 209 1656 stantiam
233 1611 326 1655 suam
349 1590 603 1676 cognoscendam
627 1601 846 1674 comparatur.

97 1673 133 1736 2⁰
156 1673 274 1736 Anima
294 1693 354 1759 ope
377 1674 597 1738 conscientiae
620 1671 756 1738 actualis
772 1671 991 1756 cognitionem
1014 1674 1065 1737 sui
1088 1695 1130 1738 ex

61 1774 98 1818 eo
120 1755 318 1839 assequitur,
341 1755 426 1840 quad
450 1776 548 1840 supra
575 1775 607 1819 se
637 1754 848 1818 convertitur.
872 1753 973 1838 Atqui
996 1757 1129 1832 anima,

61 1857 135 1900 cum
157 1856 256 1922 supra
278 1857 312 1900 se
334 1839 555 1912 convertitur,
579 1855 643 1900 non
669 1834 774 1900 solum
796 1854 894 1919 snper
919 1846 1009 1901 actus
1030 1856 1128 1913 suos,

62 1917 235 1983 sedetiam
258 1917 591 2004 supersubstantiam
613 1937 704 1980 suam
734 1917 958 1994 convertitur,
982 1920 1061 2002 quia
1083 1931 1132 1982 est

64 2000 302 2078 immaterialis,
326 2021 363 2065 ac
384 2000 520 2087 proinde
547 1998 696 2064 subsistit
724 1999 757 2062 in
779 2017 835 2073 se,
858 2008 891 2064 et
919 2018 982 2062 non
1011 2001 1045 2066 in
1067 2001 1132 2065 alia

63 2101 110 2146 re.
133 2084 223 2167 Ergo
244 2082 353 2146 anime
375 2102 435 2167 per
456 2083 689 2148 conscientiam
712 2080 870 2146 actualem
885 2083 1052 2166 cognoscit
1067 2102 1131 2147 non

63 2163 166 2227 solnm
188 2175 278 2230 aetus
299 2183 395 2240 suos,
419 2163 474 2230 sed
503 2166 602 2231 etiam
632 2163 868 2241 substantiam,
892 2183 975 2248 qnae
1000 2164 1133 2230 illarum

63 2244 246 2310 subiectam
269 2255 327 2310 est.

103 2327 173 2391 lhl.
198 2327 281 2393 lllud
304 2336 411 2393 antem
430 2336 539 2392 contra
556 2329 772 2393 Vaclrerotum
788 2325 1048 2392 ‘advertendum
1070 2339 1131 2403 est,

65 2409 207 2474 animam
229 2431 289 2498 per
309 2409 539 2475 conscientiam
562 2428 756 2495 cognoscere
779 2410 987 2476 existentiam
1008 2411 1060 2475 sui
1083 2412 1134 2495 ip·

64 2492 145 2566 sius,
168 2512 232 2556 non
254 2514 330 2559 vero
353 2502 518 2568 naturam,
542 2501 575 2558 et
597 2490 835 2579 proprietates;
861 2490 941 2556 baec
962 2493 1072 2567 enim,
1095 2505 1134 2558 nt

62 2595 105 2636 ex
128 2571 275 2639 dicendis
298 2572 443 2660 patebit,
467 2594 509 2637 ex
531 2575 659 2639 animae
681 2571 928 2719 operationibus
949 2593 1012 2659 ope
1035 2576 1133 2640 ratio·

63 2656 236 2720 cinationis
258 2677 276 2720 a
298 2656 391 2721 nabis
422 2667 675 2738 cognoscuntur.
729 2653 830 2720 tenim
863 2655 972 2718 anima
1005 2677 1046 2721 ex
1068 2678 1130 2734 eo,

63 2736 153 2834 qaod
173 2739 375 2803 universales
397 2747 528 2802 naturas
550 2755 660 2802 rerum
682 2758 702 2801 a
723 2757 757 2800 se
780 2736 918 2822 intelligi
940 2740 1131 2823 cognoscit,

64 2818 141 2884 rade
163 2818 295 2886 coniicit
314 2819 459 2906 species,
482 2817 601 2904 quibus
625 2822 712 2905 ipsas
738 2817 904 2904 intelligit,
927 2840 997 2885 esse
1019 2821 1133 2886 imma-

63 2901 208 2976 teriales,
232 2899 543 2984 immaterialemque
567 2921 636 2966 esse
658 2900 829 2987 suiipsius
847 2905 1036 2968 naturamt.
1060 2905 1134 2981 Qua

63 2983 102 3049 de
127 3005 163 3048 re
185 2982 332 3067 Aquinas
353 2991 462 3048 noster
482 2985 596 3049 statuit
617 2984 759 3049 animam
784 2982 965 3068 intelligere
987 3010 1005 3048 a
1028 3007 1061 3052 se
1084 2989 1133 3073 ip-

99 3224 109 3260 ¹
135 3243 146 3266 ι
169 3221 325 3276 intellectae
356 3230 492 3292 cognoscit
518 3233 654 3294 seipsum,
676 3238 702 3283 et
722 3247 799 3284 suam
826 3235 974 3298 intetttgere
997 3257 1021 3292 ις
1045 3241 1133 3294 Caarr.

61 3299 154 3356 aare..
176 3298 222 3347 lib.
244 3296 279 3360 ll,
300 3314 325 3350 a.
348 3301 392 3351 tto.

97 3369 110 3406 ²
132 3371 231 3432 [acam
250 3384 298 3420 aar
315 3372 341 3422 ta
359 3375 521 3438 pattosoptte
539 3377 570 3428 de
587 3378 669 3436 Kaat,
690 3379 742 3438 tec.
762 3375 822 3430 Vll.

64 3517 77 3562 7
98 3441 337 3574 'shqurtocameuta
356 3447 423 3496 della
441 3447 551 3512 filasafia
569 3451 698 3507 italiana,
720 3455 790 3513 part.
813 3448 846 3510 ll,
867 3466 891 3501 c.
912 3452 950 3512 l,
973 3459 988 3513 s
1007 3455 1041 3514 3,
1060 3464 1087 3508 at
1106 3476 1133 3511 e.

83 3553 110 3622 ’⁴
132 3551 248 3638 uticae.
269 3591 314 3639 det
332 3558 422 3640 adana.
441 3592 518 3654 phil..
538 3597 589 3641 art.
613 3595 773 3647 Conaeieaea.

98 3661 111 3694 ³
133 3661 183 3723 Oq.
204 3659 303 3724 dispp„
326 3663 365 3712 Da
389 3664 458 3721 Ver,
479 3679 506 3728 q.
528 3660 562 3723 x,
583 3678 609 3714 a.
630 3667 647 3715 8
666 3680 692 3716 c,
