2475 3909
130 150 195 216 222
502 167 776 218 suranoronoors

94 278 112 313 «ι
138 250 342 329 Dicendum,
370 249 456 337 quod
484 255 647 337 potentiae
668 257 795 318 animae
817 273 881 317 uon
903 273 935 317 se
957 251 1076 318 hahent
1099 275 1176 320 con·
1234 255 1235 266 ’

95 333 294 399 vertibiliter
321 355 396 399 cum
424 335 586 398 essentia:
612 336 763 419 quamvis
790 337 878 399 euim
907 335 995 400 nulla
1025 339 1173 420 potentia

93 415 223 479 animae
247 417 346 500 possit
368 436 437 480 esse
458 417 529 479 sine
549 418 712 492 essentia,
742 427 848 481 tamen
875 416 1014 483 essentia
1040 419 1174 483 animae

94 506 199 580 potest
221 517 290 561 esse
312 497 381 561 sine
402 495 599 583 quibusdam
622 498 843 582 potentiis¹».
866 497 1039 572 Quomodo
1061 511 1173 566 autem

94 578 197 724 possit
218 578 314 643 homo
336 599 397 643 usa
421 577 655 663 intelligentiae
678 599 800 656 carere,
815 580 895 664 quin
911 579 1011 642 vitam
1027 582 1172 652 amittat,

111 659 191 723 acile
214 658 407 745 explicatur.
424 661 528 736 Certe,
545 660 642 725 humo
658 681 752 726 usum
770 660 1003 746 intelligentiae
1018 663 1173 727 amittere

95 750 214 826 potest;
238 761 325 818 nam,
343 763 418 805 cum
439 741 624 808 intellectus
645 744 712 807 sine
736 742 966 829 phantasmatis
980 743 1013 805 in
1028 741 1091 806 hac
1108 745 1173 809 vita

96 823 181 887 nihil
203 824 386 909 intelligere
409 828 522 909 possit,
540 824 784 910 imaginatione,
800 824 936 908 aliisque
951 821 1173 898 facultatibus,

97 925 184 988 quae
204 904 439 990 intelligentiae
454 906 648 983 inserviunt,
665 905 813 982 turbatis,
830 925 906 969 usus
922 904 1172 988 intelligentiae,

95 986 148 1051 vel
172 985 344 1064 minuitur,
368 985 417 1052 vel
440 987 573 1051 omnino
594 989 731 1055 cessat².
756 991 810 1062 At,
826 995 970 1052 cessante
992 1006 1054 1052 usu
1079 986 1175 1052 intel·

95 1067 262 1152 ligentiac,
285 1089 347 1132 nou
372 1066 496 1133 idcirco
518 1081 621 1135 cessat
643 1069 720 1144 vita,
736 1070 815 1154 quia
830 1067 966 1132 cessatio
987 1067 1173 1154 intelligen-

95 1149 161 1213 tiae
184 1168 292 1213 secum
314 1169 377 1214 uon
393 1150 457 1215 fert
470 1150 682 1216 cessationem
704 1151 894 1217 facultatum
910 1148 1098 1234 vegetandi,
1114 1171 1172 1236 per

96 1251 177 1315 quas
198 1233 264 1295 vita
286 1232 438 1297 animalis
458 1233 581 1298 existit.
607 1235 649 1298 Et
670 1255 758 1309 sane,
782 1228 982 1318 perturbato,
1007 1230 1056 1294 vel
1080 1251 1172 1377 pror·

98 1334 153 1376 sus
173 1323 318 1378 cessante
340 1335 403 1378 usu
425 1314 564 1378 alicuius
586 1313 771 1392 facultatis,
800 1335 862 1378 uon
889 1311 972 1376 aliae
1000 1311 1078 1376 fanu

98 1497 155 1540 nes
184 1497 258 1540 suas
287 1499 421 1542 exerere
451 1488 624 1573 nequeunt.
655 1479 754 1562 Atqui
785 1477 954 1541 facultates
986 1475 1172 1574 vegetandi,

97 1578 182 1640 quae
203 1557 242 1621 ad
259 1558 526 1624 vitam‘animalts
548 1560 723 1642 pertinent,
739 1560 806 1623 sino
822 1579 882 1622 usu
898 1556 1061 1624 facultatis
1079 1559 1173 1623 intel-

97 1638 220 1722 ligendi
244 1643 450 1785 operationes
471 1661 544 1705 snus
566 1661 701 1706 exerere
725 1652 869 1726 possunt.
893 1639 1003 1723 Ergo,
1026 1655 1171 1705 cessante

98 1741 161 1785 usu
187 1721 262 1786 intel
280 1722 433 1806 igentiae,
457 1743 585 1786 necesse
607 1743 672 1786 nou
694 1733 753 1795 est,
768 1734 804 1789 ut
819 1722 883 1786 vita
904 1740 1034 1804 quoque
1056 1735 1170 1787 cesset.

90 1830 93 1835 ⁴
139 1803 191 1870 81.
215 1803 323 1868 Obiic.
339 1802 373 1869 3⁰
388 1804 508 1868 Notum
532 1803 684 1868 omnibus
705 1816 754 1871 est
775 1805 809 1869 iu
830 1802 984 1868 cadavere
1006 1804 1171 1876 animalis,

99 1882 211 1966 siqua
234 1884 375 1950 scintilla
400 1885 550 1950 electrica
578 1895 740 1951 extremas
768 1895 874 1972 partes
902 1904 1077 1948 nervorum
1102 1905 1173 1970 per·

99 1966 211 2040 cellit,
241 1977 348 2031 motus
375 1968 634 2032 contructilitatis
656 1969 687 2032 iu
710 1967 865 2032 musculis
894 1966 1054 2051 produci;
1079 1967 1169 2032 acin

99 2045 264 2132 capitibus
285 2049 409 2123 recisis,
423 2047 475 2112 rel
498 2046 655 2112 membris
677 2049 852 2134 amputatis
874 2059 979 2112 motus
999 2050 1171 2114 contracti·

98 2127 202 2193 litatis
223 2129 425 2213 aliquamdiu
456 2127 644 2214 perdurare.
667 2131 766 2214 Atqui
789 2127 973 2194 huiusmodi
1001 2141 1112 2195 motus
1139 2131 1168 2194 in
1234 2153 1235 2186 1

100 2208 278 2284 cadavere,
300 2220 331 2275 et
352 2209 385 2273 iu
407 2210 563 2277 membris
590 2213 735 2308 corporis
757 2211 932 2294 amputatis
953 2211 1087 2276 evenire
1110 2233 1169 2276 uon

100 2301 242 2376 possent,
265 2291 293 2354 si
315 2293 423 2356 anima
444 2305 527 2358 esset
548 2293 746 2389 principium
770 2294 854 2357 vitae
877 2293 1036 2378 corporis3
1051 2295 1170 2378 quippe

100 2372 186 2469 quod
212 2373 258 2438 illi
283 2383 389 2438 motus
410 2383 485 2440 suut
505 2372 634 2440 vitales:
661 2396 693 2437 ιιι
716 2372 873 2438 membris
894 2385 1002 2438 autern
1025 2389 1171 2459 amputa·

100 2467 165 2529 us,
188 2465 222 2522 et
242 2457 275 2519 iu
296 2453 453 2521 cadavere
475 2457 583 2519 anima
605 2477 668 2520 non
690 2465 748 2520 est.
779 2455 867 2540 Ergo
895 2457 1001 2519 anima
1031 2476 1097 2520 nou
1125 2473 1171 2523 est

100 2537 206 2623 princi
233 2537 300 2601 ium
323 2539 409 2602 vitae
432 2537 590 2622 corporis.

141 2618 193 2684 82.
247 2638 315 2704 esp.
341 2618 433 2684 Cone.
457 2620 547 2694 mci.;
569 2638 636 2699 nep.
660 2619 738 2681 min.
762 2617 841 2700 Nep.
865 2638 949 2682 coos.
973 2616 1106 2683 Falsum
1126 2631 1174 2684 est

101 2709 209 2764 motus
230 2702 503 2777 contractilitatis,
518 2701 575 2785 qui
600 2706 633 2765 in
655 2697 824 2776 cadavere,
839 2712 871 2766 et
884 2702 919 2765 iu
935 2699 1092 2764 memhris
1106 2723 1173 2768 cor-

127 2781 194 2845 oris
216 2783 343 2859 recisis,
360 2793 416 2848 aut
430 2785 606 2869 amputatis
622 2779 845 2856 observantur,
861 2803 929 2847 esse
944 2795 1034 2847 actus
1049 2785 1172 2849 vitales.

101 2801 226 2938 Brimo,
243 2863 324 2928 nihil
341 2874 439 2940 vetat,
451 2867 532 2951 quin
546 2861 679 2950 aliquod
694 2862 898 3008 principium
913 2873 1083 2929 actuosum
1098 2869 1175 2954 phy·

101 2946 217 3024 sicam,
240 2955 297 3010 aut
317 2947 500 3045 chpmicum
522 2947 556 3009 in
576 2965 692 3011 muscu
708 2947 734 3008 is
755 2946 900 3031 corporis
921 2946 1094 3012 nonnullos
1110 2970 1175 3015 mo

105 3039 156 3094 tus
179 3026 336 3114 producat
358 3027 423 3094 rllis
444 3027 578 3104 similes,
600 3048 695 3112 qum,
717 3026 796 3090 dum
818 3027 939 3092 animal
956 3028 1049 3106 vivit,
1065 3033 1172 3098 anima

103 3110 138 3175 iu
160 3111 239 3195 ipsis
263 3109 424 3194 producit;
446 3124 617 3195 propterea
633 3108 720 3195 quod
735 3127 856 3254 organa
877 3109 911 3173 in
933 3109 1091 3177 cadavere
1112 3136 1174 3178 non

104 3201 361 3277 corrumpuntur
383 3192 494 3266 illico,
519 3191 574 3256 sed
599 3191 726 3277 integra
755 3190 955 3276 aiquamdiu
984 3192 1172 3278 perdurant.

103 3273 226 3336 Verum
251 3271 301 3336 illi
323 3283 429 3338 motus
452 3293 513 3336 nou
538 3280 613 3337 suut
635 3285 725 3340 actus
746 3273 856 3350 vitae,
884 3272 939 3337 scd
968 3280 1176 3361 operationes

142 3437 219 3503 loq.
239 3445 338 3505 dtrpp„
358 3445 397 3494 Da
419 3447 524 3505 Virtus,
545 3461 573 3510 q.
593 3442 628 3504 V,
648 3461 675 3497 a.
696 3447 712 3497 Ι
733 3447 766 3498 ad
787 3449 830 3498 ΙΙ.

141 3507 153 3543 ²
172 3503 208 3557 Cf
221 3525 244 3559 ι.
265 3509 372 3571 ΙΙιοιιι.,
394 3516 481 3565 contr.
503 3519 588 3576 Gent„
608 3519 656 3568 lib.
672 3516 718 3579 ΙΙΙ,
739 3534 765 3570 c.
779 3520 824 3571 st.
848 3517 908 3571 Vld.
929 3523 1059 3587 Dpnam,
1080 3537 1107 3575 o.
1130 3522 1172 3584 ΙΙ,

106 3593 133 3626 a.
154 3575 181 3636 2,
201 3593 229 3640 p.
253 3581 370 3634 tas-¹33
389 3588 443 3635 rot.
464 3584 485 3635 Ι.

96 1394 173 1459 inde
191 1394 435 1481 perturbantur,
452 1405 507 1460 aut
521 1407 657 1472 cessant,
673 1417 771 1481 quam
793 1416 875 1480 quae
898 1395 967 1458 sine
993 1393 1047 1459 illa
1071 1323 1173 1460 addid-s
1234 1385 1235 1422 ³
