2475 3909
136 104 179 172 88
532 99 733 167 noa'rcaa

100 214 148 271 est
162 202 287 290 aliquid
303 200 446 270 medium
462 202 549 266 inter
569 203 739 268 veritatem
761 214 794 271 et
814 226 973 283 errorem,
989 205 1044 271 sed
1066 218 1116 273 est
1133 230 1167 272 a·

97 286 204 370 liquid
227 283 372 351 medium
393 286 478 351 inter
500 283 719 369 ignorantiam
739 283 932 363 absolutam,
954 299 987 354 et
1007 291 1168 375 cognitio-

98 387 173 432 nem
190 366 380 450 perfectam,
396 367 518 452 qnippe
533 364 619 450 quod
634 366 786 450 quisquis
802 366 892 433 iiiam
908 371 1167 455 assequitur,uec

96 468 164 512 rem
187 449 320 514 omnino
336 448 478 533 ignorat,
494 465 553 510 nec
570 456 683 524 totam,
719 459 817 516 nanta
831 461 890 523 est,
906 454 1082 536 cognoscit,

135 525 170 590 2⁰
193 531 226 596 Si
249 530 430 615 opiniones,
446 538 479 594 et
493 537 664 614 systemata
688 528 712 592 P
735 529 968 616 iiosophorum,
984 552 1067 617 quae
1083 532 1167 597 saise

96 619 183 687 sunt,
206 611 351 675 examini
374 608 571 685 subiaccris,
593 607 715 674 nullam
736 612 885 676 veritatis
909 623 1035 697 partem
1056 615 1090 678 in
1112 614 1168 692 iis,

98 699 258 774 quatenus
278 691 359 756 salsa
380 702 467 771 sunt,
489 687 632 776 deteges.
656 692 696 756 E.
720 709 772 776 g.,
794 692 882 758 uuila
904 696 1029 760 ratione
1051 716 1168 759 verum

95 783 143 838 est
165 771 454 838 Materiaiistarnm
470 781 621 860 systema,
635 792 702 856 quo
717 771 909 852 adstruitur,
932 775 1085 861 quidquid
1097 778 1170 840 esi-

95 856 153 915 stit
175 873 236 916 esse
255 854 431 931 materiate,
453 873 557 937 neque
579 864 718 941 systema
739 852 978 934 ldealistarnm,
993 877 1059 942 quo
1081 877 1171 922 asse—

94 935 191 998 ritur.
214 935 367 1081 quidpuid
388 935 497 1001 existit
519 955 579 998 ease
601 935 782 1022 spirituat03
806 937 968 1034 siqnidem
990 937 1172 1004 materiati-

95 1035 183 1079 smus
206 1035 266 1101 pro
303 1015 532 1093 alsohabetur,
555 1037 619 1082 non
634 1015 721 1102 quod
742 1029 914 1083 materiam
928 1040 998 1084 esse
1011 1018 1168 1097 adstruit,

95 1095 150 1160 sed
174 1095 260 1181 quod
283 1097 366 1163 ulios
388 1098 522 1183 spiritus
535 1118 604 1162 esse
624 1108 732 1183 negat;
754 1110 787 1164 et
800 1098 990 1165 ideaiismus
1005 1101 1038 1165 in
1053 1121 1170 1166 errore

94 1187 253 1256 versatur,
276 1199 340 1243 non
355 1178 443 1264 quod
465 1180 602 1278 spiritus
622 1200 692 1245 esse
714 1183 840 1258 asserit,
855 1180 912 1246 sed
925 1179 1012 1278 quod
1028 1203 1171 1267 corpora

94 1279 164 1324 esse
186 1267 291 1345 negat.
316 1261 413 1337 Hinc,
429 1262 456 1325 si
478 1259 657 1337 tdeaiismi,
671 1269 704 1325 et
717 1263 944 1329 materialismr
958 1265 1170 1349 pronuntiata

95 1340 256 1419 iunxeris,
272 1360 336 1406 nou
350 1342 509 1409 efficietur
523 1353 674 1427 systema,
688 1341 775 1426 quod
790 1354 965 1429 utrumque
979 1365 1051 1408 com
1076 1344 1170 1410 leoti-

96 1432 163 1498 tur,
186 1421 240 1487 sed
263 1419 350 1507 quod
373 1424 480 1507 ipsum
502 1424 563 1490 sihi
578 1431 752 1518 repugnat,
767 1446 897 1510 nempe,
912 1425 1044 1511 quidqu*
1083 1426 1173 1490 exsi-

96 1506 165 1581 stit,
189 1513 232 1567 est
255 1505 435 1586 spirituale,
458 1514 485 1568 et
507 1505 679 1569 mntersole.

363 1631 431 1684 Ans.
453 1633 486 1686 ΙΙ.
499 1633 581 1686 —De
602 1634 728 1684 methodo
747 1635 914 1685 auctoritatis

136 1741 187 1809 34.
211 1736 384 1804 Methodus
406 1741 619 1818 auctoritatis,
637 1740 664 1805 si
688 1740 720 1804 in
736 1741 927 1806 universum
942 1750 1115 1826 spectetur,
1134 1744 1171 1808 in

95 1842 140 1886 eo
164 1820 269 1906 posita
290 1830 356 1896 est,
380 1819 466 1905 quod
490 1822 625 1887 scicntia
647 1819 762 1885 confici
783 1820 908 1888 dicitur
938 1843 1001 1887 non
1023 1843 1065 1888 ex
1086 1825 1174 1890 noti-

98 1905 155 1968 tiis
177 1901 217 1966 ab
241 1901 312 1987 ipsa
334 1911 442 1968 mente
463 1902 670 1988 comparatis,
686 1901 742 1966 sed
765 1903 979 1980 extrinsecus,
1000 1903 1060 1969 hoc
1081 1913 1130 1970 est
1148 1926 1171 1971 a

96 1983 310 2050 Revelatione
332 2003 407 2049 acce
433 1984 484 2049 tis.

136 2065 187 2131 35.
211 2065 309 2150 Prop.
333 2003 502 2130 Metdodos
522 2065 724 2130 auctoritatis
743 2063 879 2128 absurdo
900 2075 956 2129 est.

137 2145 309 2210 Probatur.
332 2143 420 2210 Inter
440 2144 581 2211 methodi
605 2146 851 2211 auctoritativae
877 2145 1065 2212 defensores
1088 2166 1173 2211 uon-

21 2249 24 2256 ’
96 2226 191 2303 nulii,
206 2227 256 2292 uti
280 2225 438 2290 Botenius
451 2225 474 2304 ¹,
491 2225 689 2292 contendunt
703 2227 915 2292 scientiarum
938 2227 1102 2323 principia
1123 2248 1171 2294 ex

95 2307 306 2374 Revelatione
325 2305 482 2372 sumenda
496 2327 578 2385 esse3
594 2309 666 2386 aiii,
683 2308 769 2374 inter
783 2329 864 2392 quos
878 2309 1126 2374 Lamennarsius
1138 2312 1169 2385 ¹,

95 2387 212 2456 docent
233 2409 290 2453 nos
312 2389 399 2471 ipsas
420 2391 589 2466 veritates,
612 2388 652 2454 de
675 2389 795 2473 quibus
817 2390 927 2475 agitur
949 2389 984 2454 in
1005 2391 1172 2470 scientiis,

95 2469 345 2536 alieveiatione
374 2469 534 2554 accipere.
563 2472 633 2536 Alii
656 2469 823 2555 denique,
845 2472 895 2538 uti
918 2492 950 2556 p.
973 2469 1119 2537 Ventura
1141 2474 1170 2550 ⁸,

94 2555 239 2619 sentiunt
260 2551 443 2636 philosophi
467 2573 586 2617 munus
608 2573 671 2616 non
693 2572 762 2616 esse
784 2553 939 2618 veritates
965 2551 1172 2618 intellectua-

96 2633 153 2710 les,
177 2645 210 2700 et
225 2633 362 2698 morales
376 2633 528 2711 inuenire,
544 2636 622 2729 quia
637 2634 695 2697 hae
710 2632 751 2696 ab
765 2630 957 2700 educatione
975 2629 1171 2712 domestica,

94 2724 165 2780 eta
194 2714 426 2781 traditionibus
459 2735 585 2800 generis
607 2715 739 2780 humani
773 2714 1088 2797 apprehenduntur,
1108 2717 1170 2784 sed

95 2807 219 2862 tantum
235 2795 308 2860 ilias
322 2797 543 2873 demonstrare,
565 2796 626 2860 hoc
646 2806 694 2859 est
714 2793 756 2858 ab
776 2793 947 2861 erroribus
967 2795 1172 2876 discernere,

94 2876 257 2953 evolvere,
280 2897 316 2942 ac
338 2887 451 2943 contra
472 2876 603 2942 iliarum
629 2875 859 2951 adversarios,
880 2887 938 2943 aut
958 2890 1170 2967 corruptores

93 2961 193 3025 tueri.
219 2959 302 3023 Hine
324 2961 474 3026 sanciunt
494 2979 604 3022 veram
621 2954 869 3042 philosophandi
886 2957 1073 3025 methodum
1095 2981 1169 3030 esse

94 3042 385 3118 demonstrativam,
408 3061 471 3106 non
493 3040 699 3115 investirent,
722 3041 790 3103 sive
811 3039 1042 3123 inquisitiones.

134 3123 184 3190 36.
210 3125 279 3189 lam
302 3131 413 3188 contra
434 3122 519 3196 iilos,
536 3122 594 3206 qui
617 3121 759 3206 primam
773 3122 965 3188 sententiam
982 3122 1171 3198 teuent,hoo

95 3203 293 3272 adstruimus
307 3212 546 3290 argumentum:
564 3201 725 3270 scientiae
749 3209 895 3266 naturam
917 3224 1010 3270 suam
1031 3218 1168 3278 sumunt

132 3410 141 3449 Ι
162 3415 201 3463 De
218 3414 434 3477 tensetpnement
451 3413 483 3462 de
500 3412 526 3460 tn
543 3409 610 3474 piati.
631 3425 666 3462 ou
685 3411 748 3462 XIX
764 3405 847 3461 attede.

130 3485 235 3535 '-'.Eesot
252 3499 298 3535 sur
317 3484 506 3547 t’tndtfftrenre
525 3498 556 3533 en
575 3485 681 3534 mutere
698 3485 730 3531 de
746 3482 867 3544 rsttptom
888 3493 914 3529 o.
937 3475 981 3526 te.

133 3556 145 3595 ⁸
165 3559 202 3608 De
220 3557 336 3608 methodo
353 3556 565 3624 philosophandi,
586 3551 694 3609 Dissert.
716 3553 837 3619 pretim..
856 3555 910 3603 art.
930 3550 946 3606 d
965 3554 992 3602 et
1011 3550 1041 3606 t.
