2475 3909
138 117 180 183 78
528 147 710 196 ourouocm

169 274 236 326 dar.
258 273 328 326 ΙΙ.-
340 273 376 327 De
396 280 492 342 spatio,
513 289 540 332 et
560 286 674 348 primum
695 294 841 343 sententiae
861 291 1095 360 Philosophorum,

370 353 415 413 qiri
436 368 550 404 uacuum
571 359 726 419 admittunt,
747 364 899 416 refutantur

138 468 212 532 207.
234 465 302 531 Nos
327 490 368 534 ex
394 491 455 550 eo,
486 475 574 559 quod
600 482 821 566 conspicimus
847 504 900 548 res
924 504 1097 569 corporeas
1121 505 1168 550 se·

99 549 243 614 cundum
265 549 372 615 locum
395 553 499 632 ferri,
527 569 559 624 et
580 580 679 643 quem
707 562 817 628 iocum
843 586 907 629 una
928 565 1071 643 descrit,
1094 567 1168 632 aite-

98 651 168 695 ram
194 648 377 717 occupare,
404 635 568 722 quoddam
595 647 821 729 excogitamus
846 647 1111 731 receptaculum,
1134 650 1168 712 in

98 733 164 797 quo
186 731 322 796 corpora
348 717 410 783 sibi
439 720 627 788 succedunt.
653 725 721 791 Hoc
742 729 984 813 receptaculum
1006 729 1086 794 iiiud
1108 741 1166 805 cst,

98 792 186 880 quod
208 793 324 880 vulgus
347 805 475 867 nomine
496 804 592 900 spatii
614 807 779 894 inteiligit.
805 810 1041 894 Inquirendum
1068 812 1169 896 igitur

98 877 194 943 nobis
216 888 275 952 est,
322 879 454 946 uiduam
477 904 584 970 reipsa
605 887 666 952 hoe
687 891 829 975 spatium
851 893 902 958 sit.

139 959 211 1024 208.
229 959 279 1022 Ex
295 899 500 1050 flbilesopbis
521 970 668 1035 nonnulli
686 981 817 1037 tuentur
838 993 901 1037 uon
923 971 1014 1036 aliud
1028 973 1167 1068 spatium

98 1061 169 1106 esse
185 1037 432 1121 admittendum,
456 1067 553 1132 quam
568 1064 743 1128 externum,
759 1066 856 1140 atque
870 1055 902 1119 bi
926 1064 1012 1132 sunt,
1027 1075 1083 1150 qur
1100 1073 1168 1138 spa·

99 1124 184 1188 tium
200 1141 270 1185 esse
284 1144 434 1202 vacuum,
451 1149 566 1214 nempe
587 1132 712 1218 aliquid
728 1157 747 1199 a
761 1135 953 1222 corporibus
967 1136 1166 1232 distincpum,

100 1204 271 1288 omnisque
293 1211 441 1354 corporis
464 1231 579 1296 expers
608 1227 731 1299 putant.
756 1219 848 1283 Hanc
869 1219 1059 1364 opinionem
1084 1228 1168 1283 inter

98 1295 224 1351 veteres
246 1300 318 1370 post
374 1295 592 1374 emeritum,
615 1309 649 1363 et
668 1299 870 1385 Leucippum
923 1319 1056 1383 picurus
1072 1299 1168 1395 pebe-

100 1379 229 1433 menter
242 1370 400 1449 defendit,
417 1376 538 1462 quippe
560 1378 616 1462 qui
641 1383 768 1465 putarit
783 1381 861 1446 nibil
877 1379 963 1446 aliud
986 1401 1057 1446 esse
1071 1402 1104 1446 rn
1119 1402 1168 1445 rc·

99 1468 173 1512 rum
195 1461 311 1516 natura
335 1467 462 1540 praeter
484 1461 587 1536 incus,
611 1481 669 1526 seu
689 1483 841 1541 vacnum,
862 1473 896 1527 et
915 1481 1067 1558 corpora,
1087 1485 1167 1549 quae

100 1530 134 1594 in
156 1551 195 1595 eo
217 1547 388 1600 morentur
404 1538 426 1600 ¹.
443 1539 532 1604 lnter
551 1555 699 1608 recentes
713 1543 907 1620 Gessendus,
931 1556 1098 1610 notionem
1114 1571 1167 1614 ra-

99 1613 152 1675 oui
182 1609 346 1682 declarare
371 1620 506 1697 rolens,
531 1620 619 1688 dixit
640 1627 783 1709 spatium
808 1647 878 1691 esse
903 1647 960 1690 ens
985 1638 1165 1724 aeteruum,

99 1691 174 1758 inde
199 1694 329 1776 ondens,
346 1721 409 1764 non
447 1701 632 1783 roductum,
649 1707 736 1792 quod
751 1730 815 1774 non
830 1717 879 1773 est
899 1706 1093 1788 substantia,
1109 1733 1166 1779 nec

100 1713 263 1855 accidens,
286 1780 341 1845 sed
363 1723 542 1868 quidquam
571 1787 801 1874 incorporeum
823 1791 876 1887 sui
894 1790 1028 1886 putaris,
1051 1811 1167 1891 nempe

99 1856 347 1943 incorporeum,
369 1865 454 1949 quod
478 1865 696 1934 dimensiones
718 1871 949 1957 longitudinis,
972 1871 1166 1954 latitudinis,

99 1948 131 2003 ct
152 1940 386 2025 profunditatis
408 1948 516 2025 habet,
532 1948 588 2014 sed
605 1973 624 2015 a
639 1951 898 2018 dimensionibus
919 1957 1087 2040 corporeis
1102 1955 1168 2024 iou-

100 2039 139 2105 ge
161 2020 305 2088 diversas
319 2027 343 2088 ¹.
368 2027 515 2116 Denique
541 2033 742 2112 Neutonus,
764 2049 838 2120 post
858 2036 989 2102 Morum
1004 2037 1034 2112 ⁸,
1056 2036 1169 2107 docuit

98 2103 240 2186 spatium
269 2127 332 2170 non
360 2109 565 2190 aliudesse,
592 2117 656 2181 nisi
685 2118 790 2262 ipsam
818 2117 1068 2182 immensitatem
1092 2121 1165 2200 Dei,

99 2183 176 2267 quia
192 2184 292 2265 Deus,
308 2209 349 2253 er
364 2210 404 2255 cc
426 2192 511 2277 quod
534 2197 648 2263 existit
670 2220 692 2262 u
717 2200 805 2284 ique,
822 2199 964 2285 spatium
987 2203 1167 2282 constituit,

100 2282 203 2349 eoque
232 2288 333 2389 usqup
363 2294 552 2360 progressus
576 2288 650 2353 est,
679 2291 716 2345 ut
740 2287 881 2366 spatium
907 2283 1082 2345 censorium
1109 2287 1170 2350 Dei

100 2362 300 2430 nuncuparet
329 2400 335 2415 .

140 2428 212 2494 209.
236 2434 279 2495 ΑΙ
299 2431 478 2501 doctrinam
503 2440 609 2515 vacui,
625 2462 830 2527 quocumque
852 2441 950 2506 modo
971 2457 1166 2528 exponatur,

99 2509 313 2576 reiiciendam
336 2537 405 2582 esse
428 2532 597 2602 sequentes
620 2543 679 2608 pro
703 2524 858 2590 ositiones
879 2524 1042 2591 evincunt.

142 2589 204 2657 Pro
232 2642 238 2656 .
264 2593 308 2659 1³.
330 2597 482 2677 Vacuum,
499 2605 564 2666 sios
585 2623 656 2669 secu
697 2625 751 2668 um
773 2605 964 2690 Epicurum,
981 2609 1046 2672 siue
1061 2629 1169 2674 secun-

100 2669 174 2733 dum
198 2611 390 2742 descendum
412 2681 617 2768 iutellipntur,
640 2687 812 2753 absurdum
833 2700 889 2753 est.
976 2769 984 2784 .
1122 2775 1131 2788 ⁶

141 2752 300 2821 Probatur
322 2759 356 2824 1¹
379 2783 465 2847 pars.
488 2767 649 2845 Vacuum,
673 2771 701 2834 si
723 2768 901 2834 secundum
923 2771 1104 2854 Epicurum
1119 2796 1173 2838 m·

100 2831 278 2919 telligatur,
300 2851 348 2908 est
369 2863 501 2989 purum,
524 2862 706 2936 putumque
728 2850 820 2929 nihit;
844 2873 990 2948 namque·
1007 2852 1172 2940 quidquid

100 2923 160 2994 est,
184 2917 226 2982 ali
252 2920 309 2986 uid
331 2945 369 2989 ve
405 2929 653 3015 incorporeum,
675 2932 727 2998 rel
748 2955 944 3019 corporeum
965 2947 1008 3001 sit
1027 2949 1170 3021 oportet.

100 2998 199 3082 Atqui
221 2940 384 3086 Epicurus
416 3013 556 3095 spatium
583 3015 755 3082 admittere
781 3036 846 3081 non
868 3016 976 3101 potuit
997 3017 1098 3084 veluti
1120 3021 1174 3084 in·

100 3099 312 3166 corporeum,
336 3089 413 3172 quia
436 3092 616 3179 quidquam
639 3099 869 3186 incorporeum
891 3118 961 3163 csse
983 3111 1091 3185 negat,
1114 3123 1173 3168 ne·

452 3245 781 3267 m*

137 3309 145 3344 ¹
166 3305 286 3371 Luccei..
309 3317 347 3365 De
364 3325 421 3365 unt.
442 3331 540 3377 remia,
563 3319 609 3370 tib.
631 3319 652 3381 Ι,
673 3337 701 3384 p.
720 3323 773 3374 teu
793 3339 852 3389 sqq.

135 3379 259 3444 ways,
280 3387 327 3435 un.
349 3384 382 3446 ΙΙ,
403 3395 470 3439 sect.
490 3389 517 3448 2,
538 3405 564 3442 c.
584 3395 610 3444 Ι.

136 3450 301 3506 temtum.
320 3463 444 3523 metaph,
465 3475 525 3524 pars
546 3463 567 3522 Ι,
586 3460 696 3517 Londint
718 3468 798 3519 ΙΙΙῚΙ.

103 3519 691 3652 0⁴,·P⁸”⁶i⁹p'i⁰p'i⁸1⁰1⁸s⁶m⁰m⁰‘'himma'‘
712 3542 858 3603 emeratis,
879 3538 969 3594 Soboi.
990 3546 1124 3610 general„
1145 3553 1175 3600 et

123 3607 198 3657 pm,
218 3609 245 3657 q.
382 3638 388 3651 .
