2475 3909
500 150 731 201 oruammom
1050 138 1112 205 157

86 232 210 302 tionem
231 235 447 321 superiorem,
468 237 529 301 etsi
553 235 595 301 ob
617 237 807 322 dignitatem
835 238 879 302 sit
893 240 996 324 prior
1022 242 1152 307 ratione

85 316 264 394 inferiori,
288 327 395 382 tamen
415 315 458 381 ob
479 319 703 401 operationem
726 340 794 384 esse
819 320 1053 404 posteriorem
1076 343 1152 387 uam

84 419 177 463 meus
198 399 340 464 bumana
361 420 402 464 ex
430 399 599 464 sensilium
632 401 817 485 cognitione
846 398 1088 486 proficiscitur,
1112 425 1150 468 ac

84 477 225 565 proinde
247 490 374 547 aeterna
397 480 579 627 iutellipere
602 484 735 568 nequit,
758 481 819 545 nisi
842 482 933 568 prius
957 484 1152 550 intellexerit

86 563 294 645 temporalia,
317 583 400 647 quae
421 564 504 627 sensi
529 582 567 627 us
587 563 696 629 hausit
712 563 734 625 ¹.

127 643 198 709 170.
223 644 283 709 llis
305 644 519 740 praestitutis,
535 643 803 711 demonstrandae
819 643 913 711 nobis
927 656 1002 711 suut
1017 666 1152 734 sequen-

86 736 137 789 tes
159 725 421 810 propositiones:

127 807 225 891 Prop.
249 807 295 873 1¹.
319 808 412 873 Ratio
433 810 595 890 superior,
616 816 644 871 et
665 809 746 872 ratio
768 808 898 891 inferior
912 828 975 873 oon
988 820 1058 873 suet
1073 809 1152 873 door

84 886 246 967 fiaeultotee
268 892 352 973 epeee'
391 887 575 953 ediversae.

126 968 495 1037 metumientem
527 969 664 1036 rationis
696 992 733 1035 su
758 971 899 1049 erioris,
935 982 967 1037 et
987 969 1153 1038 obiectum

85 1052 224 1115 rationis
245 1051 414 1118 inferioris
436 1073 451 1115 s
474 1060 579 1118 artata
601 991 819 1130 materialiter,
832 1053 893 1117 hoe
908 1060 956 1117 est
971 1052 1005 1117 in
1025 1073 1082 1117 sua
1097 1073 1153 1117 na·

86 1144 175 1210 tura,
196 1154 211 1196 s
235 1135 304 1199 eeie
326 1133 367 1198 ab
390 1155 422 1199 se
445 1072 614 1210 differunt;
638 1155 712 1199 nam
736 1136 821 1199 ratio
835 1135 987 1221 superior
1002 1142 1152 1200 versatur

86 1214 174 1279 eirca
197 1154 292 1293 ibud,
314 1215 400 1302 quod
422 1225 471 1281 est
491 1215 737 1292 necessarium,
761 1215 978 1293 immutabile,
999 1226 1031 1281 et
1050 1226 1155 1281 aeter·

85 1316 189 1373 unm;
211 1298 295 1362 ratio
327 1310 435 1364 autem
467 1293 607 1361 inferior
640 1317 730 1361 suam
753 1300 970 1381 cognitionem
992 1319 1033 1363 ex
1055 1297 1154 1363 rebus

86 1379 367 1463 contingentibus,
391 1376 627 1455 mutabilibus,
648 1387 680 1444 et
703 1379 919 1463 temporaneis
945 1380 1087 1464 attingit.
1110 1383 1154 1444 nt

83 1480 165 1525 vero
186 1470 326 1545 spectata
348 1460 536 1542 formaliter,
558 1457 621 1523 hoe
642 1470 701 1538 est,
726 1471 821 1546 prout
835 1462 875 1526 ad
892 1460 1079 1528 lacultatem
1104 1462 1152 1524 in-

84 1540 252 1627 telligendi
276 1543 477 1617 reseruntur,
503 1542 586 1607 inter
613 1561 683 1606 sese
705 1544 915 1622 conveniunt,
939 1546 1017 1627 quia
1039 1542 1071 1606 in
1095 1542 1153 1607 ali-

84 1644 152 1707 quo
176 1622 374 1709 intelligibili
399 1624 599 1700 consistunt,
622 1644 696 1687 eum
729 1643 781 1687 res
807 1624 882 1690 illae
906 1626 1152 1708 contingentes,

84 1704 275 1780 mutabiles,
297 1719 330 1773 et
352 1719 577 1789 temporaneae
599 1725 617 1767 a
639 1706 765 1770 ratione
789 1706 938 1771 inferiori
962 1725 1155 1791 cognoscan-

84 1798 140 1854 tur
159 1807 223 1851 uou
244 1788 422 1853 secundum
444 1808 557 1852 earum
585 1785 788 1851 conditiones
816 1787 1011 1865 materiales,
1041 1786 1097 1850 sed
1119 1785 1152 1851 in

86 1869 158 1934 suis
181 1870 344 1946 essentiis,
388 1889 449 1933 uae
466 1866 793 1951 suntquodammodo
816 1870 1026 1943 necessariae,
1050 1876 1155 1934 aeter-

84 1970 161 2025 nae,
183 1959 217 2015 et
238 1890 468 2018 immutabiles.
492 1949 591 2033 Atqui
615 1948 754 2025 obieeta,
778 1970 861 2034 quae
882 1952 1058 2034 formaliter
1079 1969 1155 2017 eon·

82 2031 228 2099 siderate
251 2034 337 2098 iuter
368 2053 436 2097 sese
468 2031 686 2107 conveniunt,
721 2030 759 2095 ad
786 2032 933 2098 eamdem
966 2031 1154 2101 facultatem

84 2123 243 2259 ἕρερῑειιέι.
267 2117 355 2200 Ergo
379 2115 462 2179 ratio
483 2112 635 2196 superior
656 2122 704 2177 est
725 2112 838 2177 eadem
865 2114 1024 2191 facultas,
1047 2135 1083 2179 ac
1105 2114 1156 2178 in·

100 2218 192 2260 error
223 2245 230 2257 .

128 2278 199 2343 171.
224 2280 408 2354 Praeterea,
430 2273 702 2361 quemadmodum
726 2298 816 2341 mens
845 2288 951 2343 nostra
978 2299 1021 2342 ex
1041 2275 1152 2361 cogni-

85 2362 177 2425 tione
197 2360 331 2424 ell'eetus
351 2359 391 2423 ad
414 2357 632 2443 cognitionem
664 2379 780 2423 causae
802 2359 1034 2456 progreditur,
1058 2370 1154 2423 etex

84 2463 185 2507 causa
207 2442 270 2506 iam
293 2442 420 2525 eoqnita
443 2439 482 2503 ad
505 2439 657 2503 ellectum
681 2440 878 2525 regreditur,
902 2451 939 2507 ut
958 2442 1153 2526 penitiorem

82 2523 185 2589 lruins
207 2526 427 2608 coguitionem
455 2519 518 2585 sibi
542 2530 733 2605 comparet;
756 2524 800 2587 ita
823 2545 865 2590 ex
886 2522 1077 2590 veritatibus
1100 2540 1154 2585 eo-

84 2606 188 2690 guitis
209 2626 268 2691 per
289 2605 468 2689 principia,
490 2623 574 2687 quae
588 2624 630 2664 en
645 2606 917 2690 contomplatione
940 2626 1049 2669 rerum
1074 2616 1155 2671 tem·

84 2687 261 2770 paralium,
282 2698 316 2752 et
337 2684 546 2750 mutabilium
567 2680 631 2747 sibi
656 2684 864 2763 efformavit,
886 2686 926 2751 ad
948 2707 1077 2751 eausam
1099 2706 1154 2749 ea-

83 2788 161 2833 rnm
181 2767 360 2839 extollitur.
384 2786 500 2850 nempe
522 2764 562 2829 ad
583 2769 737 2831 veritates
752 2768 897 2852 cognitas
915 2790 973 2853 per
988 2768 1151 2853 principia

85 2862 232 2926 aeterna,
254 2861 286 2915 et
309 2847 538 2922 immutabilia3
555 2857 587 2912 ot
607 2866 648 2910 ex
664 2847 714 2911 bis
728 2848 913 2933 regreditur
934 2850 974 2915 ad
990 2850 1153 2928 veritates,

108 2953 168 2997 uas
189 2934 341 3017 cognovit
363 2933 396 2995 in
419 2927 515 2994 rebus
536 2928 790 3017 temporalibus,
812 2942 845 2997 et
866 2930 1096 3011 mutabilibus,
1118 2944 1157 2999 ut

84 2951 221 3099 deipsis
236 3024 359 3079 reatum
381 3011 542 3078 iudicium
564 3013 764 3095 pronuntiet.
780 3013 986 3101 Quapropter
1009 3015 1041 3079 in
1063 3035 1156 3079 exer-

84 3095 240 3162 citatione
263 3096 399 3161 rationis
412 3093 593 3166 inferioris,
616 3104 649 3158 et
670 3097 848 3179 superioris
864 3118 928 3161 uon
944 3098 1009 3162 nisi
1022 3096 1157 3181 quidam

84 3197 292 3264 progressus,
315 3188 348 3244 et
369 3196 536 3263 regressus
563 3173 697 3242 obtinet.
720 3179 819 3262 Atqui
841 3198 1031 3265 progressus
1054 3186 1086 3242 et
1106 3198 1157 3243 re·

121 3481 132 3516 ¹
153 3481 204 3543 Οτι.
225 3481 324 3543 disper..
344 3480 385 3530 De
406 3480 480 3539 Ver„
500 3495 528 3544 q.
548 3477 583 3537 x,
604 3493 632 3530 a.
653 3480 670 3531 6
689 3480 722 3531 ab
742 3481 769 3531 o.

85 3546 316 3674 afferentia&
332 3553 369 3602 tte
382 3553 468 3610 liin„
482 3553 532 3604 lib.-
543 3549 578 3614 ll,
598 3567 625 3602 e.
637 3554 665 3612 t,
680 3568 706 3603 n.
721 3554 747 3614 l;
761 3556 789 3605 et
802 3566 824 3603 s.
838 3548 945 3615 Thoan„
961 3550 982 3615 l,
998 3568 1024 3619 q.
1037 3547 1155 3614 mlx,
