2475 3909
548 171 733 221 erroneum
1098 150 1141 222 87

100 263 281 402 qirqqnque
302 254 492 340 coniungit,
522 263 619 340 atque
645 253 863 319 continuum¹
886 254 1107 319 successivum
1132 251 1184 320 ei·

128 358 159 401 m
206 384 213 400 υ
496 437 677 504 univi
712 437 786 504 xli.

143 555 188 621 lie
208 551 333 620 duabus
354 554 532 636 postremis
553 554 744 635 categoriis,
768 568 886 634 nempe
909 551 949 618 tie
971 573 990 614 u
1013 551 1084 616 situ
1105 572 1139 627 n,

523 642 560 701 et
580 658 598 698 n
613 637 765 700 halitu»

478 753 547 808 Αιτ.
570 751 693 805 l.-De
723 756 810 805 situ

141 839 215 906 228.
237 838 400 914 Quoniam
421 861 472 904 res
493 859 671 926 corporeae
691 847 826 925 propter
847 859 940 903 snam
961 838 1180 922 quantitatem

100 918 210 985 iocum
233 931 406 1006 occupant,
428 923 526 987 huius
550 930 656 1006 partes
675 920 851 1005 quemdam
865 919 1016 985 ordinem
1037 916 1180 985 habeant

100 1021 231 1067 necesse
253 1013 313 1068 cst.
339 1003 376 1066 Ε.
401 1023 458 1087 g.,
481 1023 599 1087 corpus
622 1002 764 1067 hominis
791 1004 825 1067 in
855 1004 927 1067 ioco
952 1012 1002 1066 est
1023 1000 1176 1077 sedendo,

100 1082 152 1146 rel
174 1083 300 1159 stando,
322 1085 373 1148 vei
396 1083 557 1149 cubando.
573 1085 640 1148 iam
658 1083 738 1148 iilud
762 1083 927 1159 accidens,
949 1082 1038 1168 quod
1061 1104 1101 1147 ex
1125 1103 1179 1148 or-

98 1163 178 1229 dine
200 1168 341 1251 partium
361 1164 401 1231 ad
418 1168 524 1230 locum
546 1166 669 1241 existit,
679 1166 868 1310 pppeiiatnr
887 1167 1006 1232 ritus&
1022 1165 1181 1230 Diximus

97 1266 142 1308 ex
163 1249 270 1312 ordine
294 1249 440 1332 portium
468 1249 654 1333 quantitatis
745 1248 869 1325 locum,
892 1269 969 1313 nam
997 1244 1079 1311 ordo
1104 1267 1180 1330 par·

99 1329 185 1394 tium
206 1330 397 1414 quantitatis
412 1329 451 1394 ad
468 1340 584 1406 totum,
601 1351 631 1394 e.
649 1349 694 1412 g„
713 1329 806 1406 ordo,
829 1349 927 1414 quem
949 1340 1059 1413 caput,
1076 1327 1175 1413 pedes

101 1419 179 1488 elo,
203 1411 243 1476 aii
266 1431 385 1496 corpus
412 1411 563 1477 animalis
589 1409 731 1488 habent,
758 1411 908 1497 quamvis
934 1411 1068 1473 nomine
1096 1410 1177 1474 sitim

99 1491 327 1578 designetur⁴,
351 1491 392 1558 ad
413 1495 610 1578 categoriam
634 1492 715 1557 situs
737 1514 800 1559 non
824 1493 977 1578 pertinet,
994 1500 1027 1556 et
1041 1490 1173 1555 nominc

91 1575 263 1658 positionis
287 1578 390 1659 magis
413 1576 546 1662 proprie
566 1574 750 1641 denotatur.

138 1655 212 1723 229.
237 1659 289 1720 Ex
310 1656 369 1722 hac
391 1659 522 1723 notione
548 1657 629 1721 situs
658 1656 854 1743 perspicitur
880 1654 990 1739 ipsum
1016 1672 1081 1718 non
1104 1673 1174 1719 esse

97 1736 362 1802 confundendum
378 1759 451 1802 cum
467 1737 534 1813 ubi}
551 1759 624 1800 nam
646 1759 765 1825 corpus
780 1737 901 1802 dicitur
913 1737 1060 1811 locutum,
1076 1746 1177 1818 priiut

99 1819 133 1882 in
159 1820 227 1884 ioco
249 1831 310 1895 esi,
333 1829 367 1883 ei
388 1818 511 1884 dicitur
534 1821 644 1896 situm,
660 1831 759 1904 prout
779 1820 852 1893 hoc,
875 1822 924 1884 vel
949 1818 1006 1883 iiio
1028 1816 1125 1882 modo
1141 1819 1176 1884 in

98 1899 172 1966 ioco
186 1911 245 1966 est.
263 1902 333 1965 Hoc
349 1922 373 1965 s.
389 1902 527 1965 Thomas
543 1922 583 1965 ex
600 1921 639 1966 eo
654 1903 833 2000 praecipue
847 1899 1058 1972 demonstret,
1073 1899 1175 2044 quod,

98 2003 164 2046 non
186 1993 309 2046 mutato
331 1984 407 2056 situ,
423 1992 529 2068 potest
548 1991 669 2048 mutari
691 1982 760 2058 ubi3
776 2005 806 2048 e.
824 2003 871 2067 g„
885 1980 912 2046 si
927 1982 1023 2046 homo
1045 2002 1078 2044 se
1103 2003 1173 2059 ens,

98 2075 308 2150 permanente
330 2066 485 2138 sessione,
502 2062 543 2127 ab
558 2063 626 2127 alio
641 2073 840 2141 moreretur,
858 2064 928 2150 ipse
948 2061 1005 2125 ubi
1025 2061 1172 2148 quidem,

97 2143 156 2210 sed
180 2167 243 2210 non
265 2147 363 2211 situm
386 2155 525 2210 mutaret
539 2146 563 2209 ⁵.

136 2326 147 2366 ¹
169 2331 326 2380 Continuitos
344 2329 494 2380 successive
514 2329 541 2378 in
560 2329 611 2379 hoc
631 2333 764 2390 consistit,
785 2327 855 2394 quod
875 2341 959 2378 unuin
978 2329 1057 2387 alieri
1077 2329 1173 2379 imme·

98 2402 173 2452 dieie
192 2402 322 2462 anceiiit.

133 2472 146 2509 ²
165 2472 281 2524 Praestat
301 2473 344 2523 liic
363 2473 500 2531 adnotare,
522 2477 628 2536 tempus
646 2475 703 2523 lato
723 2485 803 2524 sensu
828 2476 970 2534 acceptum
991 2474 1017 2522 in
1036 2475 1173 2534 opintio-

93 2545 175 2595 nibus
193 2547 372 2608 spiritualium
401 2551 587 2596 creaturarum
613 2547 723 2609 intelligi
744 2559 831 2610 posse.
851 2543 926 2609 Quoi
945 2542 1064 2608 Aquinas
1082 2546 1173 2595 ‹iecta-

95 2617 166 2668 rarii
186 2618 226 2667 iiis
245 2619 350 2668 serbis:
373 2638 384 2662 ι
410 2615 562 2667 intellectus
581 2623 623 2668 esi
642 2632 722 2682 supra
741 2624 867 2680 tempos,
887 2619 957 2680 quod
975 2624 1018 2667 eet
1035 2631 1170 2668 nunterns

94 2695 185 2740 moins
205 2689 384 2753 corporalium
414 2702 515 2740 rerum.
536 2687 587 2741 Seii
608 2691 665 2753 ipsa
685 2691 825 2754 pluralitas
843 2690 993 2752 specierum
1013 2690 1171 2754 intelligibi-

96 2763 166 2812 lium
186 2768 280 2812 causat
300 2761 508 2812 vicissitudinem
529 2763 675 2826 qnamdam
694 2762 900 2826 intelligibilium
918 2763 1114 2825 operationum,
1129 2776 1173 2812 se·

93 2834 214 2885 cuntium
232 2848 314 2898 quam
335 2848 385 2883 una
407 2835 526 2896 operatio
545 2839 585 2884 esi
605 2836 678 2898 prior
701 2835 797 2885 altere.
817 2831 854 2885 Et
872 2832 942 2884 huno
960 2835 1170 2886 vicissitudinem

94 2907 261 2970 Augustinus
280 2909 399 2957 nominat
419 2911 542 2969 tempus.
562 2921 625 2956 eum
645 2907 720 2966 (licit,
740 2907 788 2955 iili.
803 2902 876 2962 vill.
896 2919 923 2956 c.
937 2905 972 2956 2⁰
991 2911 1019 2957 et
1037 2907 1071 2958 tt
1091 2921 1170 2972 super

94 2981 163 3031 Gen.
183 2981 218 3030 uti
236 2980 297 3038 litu,
318 2981 387 3043 qnod
407 2975 478 3028 liene
503 2984 592 3029 moret
611 2983 763 3028 creaturam
781 2978 947 3041 spiritualem
967 2991 1015 3041 per
1033 2985 1167 3042 wmpus·

93 3047 129 3120 (l.
144 3065 171 3114 q.
184 3046 352 3110 titivm.
373 3050 391 3101 i
409 3053 441 3100 ad
464 3045 506 3117 l).
527 3047 562 3101 Iit
580 3053 609 3101 in
627 3051 674 3100 lii.
695 3052 708 3101 t
725 3052 808 3109 Seni„
830 3047 897 3100 illst.
912 3047 983 3106 viti,
1003 3065 1031 3112 q.
1053 3048 1099 3110 iil,
1112 3050 1168 3100 a.3

94 3123 129 3175 eii
149 3123 178 3173 i:
200 3142 212 3168 ι
234 3122 294 3175 tito
313 3123 391 3172 modo
409 3122 508 3173 dieitur
525 3127 632 3184 tempus
651 3123 736 3186 ineps
753 3123 932 3172 communiter
950 3135 1079 3172 numeros
1097 3123 1168 3182 eins,

93 3195 166 3262 quod
180 3193 260 3244 hebet
277 3207 447 3258 quocumque
468 3194 546 3243 motio
560 3195 650 3258 prius,
663 3199 692 3244 et
710 3196 853 3257 posterius:
873 3199 900 3244 et
919 3194 957 3244 sic
976 3194 1091 3243 dicimus
1109 3207 1169 3245 esse

93 3275 202 3330 tempus
222 3279 378 3317 mensurans
396 3267 532 3330 simplices
551 3267 739 3329 conceptiones
762 3267 924 3324 intellectus,
944 3278 1014 3330 qnae
1032 3271 1096 3317 suut
1114 3265 1166 3318 sibl

92 3338 280 3398 succedentem
295 3341 322 3388 el
335 3337 405 3388 istud
417 3342 524 3401 tempus
543 3352 595 3389 non
614 3342 731 3400 oportet,
748 3339 819 3402 quoii
833 3338 929 3388 laabim
947 3337 1164 3398 continuitatem,

92 3425 159 3466 enm
173 3409 251 3469 iilud,
266 3410 412 3461 monadum
432 3410 502 3473 quoii
521 3411 677 3470 attenditur,
698 3415 798 3472 motus,
818 3423 871 3461 non
890 3412 924 3461 stt
942 3411 1099 3462 continuum
1121 3430 1147 3462 ι.

130 3479 197 3531 ⁸ci
212 3496 235 3532 s.
256 3476 365 3540 Titum„
386 3481 506 3546 Quodiii.
529 3479 575 3542 ill,
595 3496 622 3532 a.
644 3483 706 3532 ic.

131 3551 200 3604 ilie
220 3557 271 3605 ritu
289 3553 340 3604 hec
360 3555 463 3604 ratione
481 3558 594 3616 accepto
614 3556 698 3605 locuit
716 3567 809 3605 eumue
829 3568 855 3620 p.
875 3554 922 3614 ii,
941 3561 999 3608 not.
1020 3555 1049 3606 i.

128 3626 193 3681 ³itt
211 3625 256 3680 lii.
277 3626 318 3679 tt
334 3626 429 3694 Pipa,
449 3626 512 3678 lect.
533 3623 592 3681 vti.
