2475 3909
510 157 693 208 onnonontn
1069 146 1112 213 79

79 261 144 329 que
167 241 215 310 uti
238 246 545 340 corporeum,.quin
568 266 688 392 corpus
709 242 750 308 nb
773 244 879 321 inani,
901 267 958 312 seu
981 269 1083 314 vacuo
1104 248 1157 314 di-

76 327 142 390 stin
168 327 228 392 uit.
248 326 396 390 Vncunm
420 325 536 409 igitur,
551 348 616 411 qno
662 327 826 410 Epicurus
847 326 1007 406 defendit,
1024 331 1153 395 nonnisi

74 347 165 473 uitii
183 420 232 474 est
246 407 269 470 ⁴.
286 407 472 484 Praeterea,
495 427 510 472 s
534 411 636 473 atium
659 406 700 472 ab
722 408 867 492 Epicuro
892 410 1086 496 intelligitur
1101 434 1156 477 ve-

76 487 142 552 luti
165 488 417 574 receptaculum,
440 429 531 573 quod
550 510 687 575 corpora
709 491 866 555 eontinet.
891 493 989 576 Atqui
1014 513 1154 558 vacuum

77 591 217 666 corporo
232 571 399 636 continere
422 590 485 634 non
509 582 626 654 potest,
643 571 721 656 quio
744 591 882 635 vacuum
904 583 954 637 est
974 575 1080 639 omnis
1098 597 1157 640 ex·

79 654 241 717 tensionis
262 673 393 737 expers;
410 670 547 736 corpora
570 673 660 729 vero,
681 673 756 716 num
777 664 910 718 extense
933 656 1009 730 sint,
1025 657 1155 720 nonnisi

77 753 99 797 a
121 733 338 819 receptaculo,
361 732 450 819 quod
473 742 643 799 extensum
666 743 725 809 est,
748 735 910 800 contineri
933 746 1077 821 possunt.
1092 738 1159 802 Vo-

81 835 182 880 onum
206 818 216 880 i
244 818 311 879 itur
333 817 448 900 nequit
468 835 538 879 esse
561 817 716 900 spatium.

121 897 197 962 210.
220 836 381 964 i’rodatur
407 894 545 962 secunda
568 917 655 980 pars.
685 896 856 972 Vennum,
878 898 1056 964 seeundum
1079 900 1159 966 Ges·

80 978 239 1055 sendum,
257 1000 362 1064 neque
384 979 424 1043 ed
446 977 674 1055 substantiam,
697 998 801 1062 neque
824 976 866 1042 ad
887 978 1035 1046 occidens
1056 982 1160 1048 reser-

81 1074 149 1127 tnr.
175 1062 274 1145 Atqui
298 1061 377 1125 nihii
402 1058 502 1124 medii
532 1061 615 1124 inter
637 1070 813 1144 utrumqne
839 1079 929 1138 esse,
953 1072 1010 1126 aut
1029 1069 1159 1149 exungia

80 1141 147 1208 tari
170 1152 274 1225 potest
288 1145 312 1206 ¹.
331 1144 418 1228 Ergo
441 1162 580 1206 vaenum
603 1161 621 1204 a
644 1140 810 1209 Gessendo
832 1141 1008 1207 admissum
1030 1155 1077 1210 est
1091 1167 1159 1209 onr-

78 1225 161 1288 nino
183 1221 372 1289 absurdum.
395 1225 582 1301 Praetereo,
599 1221 761 1308 quidquid
784 1233 833 1288 est
854 1223 1095 1310 incorporeum,
1111 1237 1159 1292 est

82 1306 314 1383 inextensum,
338 1315 371 1371 et
391 1302 551 1391 quidquid
578 1317 628 1370 est
650 1306 804 1390 longum,
827 1306 945 1382 iatum,
967 1317 1000 1373 et
1022 1308 1160 1394 profun-

81 1387 177 1462 dum,
201 1399 250 1453 est
270 1397 452 1453 extensum.
480 1387 580 1472 Atqui
604 1386 737 1451 omnino
762 1398 923 1472 repugnat
943 1388 1068 1472 aliquid
1089 1412 1159 1456 esse

82 1467 181 1536 simui
204 1481 392 1548 extensum,
414 1489 451 1536 eo
474 1470 692 1534 inextensum.
715 1468 804 1553 Ergo
826 1488 979 1544 vaenum,
998 1473 1083 1554 quod
1111 1473 1161 1536 in·

83 1571 284 1634 corporeum
306 1553 358 1618 sui
379 1551 497 1636 ponet-m
520 1548 705 1616 Gessendns
730 1549 953 1634 excogitavit,
975 1571 1091 1636 nempe
1112 1553 1161 1616 in-

82 1653 295 1717 corporeum,
318 1634 405 1720 quod
429 1633 527 1698 trinas
549 1630 768 1696 dimensiones
789 1630 897 1707 habet,
917 1636 1083 1698 notionem
1106 1633 1161 1701 de·

83 1725 197 1790 notat,
220 1735 304 1800 quoe
326 1735 360 1780 se
381 1717 484 1800 ipsam
506 1711 658 1779 destruit.
682 1711 830 1797 Denique
852 1713 1036 1781 Gnssendus
1056 1717 1162 1783 voluit

84 1817 224 1863 vacuum
247 1818 316 1862 esse
338 1807 517 1872 aeternum,
541 1816 605 1858 non
629 1791 838 1879 productum,
861 1794 1088 1882 independens.
1105 1803 1163 1863 At-

84 1881 224 1964 quiens
247 1878 432 1944 huiusmodi
454 1885 502 1944 est
523 1896 579 1940 ens
601 1898 622 1939 n
643 1896 687 1950 se,
710 1896 827 1960 nempe
850 1874 949 1942 Deus.
970 1879 1058 1964 Ergo
1079 1879 1161 1944 iilud

83 1979 226 2032 saeuum
248 1960 348 2026 veluti
372 1960 454 2025 nitet
474 1958 563 2023 Deus
585 1954 769 2022 habendum
794 1957 880 2023 iuret
894 1959 917 2022 ⁸.

126 2041 197 2136 211„
221 2041 319 2127 Prop.
342 2038 390 2106 2⁸.
416 2038 612 2105 Perndsurdo
632 2046 679 2102 oet
700 2038 806 2123 opinio
820 2040 967 2105 Newtoni
985 2041 1021 2105 de
1042 2052 1161 2106 notura

88 2143 194 2188 rocus.

128 2202 297 2268 Probatur.
314 2204 348 2270 st
371 2203 522 2287 spatium.
544 2201 631 2297 quod
654 2201 832 2267 Newtonns
856 2223 993 2269 vacnum
1015 2225 1083 2271 esse
1105 2227 1162 2270 vo·

86 2284 167 2362 luit,
189 2294 273 2350 esset
294 2283 486 2350 attributum
508 2283 588 2360 Der,
611 2284 701 2348 Deus
720 2303 762 2348 ex
783 2283 933 2370 partibus
953 2286 1162 2366 conflaretur3

87 2387 164 2433 nam
185 2387 335 2445 vacnum,
359 2366 385 2430 si
408 2374 543 2433 nonest
564 2365 659 2443 nihii,
675 2375 763 2431 certe
784 2378 954 2432 extensum
978 2379 1039 2445 est;
1054 2377 1165 2434 exten-

87 2457 289 2514 sumentem
310 2469 379 2514 esse
402 2469 466 2513 non
489 2455 604 2533 potest,
621 2448 683 2512 nisi
708 2445 755 2523 id,
769 2447 855 2532 quod
870 2469 913 2513 ex
950 2448 1076 2517 ortibus
1089 2471 1165 2516 eon-

87 2521 196 2596 ssatnr.
220 2530 320 2616 Atqui
343 2528 437 2609 Deo,
462 2537 576 2616 utpote
602 2531 661 2613 qni
687 2529 820 2594 omnino
846 2469 985 2616 simpiex
1006 2541 1075 2611 est,
1099 2554 1164 2598 non

125 2757 137 2795 ⁴
158 2753 195 2810 Gi
209 2771 232 2809 s.
254 2757 335 2824 Aug..
356 2759 396 2809 De
415 2757 481 2809 Gen.
501 2761 584 2806 contr.
604 2755 693 2811 Mum,
713 2753 762 2803 tiu.
783 2751 806 2813 1,
825 2767 853 2806 o.
873 2754 902 2804 4.

126 2829 207 2896 ²Qq.
227 2832 324 2896 dispo,
345 2844 372 2894 q.
394 2842 441 2880 nn.
463 2830 502 2880 De
520 2827 567 2890 Sp.
587 2840 627 2876 er.
647 2839 674 2874 a.
697 2824 726 2874 tt
749 2839 776 2875 o.

127 2901 276 2954 ³Pmestet
295 2902 339 2953 ute
358 2905 449 2952 contre
470 2897 625 2950 defensores
636 2900 710 2948 word
723 2896 788 2947 inno
807 2897 957 2956 advertere,
976 2897 1049 2962 qnod
1060 2898 1166 2949 etiamst

89 2975 198 3028 nnltnm
210 2980 280 3026 esset
294 2988 421 3032 vacnum,
433 2976 461 3023 et
473 2968 584 3024 cuilibet
596 2970 703 3033 corpori
717 2968 791 3020 sttnd
802 2983 901 3033 eorpus
912 2976 982 3021 esset
994 2972 1166 3033 contignum,

89 3047 153 3099 inde
173 3052 262 3098 temen
280 3048 352 3098 hund
376 3045 553 3097 contineretur
576 3056 631 3094 non
654 3054 731 3104 posse
751 3043 838 3092 nttnm
856 3055 954 3105 eorpus
973 3044 1093 3101 moreti,
1113 3042 1164 3092 nisi

89 3123 183 3171 omnin
200 3119 281 3170 simut
300 3123 468 3170 moveantur.
488 3115 528 3177 id,
542 3122 572 3166 nt
584 3130 608 3166 s.
622 3110 738 3164 Thomas
755 3109 801 3180 (tn
818 3114 862 3165 tto.
882 3117 897 3166 1
901 3117 922 3165 V
939 3115 1114 3179 Ρὴψ.,1οοῑ.
1129 3110 1168 3181 X)

91 3193 186 3252 docet,
207 3193 357 3255 perspicere
377 3192 441 3242 ttoet
464 3191 550 3254 primo
568 3202 601 3238 ex
619 3184 813 3243 mretaetione,
832 3191 861 3237 et
879 3187 1085 3236 oondensrttone
1104 3199 1168 3236 eor·

90 3278 199 3328 porum
213 3276 276 3315 nom
296 3266 318 3314 u
336 3277 446 3328 corpora
466 3260 595 3319 mrefleri.
610 3263 638 3309 et
651 3258 808 3309 condensari
826 3265 938 3322 queunt,
959 3271 1038 3308 nomo
1057 3271 1110 3308 non
1123 3259 1165 3308 rt·

91 3339 139 3388 det
156 3349 232 3400 posse
252 3337 341 3401 ntique
360 3348 455 3388 eorum
474 3335 587 3394 moveri,
607 3332 672 3396 quin
692 3330 795 3396 reliqna
814 3337 982 3383 moveantur:
1002 3331 1120 3382 mnnndo
1132 3343 1166 3380 ex

93 3416 171 3460 motu
188 3421 331 3471 corporum
351 3422 398 3473 per
416 3407 538 3465 fluidum
553 3406 628 3468 quin,
641 3403 747 3468 quoties
765 3417 863 3468 eorpus
881 3405 910 3452 in
927 3403 1008 3454 fluido
1028 3409 1165 3462 moretur,

91 3495 147 3534 non
165 3485 270 3544 oportet
289 3486 375 3532 totum
394 3481 505 3532 fluidum
519 3479 632 3537 moveri,
645 3477 691 3525 sed
704 3478 767 3527 retis
779 3482 821 3528 est
834 3479 923 3539 portet
942 3477 1088 3526 anteriores
1106 3474 1168 3524 ssut-

92 3555 132 3615 u,
152 3554 222 3620 quod
241 3554 450 3616 dometimur,
470 3552 503 3603 ed
522 3549 607 3602 interr
628 3549 761 3609 retinere,
781 3555 811 3600 ut
828 3550 921 3602 locum
940 3563 955 3599 n
974 3561 1086 3613 corpore
1105 3549 1169 3598 rett-

93 3632 170 3680 otnm
188 3633 332 3690 oooupnnt.
