2475 3909
499 167 771 233 nnrnuoeoubots
1057 167 1117 235 toa

90 264 231 345 totlitur,
252 266 306 334 hic
328 266 533 341 omittimus;
555 287 629 331 nam
652 266 691 332 de
713 268 763 334 his
783 267 976 352 insequenti
999 265 1110 353 Capite
1123 286 1158 330 a·

94 347 240 432 gendum
263 348 355 414 uobis
377 349 451 413 erit.

134 431 184 497 ta.
206 429 254 496 De
268 430 387 496 Kantio
407 431 520 505 etiam,
535 430 592 516 qui
613 440 645 495 ri
665 449 730 513 eqo,
753 452 808 496 seu
830 429 992 494 hominem
1013 449 1053 493 ne
1075 430 1107 494 in
1123 451 1156 494 a·

92 509 181 576 nima
202 511 351 598 quidem,
375 521 472 598 prout
492 510 568 577 haec
590 522 639 576 est
660 513 841 580 subiectum
863 512 1022 596 cogitans,
1044 510 1099 575 sed
1121 513 1154 576 in

92 593 162 658 suia
183 595 378 659 conscientia
399 613 532 658 suarum
555 593 788 678 cogitationum
811 593 920 680 posuit
936 593 959 670 ¹,
973 592 1053 658 nihil
1076 591 1157 657 dicia

91 693 254 750 mus3uam
270 687 378 741 contra
395 676 488 740 istam
504 676 689 760 opinionem
705 677 816 742 eadem
830 674 937 741 vatent
951 686 1152 760 argumenta,

90 754 215 840 quibus
231 778 395 842 personam
416 778 478 821 non
501 777 592 842 posse
613 756 741 824 definiri
762 769 906 823 nutarunt
928 759 981 822 atti
1000 757 1154 822 conscium

92 838 293 904 ostendimus
304 841 329 919 ²3
344 840 467 937 quippe
481 838 568 924 quod
582 843 615 898 τὸ
629 859 680 986 epo
694 839 870 907 secundum
889 837 1155 916 Kantium,alios-

91 940 156 1006 que
179 940 318 1006 nuperos
339 943 374 986 re
396 941 467 1007 ipsa
489 941 551 984 uon
566 921 632 986 aliu
658 923 745 1000 ,nisi
769 942 950 1009 personam,
973 920 1113 990 denotat.

133 1003 183 1068 ld.
207 1004 352 1102 Denique
384 1003 569 1069 Itosminius
597 1002 708 1071 docuit
727 1009 759 1064 τὸ
781 1024 831 1087 eqo
860 1026 923 1069 non
956 1025 1024 1069 esse
1053 1003 1155 1068 sotum

91 1083 491 1165 animam,ut1Gartesius
511 1085 659 1170 opinatus
674 1099 734 1164 est,
750 1107 854 1172 neque
875 1085 977 1151 solam
992 1085 1155 1152 eonscien-

90 1167 183 1245 tiam,
198 1171 247 1234 uti
268 1169 409 1234 Kantius
429 1166 605 1246 contendit,
621 1168 678 1235 sed
699 1189 769 1235 esse
790 1171 943 1246 animam,
968 1179 1063 1255 prout
1082 1187 1156 1232 con-

92 1249 158 1314 scia
180 1253 232 1317 sui
255 1251 359 1335 ipsius
379 1260 448 1328 est3
472 1270 544 1313 nam
560 1273 577 1312 a
593 1251 777 1318 subiectum
796 1250 971 1316 humanum
994 1262 1062 1317 tunt
1082 1269 1157 1314 eva·-

91 1329 143 1396 dit
162 1350 226 1415 eqo,
242 1353 316 1398 cum
339 1353 398 1419 per
411 1330 556 1397 diversas
577 1336 782 1419 operationes
804 1335 948 1399 internas
962 1354 1093 1399 suarum
1109 1329 1157 1396 fa-

93 1411 251 1481 cultatum
279 1414 508 1483 conscientiam
536 1416 588 1480 sui
616 1415 801 1500 assequitur
819 1417 831 1454 ⁸
846 1438 875 1478 r.
899 1418 941 1480 At
967 1413 1157 1480 Rosminius

91 1494 158 1560 dno
179 1497 354 1577 confudit,
375 1517 458 1583 quae
486 1495 578 1561 valde
606 1495 733 1564 diversa
762 1508 861 1574 sunt,
884 1496 1008 1565 scilicet
1034 1496 1093 1570 id,
1114 1515 1156 1559 ex

116 1595 159 1642 uo
179 1589 212 1645 ri
232 1601 285 1663 eqo
305 1579 525 1658 constituitur,
542 1590 638 1663 atque
662 1579 709 1656 id,
725 1599 791 1663 quo
812 1593 844 1650 rt
865 1601 878 1642 e
900 1601 916 1643 o
939 1578 1156 1666 cognoscitur.

92 1597 188 1728 geste
216 1683 311 1737 nerim
334 1660 497 1726 inficiatur
516 1663 549 1718 τὸ
571 1680 623 1748 epo
651 1683 713 1729 non
735 1682 828 1748 posse
857 1598 898 1726 ai
919 1662 1077 1728 actualem
1106 1658 1156 1722 sui

91 1745 311 1890 copnitionem
334 1755 407 1810 ante
422 1743 610 1828 pervenire,
627 1765 724 1828 quarn
747 1765 845 1830 super
858 1747 1059 1828 operationes
1081 1759 1156 1806 suas

91 1847 129 1890 re
153 1838 295 1900 ectaturt
311 1836 344 1892 at
363 1846 459 1891 nemo
480 1826 579 1890 etiam
601 1846 664 1890 non
685 1824 775 1892 ridet
788 1831 820 1887 ri
835 1846 885 1909 equ
908 1846 970 1890 non
993 1846 1083 1913 posse
1103 1843 1157 1887 su-

93 1929 153 1995 per
173 1909 380 1996 operationes
400 1927 474 1972 suas
495 1905 616 1972 reflecti
638 1955 645 1984 ,
668 1909 730 1972 nisi
760 1909 826 1973 iarn
849 1910 983 1986 existat3
1008 1905 1159 1994 proinde·

91 2011 157 2075 que
171 1992 277 2078 ipsum
301 2011 415 2056 revera
436 1989 586 2066 existere,
602 2000 774 2074 autequam
797 1991 1028 2056 conscientiam
1043 1989 1093 2056 sui
1108 2007 1157 2052 as-

92 2085 258 2158 sequatur.
274 2074 341 2138 iam
356 2076 383 2137 si
396 2073 429 2130 ri
443 2091 495 2154 eqo
509 2072 637 2150 existit,
653 2083 826 2157 antequam
840 2072 1006 2138 conscium
1021 2073 1070 2137 sui
1088 2070 1155 2146 flat,

92 2156 104 2219 i
131 2177 201 2220 sum
224 2177 288 2220 nou
309 2164 414 2241 potest
434 2152 577 2231 definiri,
592 2153 871 2239 quemadmodum
886 2176 905 2219 a
919 2155 1088 2220 Rosminio
1102 2150 1157 2218 de·

116 2240 221 2305 nitunt
242 2248 302 2315 est,
324 2237 506 2312 subiectum,
524 2250 621 2321 prosu
643 2237 695 2301 sui
716 2240 875 2304 conscium
898 2248 951 2302 eat.

496 2354 675 2425 CAPVT
708 2355 750 2422 tt.

202 2467 360 2546 Quomodo
381 2467 460 2534 uuio
482 2471 608 2534 animae
630 2485 704 2532 eum
723 2487 860 2552 corpore
882 2469 1061 2546 efficiatur,

541 2551 724 2632 inquiritur

148 2663 217 2718 Aut.
236 2657 258 2716 i.
272 2663 441 2718 -.Doctriua
462 2665 809 2719 Aristotelico-Sohutastier
835 2670 944 2719 rationis
963 2668 1104 2718 momentis

535 2747 717 2804 propugnatur

137 2834 186 2913 15.
208 2833 244 2901 si
272 2833 476 2920 exploratum
508 2837 659 2904 omnibus
690 2859 759 2906 esse
782 2838 877 2908 debet
909 2842 1049 2909 animam
1082 2861 1160 2906 cum

91 2937 230 3004 corpore
252 2919 298 2983 ita
320 2919 500 3006 coniungi,
522 2930 559 2985 ut
580 2922 710 2985 unicam
732 2923 924 3010 completam
946 2924 1158 2990 substantiam

93 3020 172 3067 eum
194 3021 234 3066 eo
248 3003 430 3076 constituat,
447 3002 537 3067 vaide
559 3002 689 3068 diffinite
712 3006 951 3084 intellectuum,
967 3007 1156 3072 observante

93 3107 122 3152 s.
146 3086 327 3170 Augustino
338 3085 362 3160 ⁴,
386 3085 549 3170 quomodo
571 3085 628 3151 itia
648 3087 728 3153 unio
751 3089 968 3158 substantialis
989 3090 1156 3154 efficiatur.

133 3283 144 3325 ¹
163 3283 238 3338 ilaue
254 3285 412 3336 senteutiam
431 3279 539 3342 Krutti,
559 3298 640 3350 quam
660 3284 775 3336 breviter
792 3289 913 3351 exposuit
932 3285 1078 3338 Frnncttius
1096 3283 1160 3355 (ut-

94 3365 174 3413 uun.
194 3362 239 3410 des
255 3361 348 3410 amane.
366 3358 448 3423 ptuit„
473 3363 524 3407 art.
552 3357 637 3427 diui),
658 3353 796 3409 Terentius
815 3357 973 3411 Mamtnuius
992 3362 1060 3410 inter
1080 3355 1159 3410 italus

94 3436 215 3486 secutus
233 3436 274 3483 est
292 3433 318 3481 in
330 3443 378 3481 suo
393 3442 485 3499 opere,
500 3431 523 3480 tt
534 3433 729 3482 nunouumento
741 3433 809 3484 detto
820 3433 888 3498 pior.
907 3435 935 3484 iu
950 3434 1035 3491 ttutiu,
1049 3446 1108 3496 par.
1123 3429 1157 3490 tt,

95 3521 124 3561 o.
143 3506 172 3565 4,
193 3511 208 3566 s
227 3505 255 3565 3,
274 3509 302 3554 et
320 3518 346 3554 o.
367 3504 394 3559 t.
414 3507 429 3562 s
450 3504 477 3562 t,
496 3500 606 3554 Pirantc
627 3503 707 3555 1836.

133 3571 201 3629 tut
216 3579 314 3636 cnut..
335 3591 361 3628 e.
381 3573 428 3634 vt,
445 3591 473 3628 a.
493 3576 520 3634 o,
541 3590 568 3640 p.
589 3577 703 3628 ut.-³
724 3579 830 3639 nasot,
851 3574 1020 3638 naunitttt,
1042 3584 1056 3639 s
1076 3579 1124 3629 us.

134 3647 146 3687 ⁴
168 3670 179 3696 ι
195 3648 297 3711 utatur,
311 3651 358 3713 ait,
373 3663 426 3716 quo
439 3651 594 3713 corporibus
606 3649 752 3702 adhaerent
765 3653 884 3718 spiritus,
897 3657 926 3704 ot
937 3651 1062 3704 animatia
1081 3652 1158 3708 flunt,
