2475 3909
500 172 777 222 smnnoeosnnm
1062 157 1123 226 217

137 261 172 327 2⁰
196 287 213 325 (ι
236 263 329 339 Quae
355 260 580 328 attribuuntur
604 259 703 325 alicui
729 255 837 322 eidem
862 258 1038 323 secundum
1061 261 1180 330 diver--

95 366 146 409 sas
170 346 306 414 formas,
323 343 551 430 praedicantur
575 341 617 407 de
640 341 835 406 seinvicem
863 359 920 423 per
944 340 1091 408 accidens
1107 347 1117 385 ¹
1135 370 1165 412 s.

94 429 135 492 E.
160 447 207 510 g„
230 446 299 488 esse
323 427 502 501 musicum,
525 437 558 491 et
578 445 647 488 esse
670 421 800 497 album,
822 441 905 503 quac
926 434 999 489 sunt
1020 425 1167 494 divorsae

96 507 222 572 formae
245 507 279 570 in
303 509 446 582 Socrate,
463 504 504 570 de
518 527 551 571 se
566 505 696 571 nonnisi
719 522 778 587 per
797 503 948 568 accidens
970 521 1104 591 possunt
1119 513 1169 576 in-

94 591 200 654 vicem
224 588 426 673 praedicari3
441 589 521 683 qnia
543 587 738 672 quandoque
760 606 795 649 re
818 586 888 731 ipsa
909 589 1030 665 everrit,
1045 603 1082 656 ut
1096 593 1165 672 ille,

93 673 149 755 qui
171 680 222 735 est
242 671 408 746 musicus,
432 679 474 734 sit
498 669 596 733 etiam
618 668 734 745 albus,
758 677 791 731 et
812 668 834 731 il
849 688 891 744 e,
912 670 967 753 qni
992 681 1040 735 est
1062 671 1165 754 albus,

95 754 137 819 sit
159 753 258 816 etiam
281 753 448 824 musicus;
471 762 503 816 at
526 751 738 837 simpliciter,
759 769 816 813 sen
839 769 951 834 perse
976 772 1038 815 non
1062 767 1166 840 potest

93 854 194 898 unum
216 831 257 896 de
280 832 381 897 altaro
403 831 599 918 praedicari,
621 833 699 917 quia
721 833 874 905 essentia,
897 833 979 910 sive,
1002 845 1040 899 ut
1062 837 1165 915 aiunt,

95 915 185 979 notio
207 914 304 978 nnius
324 915 388 979 alia
411 925 473 990 εει,
488 935 526 977 ac
540 916 629 979 notio
653 913 797 980 alterins.
816 912 887 990 Qua
914 925 1037 1000 ropter,
1054 920 1165 984 siesse

93 997 211 1072 vicens,
234 994 371 1074 animal,
394 997 502 1072 bomo,
525 1005 689 1081 tamquam
712 995 860 1059 diversae
882 934 1166 1068 lbrmaecuilibet

94 1077 217 1142 bomini
242 1077 393 1152 inessent,
410 1097 480 1141 esse
504 1078 607 1141 siccas
623 1079 655 1142 in
672 1076 801 1142 bomine
826 1099 889 1142 non
912 1091 1019 1163 posset
1039 1081 1166 1165 praedi-

94 1159 162 1222 cari
188 1179 302 1244 perse
326 1157 366 1222 de
389 1158 534 1236 animali,
549 1180 609 1224 nec
632 1158 750 1224 animal
773 1170 880 1243 posset
901 1161 1083 1244 praedicari
1108 1186 1166 1248 per

94 1261 128 1304 sc
147 1239 186 1304 de
208 1239 341 1305 minine.
365 1241 466 1325 Atqui
489 1261 689 1326 consequens
711 1250 759 1304 est
783 1239 972 1318 absurdum3
987 1245 1063 1328 qnia
1078 1269 1094 1307 (ι
1111 1249 1166 1311 bo-

94 1342 161 1396 mo,
184 1321 361 1387 secundnm
383 1319 471 1406 quod
492 1331 541 1387 εει
561 1322 681 1396 bomo,
703 1331 750 1386 est
773 1323 909 1400 animal,
933 1337 965 1392 et
987 1326 1164 1392 secundum

94 1403 180 1488 quod
203 1413 251 1468 cst
269 1403 401 1478 animal,
423 1414 472 1469 εει
494 1405 605 1468 vivum
623 1427 652 1466 n.
670 1405 789 1486 Ergo«
805 1403 977 1471 abeodem
999 1410 1165 1494 principio

93 1484 218 1568 aliquid
242 1494 291 1551 est
313 1483 445 1561 animal,
468 1486 564 1550 bomo
585 1498 619 1549 et
641 1485 778 1550 vivum²
796 1507 824 1548 n.

135 1565 172 1633 3⁰
194 1567 311 1630 Anima
333 1566 513 1642 rationalis,
536 1575 574 1631 ut
594 1564 751 1644 diximus,
775 1575 823 1631 εει
845 1569 879 1632 in
900 1569 1032 1634 bomine
1055 1569 1165 1636 buius-

96 1647 184 1714 modi
199 1647 317 1725 lorma,
340 1659 378 1714 ut
398 1648 617 1732 perfectiones
638 1659 817 1714 ceterarum
841 1669 952 1714 rerum
976 1651 1087 1716 mundi
1111 1653 1166 1718 ad-

93 1729 281 1813 spectabilis
302 1728 458 1796 adunatas
473 1730 507 1794 in
521 1751 588 1795 nno
610 1732 777 1816 principio
799 1733 974 1807 contineat,
996 1754 1034 1797 ac
1056 1735 1165 1818 proin-

93 1811 135 1876 de
158 1814 228 1897 ipsa
249 1813 315 1878 sola
338 1833 398 1910 per
418 1832 451 1875 εε
473 1822 614 1894 praestat
640 1833 678 1876 ea
708 1811 841 1888 omnia,
863 1833 945 1910 quae
968 1823 1036 1879 tum
1060 1814 1163 1882 {orma

93 1895 242 1979 corporis
264 1893 458 1969 inanimati,
483 1906 550 1958 tum
579 1895 708 1959 animae
733 1893 946 1977 vegetabilis,
968 1907 1001 1961 ει
1022 1895 1164 1962 belluina

93 1984 258 2062 praestant
271 1977 294 2040 ⁸.
310 1978 399 2058 Ergo
414 1978 510 2040 unica
530 1985 580 2039 est
600 1975 634 2039 in
657 1975 785 2039 bomine
807 1977 927 2053 anima,
944 1979 1012 2043 sive
1027 1980 1164 2047 unicum

93 2059 295 2144 principium
319 2055 540 2141 intelligendi,
564 2056 744 2132 sentiendi,
766 2075 803 2119 ac
826 2060 1009 2143 vegetandi.
1031 2058 1082 2124 Ad
1103 2060 1164 2126 bec

94 2137 324 2205 illustrandum
348 2138 499 2221 exempla
527 2159 762 2214 numerorum,
784 2147 817 2202 et
837 2139 1015 2237 figurarum
1038 2143 1164 2228 optimo

92 2221 233 2286 consilio
254 2219 475 2286 afferuntnr⁴.
499 2220 627 2286 Etenim
650 2219 780 2284 numeri
803 2231 973 2289 variantur
994 2243 1053 2310 per
1075 2221 1166 2292 addi-

95 2441 137 2478 τε.
158 2423 250 2488 Neque
270 2421 343 2472 dicas
362 2435 425 2470 cnm
443 2417 563 2485 Joutlroy
582 2422 672 2484 plnres
690 2423 804 2482 animas,
825 2422 923 2487 quippe
941 2435 1010 2485 quse
1030 2415 1063 2471 ab
1082 2433 1110 2471 ss
1123 2421 1166 2472 ln-

94 2502 181 2548 sicsm
202 2495 330 2560 pendent,
351 2493 420 2543 inter
438 2505 467 2543 ss
485 2495 644 2551 consociari,
664 2499 746 2558 atqua
766 2495 826 2544 inde
839 2494 970 2544 unitatem
993 2493 1107 2544 bominis
1125 2493 1165 2543 ai-

93 2571 150 2620 tici.
171 2566 236 2618 Nam
257 2566 421 2616 consectatio
440 2566 632 2628 principiorum
646 2567 872 2624 substantialium,
892 2578 1064 2629 quocumque
1084 2566 1180 2616 modo·

93 2642 151 2692 lieri
170 2641 294 2696 dicatur,
315 2638 451 2688 bominem
471 2651 518 2700 per
536 2651 584 2694 se,
604 2643 632 2688 et
650 2638 810 2701 simpliciter
828 2653 911 2687 unum
931 2637 1036 2687 ellicsro
1055 2638 1162 2699 sequit.

91 2711 131 2765 its
148 2727 222 2771 sane,
243 2709 406 2761 consociatio
434 2709 550 2771 plurium
579 2711 773 2773 principiorum
793 2709 1020 2766 substantialium,
1040 2721 1088 2760 ssu
1107 2709 1165 2760 ins-

92 2799 210 2843 marnm‚
231 2797 285 2834 non
296 2783 389 2840 allam,
403 2795 484 2844 qnam
497 2781 596 2832 ordinis
614 2782 757 2842 unitatem,
773 2783 906 2846 producit,
922 2783 982 2844 quis
997 2781 1074 2842 plura
1089 2781 1165 2844 prln·

91 2860 161 2923 cipis
182 2854 365 2907 substantialia
384 2867 437 2903 non
457 2854 537 2903 aliter
556 2854 624 2904 inter
636 2866 664 2904 sc
678 2856 827 2905 consociari
846 2859 966 2916 possunt,
987 2867 1069 2917 quarn
1088 2853 1163 2918 qnod

91 2945 177 2982 unum
197 2929 276 2980 babet
294 2925 415 2978 ordinem
434 2925 467 2975 ad
486 2926 613 2976 alterurn.
635 2925 716 2990 Atqui
739 2929 826 2977 unitas
839 2926 950 2984 ordinis,
965 2930 994 2974 ut
1008 2938 1032 2975 s.
1047 2921 1164 2975 'l'bomss

91 3005 161 3053 scita
180 3000 304 3058 adsentit,
324 3002 366 3048 ast
384 3000 495 3047 minimo
513 3002 643 3047 unitatum
662 2995 763 3066 (contr.
785 2999 873 3056 Geni..
894 2996 940 3047 lib.
963 2995 996 3054 ll,
1017 3011 1042 3046 c.
1064 2998 1111 3056 58,
1132 3011 1159 3046 n.

90 3073 133 3145 2).
153 3071 224 3137 Ergo
243 3075 265 3122 si
284 3073 375 3135 plnres
393 3071 499 3120 snimso
519 3070 545 3119 in
563 3069 672 3120 bomine
690 3085 749 3121 esse
767 3071 910 3128 dicantur,
930 3071 1022 3119 nnius
1046 3066 1162 3119 bominis

90 3161 125 3199 ex
144 3146 253 3195 iltsrnm
273 3143 470 3195 consociatione
488 3141 557 3193 citici
578 3143 682 3205 nequit.

129 3220 139 3257 Ι
160 3220 250 3270 Contr.
268 3218 357 3272 (isac,
377 3214 454 3273 ibid..
474 3229 503 3264 n.
524 3215 551 3264 t.
566 3211 624 3251 -2
644 3211 665 3274 l,
686 3228 714 3278 q.
733 3210 839 3274 LXXV,
859 3227 886 3264 s.
907 3211 924 3262 3
943 3225 968 3262 o.

127 3289 140 3328 ⁸
159 3285 196 3341 Ci
211 3303 238 3351 p.
259 3286 390 3338 tat-tta.
957 3307 962 3314 ·

127 3355 196 3414 tet
210 3374 233 3411 s.
254 3355 363 3416 Tbom„
377 3359 536 3422 (lq-diem„
557 3372 585 3422 q.
600 3373 647 3408 nn.
668 3359 706 3408 lis
723 3358 770 3422 Sp.
790 3371 841 3415 cr..
861 3369 888 3406 s.
908 3355 924 3405 3
943 3370 969 3404 o.
984 3351 1064 3407 Aliud
1083 3360 1165 3418 argn-

89 3438 213 3486 mentnm
231 3437 341 3482 ssnctns
362 3428 459 3480 Ductor
470 3429 577 3480 conticit
590 3443 622 3481 ex
634 3444 677 3489 so,
691 3430 761 3494 quod
783 3427 925 3479 facultates
938 3427 1053 3478 bominis
1065 3427 1092 3478 in
1106 3429 1162 3478 suis

90 3505 241 3559 actionibus
261 3503 452 3568 impedimento
475 3506 548 3560 sunt,
568 3503 604 3552 ita
625 3507 654 3552 nt
667 3514 720 3565 quo
735 3503 819 3564 magis
836 3513 889 3549 uns
910 3499 1065 3559 intenditur,
1079 3500 1163 3550 sltem

89 3579 256 3634 remittatur,
276 3575 301 3626 id
321 3575 390 3637 qnod
410 3574 538 3635 explicari
558 3587 611 3624 non
632 3579 731 3637 posset,
745 3574 794 3624 nisi
813 3573 919 3623 dicatur
937 3586 1017 3622 unam
1037 3584 1094 3622 esso
1107 3573 1164 3622 snt-

89 3663 177 3710 nsasn,
190 3663 260 3715 quse
271 3652 307 3701 sit
320 3647 427 3701 illarum
441 3646 598 3702 laenitatem
613 3647 782 3714 principiums
794 3649 883 3700 contr.
898 3646 986 3708 Gsnt„
1001 3641 1076 3707 ibid,
1090 3657 1118 3695 n.
1135 3645 1174 3694 t„
