<?xml version="1.0" encoding="UTF-8"?>
<!DOCTYPE html PUBLIC "-//W3C//DTD XHTML 1.0 Transitional//EN"
    "http://www.w3.org/TR/xhtml1/DTD/xhtml1-transitional.dtd">
<html xmlns="http://www.w3.org/1999/xhtml" xml:lang="en" lang="en">
 <head>
  <title>
</title>
<meta http-equiv="Content-Type" content="text/html;charset=utf-8" />
  <meta name='ocr-system' content='tesseract 3.04.00' />
  <meta name='ocr-capabilities' content='ocr_page ocr_carea ocr_par ocr_line ocrx_word'/>
</head>
<body>
  <div class='ocr_page' id='page_1' title='image "./philosophiachri00sansgoog_0052.png"; bbox 0 0 2475 3909; ppageno 0'>
   <div class='ocr_carea' id='block_1_1' title="bbox 143 116 734 185">
    <p class='ocr_par' dir='ltr' id='par_1_1' title="bbox 143 116 734 185">
     <span class='ocr_line' id='line_1_1' title="bbox 143 116 734 185; baseline -0.007 0"><span class='ocrx_word' id='word_1_1' title='bbox 143 116 185 185; x_wconf 84' lang='grc'><strong>38</strong></span> <span class='ocrx_word' id='word_1_2' title='bbox 526 132 734 181; x_wconf 74' lang='lat' dir='ltr'><strong>coerces</strong></span> 
     </span>
    </p>
   </div>
   <div class='ocr_carea' id='block_1_2' title="bbox 101 213 1201 3139">
    <p class='ocr_par' dir='ltr' id='par_1_2' title="bbox 101 213 1182 622">
     <span class='ocr_line' id='line_1_2' title="bbox 101 213 1179 301; baseline -0.003 -21"><span class='ocrx_word' id='word_1_3' title='bbox 101 215 350 301; x_wconf 79' lang='lat' dir='ltr'><strong>superstruitur,</strong></span> <span class='ocrx_word' id='word_1_4' title='bbox 373 223 406 279; x_wconf 87' lang='lat' dir='ltr'><strong>et</strong></span> <span class='ocrx_word' id='word_1_5' title='bbox 426 234 587 298; x_wconf 81' lang='lat' dir='ltr'><strong>quaenam</strong></span> <span class='ocrx_word' id='word_1_6' title='bbox 608 214 779 289; x_wconf 88' lang='lat' dir='ltr'><strong>elementa,</strong></span> <span class='ocrx_word' id='word_1_7' title='bbox 802 234 843 278; x_wconf 84' lang='lat' dir='ltr'><strong>ex</strong></span> <span class='ocrx_word' id='word_1_8' title='bbox 864 213 984 299; x_wconf 88' lang='lat' dir='ltr'><strong>quibas</strong></span> <span class='ocrx_word' id='word_1_9' title='bbox 1005 214 1179 299; x_wconf 88' lang='lat' dir='ltr'><strong>componi-</strong></span> 
     </span>
     <span class='ocr_line' id='line_1_3' title="bbox 103 293 1178 370; baseline -0.004 -9"><span class='ocrx_word' id='word_1_10' title='bbox 103 312 168 362; x_wconf 90' lang='lat' dir='ltr'><strong>tur.</strong></span> <span class='ocrx_word' id='word_1_11' title='bbox 194 297 299 370; x_wconf 88' lang='lat' dir='ltr'><strong>Sana,</strong></span> <span class='ocrx_word' id='word_1_12' title='bbox 324 294 570 361; x_wconf 82' lang='lat' dir='ltr'><strong>fundamentum</strong></span> <span class='ocrx_word' id='word_1_13' title='bbox 600 296 859 361; x_wconf 70' lang='lat' dir='ltr'><strong>ratiocinationis</strong></span> <span class='ocrx_word' id='word_1_14' title='bbox 884 296 1000 361; x_wconf 89' lang='lat' dir='ltr'><strong>aientis</strong></span> <span class='ocrx_word' id='word_1_15' title='bbox 1021 304 1069 359; x_wconf 90' lang='lat' dir='ltr'><strong>est</strong></span> <span class='ocrx_word' id='word_1_16' title='bbox 1093 293 1178 360; x_wconf 91' lang='lat' dir='ltr'><strong>illud</strong></span> 
     </span>
     <span class='ocr_line' id='line_1_4' title="bbox 105 377 1182 462; baseline -0.002 -21"><span class='ocrx_word' id='word_1_17' title='bbox 105 378 251 441; x_wconf 81' lang='lat' dir='ltr'><strong>axioma:</strong></span> <span class='ocrx_word' id='word_1_18' title='bbox 276 378 360 454; x_wconf 81' lang='lat' dir='ltr'><strong>Quae</strong></span> <span class='ocrx_word' id='word_1_19' title='bbox 382 377 566 441; x_wconf 83' lang='lat' dir='ltr'><strong>coaceniaat</strong></span> <span class='ocrx_word' id='word_1_20' title='bbox 588 379 646 439; x_wconf 83' lang='lat' dir='ltr'><strong>ani</strong></span> <span class='ocrx_word' id='word_1_21' title='bbox 669 377 773 451; x_wconf 86' lang='lat' dir='ltr'><strong>tertio,</strong></span> <span class='ocrx_word' id='word_1_22' title='bbox 795 398 829 439; x_wconf 88' lang='lat' dir='ltr'><strong>ea</strong></span> <span class='ocrx_word' id='word_1_23' title='bbox 849 377 911 440; x_wconf 81' lang='lat' dir='ltr'><strong>sibi</strong></span> <span class='ocrx_word' id='word_1_24' title='bbox 933 398 1048 462; x_wconf 79' lang='lat' dir='ltr'><strong>qaoque</strong></span> <span class='ocrx_word' id='word_1_25' title='bbox 1070 397 1182 439; x_wconf 83' lang='lat' dir='ltr'><strong>conee-</strong></span> 
     </span>
     <span class='ocr_line' id='line_1_5' title="bbox 103 457 1182 541; baseline 0.002 -22"><span class='ocrx_word' id='word_1_26' title='bbox 103 457 206 534; x_wconf 79' lang='lat' dir='ltr'><strong>nimit3</strong></span> <span class='ocrx_word' id='word_1_27' title='bbox 231 460 380 541; x_wconf 81' lang='lat' dir='ltr'><strong>negantis</strong></span> <span class='ocrx_word' id='word_1_28' title='bbox 402 478 478 523; x_wconf 89' lang='lat' dir='ltr'><strong>vero</strong></span> <span class='ocrx_word' id='word_1_29' title='bbox 502 457 594 523; x_wconf 87' lang='lat' dir='ltr'><strong>illud:</strong></span> <span class='ocrx_word' id='word_1_30' title='bbox 618 460 761 535; x_wconf 78' lang='lat' dir='ltr'><strong>Quorum</strong></span> <span class='ocrx_word' id='word_1_31' title='bbox 782 479 881 521; x_wconf 85' lang='lat' dir='ltr'><strong>anam</strong></span> <span class='ocrx_word' id='word_1_32' title='bbox 901 480 972 522; x_wconf 88' lang='lat' dir='ltr'><strong>com</strong></span> <span class='ocrx_word' id='word_1_33' title='bbox 995 457 1086 521; x_wconf 88' lang='lat' dir='ltr'><strong>tertio</strong></span> <span class='ocrx_word' id='word_1_34' title='bbox 1107 478 1182 521; x_wconf 84' lang='lat' dir='ltr'><strong>coa-</strong></span> 
     </span>
     <span class='ocr_line' id='line_1_6' title="bbox 104 538 1179 622; baseline -0.001 -22"><span class='ocrx_word' id='word_1_35' title='bbox 104 538 201 613; x_wconf 83' lang='lat' dir='ltr'><strong>oenit,</strong></span> <span class='ocrx_word' id='word_1_36' title='bbox 223 539 355 601; x_wconf 84' lang='lat' dir='ltr'><strong>alteram</strong></span> <span class='ocrx_word' id='word_1_37' title='bbox 378 538 415 601; x_wconf 83' lang='lat' dir='ltr'><strong>ab</strong></span> <span class='ocrx_word' id='word_1_38' title='bbox 438 560 470 601; x_wconf 90' lang='lat' dir='ltr'><strong>eo</strong></span> <span class='ocrx_word' id='word_1_39' title='bbox 491 539 660 622; x_wconf 81' lang='lat' dir='ltr'><strong>discrepat,</strong></span> <span class='ocrx_word' id='word_1_40' title='bbox 676 561 710 602; x_wconf 86' lang='lat' dir='ltr'><strong>ea</strong></span> <span class='ocrx_word' id='word_1_41' title='bbox 724 540 806 601; x_wconf 84' lang='lat' dir='ltr'><strong>inter</strong></span> <span class='ocrx_word' id='word_1_42' title='bbox 827 560 856 602; x_wconf 88' lang='lat' dir='ltr'><strong>se</strong></span> <span class='ocrx_word' id='word_1_43' title='bbox 877 546 970 602; x_wconf 89' lang='lat' dir='ltr'><strong>etiam</strong></span> <span class='ocrx_word' id='word_1_44' title='bbox 984 540 1179 622; x_wconf 81' lang='lat' dir='ltr'><strong>discrepant.</strong></span> 
     </span>
    </p>

    <p class='ocr_par' dir='ltr' id='par_1_3' title="bbox 105 618 1201 3139">
     <span class='ocr_line' id='line_1_7' title="bbox 143 618 1184 706; baseline -0.003 -22"><span class='ocrx_word' id='word_1_45' title='bbox 143 620 194 684; x_wconf 84' lang='lat'><strong>91.</strong></span> <span class='ocrx_word' id='word_1_46' title='bbox 208 618 303 695; x_wconf 85' lang='lat' dir='ltr'><strong>Quod</strong></span> <span class='ocrx_word' id='word_1_47' title='bbox 318 626 426 683; x_wconf 87' lang='lat' dir='ltr'><strong>autem</strong></span> <span class='ocrx_word' id='word_1_48' title='bbox 441 630 564 706; x_wconf 87' lang='lat' dir='ltr'><strong>spectat</strong></span> <span class='ocrx_word' id='word_1_49' title='bbox 578 621 618 686; x_wconf 89' lang='lat' dir='ltr'><strong>ad</strong></span> <span class='ocrx_word' id='word_1_50' title='bbox 633 620 792 684; x_wconf 90' lang='lat' dir='ltr'><strong>elementa</strong></span> <span class='ocrx_word' id='word_1_51' title='bbox 803 620 1075 696; x_wconf 85' lang='lat' dir='ltr'><strong>ratiocinationis,</strong></span> <span class='ocrx_word' id='word_1_52' title='bbox 1088 638 1184 683; x_wconf 90' lang='lat' dir='ltr'><strong>com-</strong></span> 
     </span>
     <span class='ocr_line' id='line_1_8' title="bbox 105 699 1184 783; baseline 0 -20"><span class='ocrx_word' id='word_1_53' title='bbox 105 711 235 783; x_wconf 90' lang='lat' dir='ltr'><strong>pertum</strong></span> <span class='ocrx_word' id='word_1_54' title='bbox 260 710 306 765; x_wconf 87' lang='lat' dir='ltr'><strong>est</strong></span> <span class='ocrx_word' id='word_1_55' title='bbox 328 701 452 765; x_wconf 86' lang='lat' dir='ltr'><strong>nullam</strong></span> <span class='ocrx_word' id='word_1_56' title='bbox 472 702 757 768; x_wconf 82' lang='lat' dir='ltr'><strong>ratiocinationem</strong></span> <span class='ocrx_word' id='word_1_57' title='bbox 779 704 847 766; x_wconf 90' lang='lat' dir='ltr'><strong>sine</strong></span> <span class='ocrx_word' id='word_1_58' title='bbox 871 700 974 765; x_wconf 86' lang='lat' dir='ltr'><strong>tribus</strong></span> <span class='ocrx_word' id='word_1_59' title='bbox 990 699 1184 765; x_wconf 88' lang='lat' dir='ltr'><strong>notionibus</strong></span> 
     </span>
     <span class='ocr_line' id='line_1_9' title="bbox 106 780 1186 866; baseline 0 -23"><span class='ocrx_word' id='word_1_60' title='bbox 106 780 177 845; x_wconf 89' lang='lat' dir='ltr'><strong>lieri</strong></span> <span class='ocrx_word' id='word_1_61' title='bbox 201 800 307 865; x_wconf 90' lang='lat' dir='ltr'><strong>posse.</strong></span> <span class='ocrx_word' id='word_1_62' title='bbox 332 782 400 847; x_wconf 84' lang='lat' dir='ltr'><strong>liae</strong></span> <span class='ocrx_word' id='word_1_63' title='bbox 422 794 496 849; x_wconf 87' lang='lat' dir='ltr'><strong>sunt</strong></span> <span class='ocrx_word' id='word_1_64' title='bbox 518 784 608 850; x_wconf 91' lang='lat' dir='ltr'><strong>notio</strong></span> <span class='ocrx_word' id='word_1_65' title='bbox 630 782 770 847; x_wconf 89' lang='lat' dir='ltr'><strong>alicuius</strong></span> <span class='ocrx_word' id='word_1_66' title='bbox 791 781 950 855; x_wconf 89' lang='lat' dir='ltr'><strong>subiecti,</strong></span> <span class='ocrx_word' id='word_1_67' title='bbox 973 783 1062 847; x_wconf 93' lang='lat' dir='ltr'><strong>notio</strong></span> <span class='ocrx_word' id='word_1_68' title='bbox 1084 802 1186 866; x_wconf 87' lang='lat' dir='ltr'><strong>prae-</strong></span> 
     </span>
     <span class='ocr_line' id='line_1_10' title="bbox 105 860 1183 949; baseline 0 -24"><span class='ocrx_word' id='word_1_69' title='bbox 105 861 217 937; x_wconf 84' lang='lat' dir='ltr'><strong>dicati,</strong></span> <span class='ocrx_word' id='word_1_70' title='bbox 240 860 280 927; x_wconf 86' lang='lat' dir='ltr'><strong>de</strong></span> <span class='ocrx_word' id='word_1_71' title='bbox 302 884 368 947; x_wconf 91' lang='lat' dir='ltr'><strong>quo</strong></span> <span class='ocrx_word' id='word_1_72' title='bbox 387 866 569 949; x_wconf 85' lang='lat' dir='ltr'><strong>quaeritur,</strong></span> <span class='ocrx_word' id='word_1_73' title='bbox 586 876 696 931; x_wconf 91' lang='lat' dir='ltr'><strong>utrum</strong></span> <span class='ocrx_word' id='word_1_74' title='bbox 713 862 761 928; x_wconf 92' lang='lat' dir='ltr'><strong>illi</strong></span> <span class='ocrx_word' id='word_1_75' title='bbox 777 863 924 928; x_wconf 86' lang='lat' dir='ltr'><strong>subiecto</strong></span> <span class='ocrx_word' id='word_1_76' title='bbox 939 865 1026 939; x_wconf 90' lang='lat' dir='ltr'><strong>insit,</strong></span> <span class='ocrx_word' id='word_1_77' title='bbox 1043 886 1083 926; x_wconf 94' lang='lat' dir='ltr'><strong>an</strong></span> <span class='ocrx_word' id='word_1_78' title='bbox 1100 883 1183 939; x_wconf 90' lang='lat' dir='ltr'><strong>non,</strong></span> 
     </span>
     <span class='ocr_line' id='line_1_11' title="bbox 105 944 1188 1029; baseline 0.003 -26"><span class='ocrx_word' id='word_1_79' title='bbox 105 953 138 1007; x_wconf 84' lang='lat' dir='ltr'><strong>et</strong></span> <span class='ocrx_word' id='word_1_80' title='bbox 160 944 277 1020; x_wconf 83' lang='lat' dir='ltr'><strong>tertia,</strong></span> <span class='ocrx_word' id='word_1_81' title='bbox 300 965 376 1007; x_wconf 92' lang='lat' dir='ltr'><strong>cum</strong></span> <span class='ocrx_word' id='word_1_82' title='bbox 397 967 462 1029; x_wconf 85' lang='lat' dir='ltr'><strong>qua</strong></span> <span class='ocrx_word' id='word_1_83' title='bbox 484 946 635 1011; x_wconf 89' lang='lat' dir='ltr'><strong>notiones</strong></span> <span class='ocrx_word' id='word_1_84' title='bbox 655 945 818 1022; x_wconf 89' lang='lat' dir='ltr'><strong>subiecti,</strong></span> <span class='ocrx_word' id='word_1_85' title='bbox 841 957 872 1010; x_wconf 89' lang='lat' dir='ltr'><strong>et</strong></span> <span class='ocrx_word' id='word_1_86' title='bbox 895 944 1070 1029; x_wconf 88' lang='lat' dir='ltr'><strong>praedicati</strong></span> <span class='ocrx_word' id='word_1_87' title='bbox 1093 964 1188 1007; x_wconf 89' lang='lat' dir='ltr'><strong>corn-</strong></span> 
     </span>
     <span class='ocr_line' id='line_1_12' title="bbox 109 1024 1188 1111; baseline 0.002 -26"><span class='ocrx_word' id='word_1_88' title='bbox 109 1032 274 1106; x_wconf 89' lang='lat' dir='ltr'><strong>parantur.</strong></span> <span class='ocrx_word' id='word_1_89' title='bbox 298 1026 484 1102; x_wconf 85' lang='lat' dir='ltr'><strong>Terminus,</strong></span> <span class='ocrx_word' id='word_1_90' title='bbox 508 1026 717 1111; x_wconf 83' lang='lat' dir='ltr'><strong>quitantiam</strong></span> <span class='ocrx_word' id='word_1_91' title='bbox 744 1028 908 1091; x_wconf 92' lang='lat' dir='ltr'><strong>notionem</strong></span> <span class='ocrx_word' id='word_1_92' title='bbox 930 1025 1108 1111; x_wconf 83' lang='lat' dir='ltr'><strong>significat,</strong></span> <span class='ocrx_word' id='word_1_93' title='bbox 1131 1024 1188 1087; x_wconf 90' lang='lat' dir='ltr'><strong>di-</strong></span> 
     </span>
     <span class='ocr_line' id='line_1_13' title="bbox 109 1104 1185 1194; baseline 0.004 -29"><span class='ocrx_word' id='word_1_94' title='bbox 109 1106 195 1169; x_wconf 84' lang='lat' dir='ltr'><strong>citur</strong></span> <span class='ocrx_word' id='word_1_95' title='bbox 216 1105 356 1182; x_wconf 78' lang='lat' dir='ltr'><strong>medias3</strong></span> <span class='ocrx_word' id='word_1_96' title='bbox 387 1110 565 1185; x_wconf 90' lang='lat' dir='ltr'><strong>terminus,</strong></span> <span class='ocrx_word' id='word_1_97' title='bbox 592 1109 649 1194; x_wconf 90' lang='lat' dir='ltr'><strong>qui</strong></span> <span class='ocrx_word' id='word_1_98' title='bbox 677 1107 812 1172; x_wconf 78' lang='lat' dir='ltr'><strong>exhibet</strong></span> <span class='ocrx_word' id='word_1_99' title='bbox 839 1108 1003 1173; x_wconf 88' lang='lat' dir='ltr'><strong>notionem</strong></span> <span class='ocrx_word' id='word_1_100' title='bbox 1024 1104 1185 1182; x_wconf 87' lang='lat' dir='ltr'><strong>subiecti,</strong></span> 
     </span>
     <span class='ocr_line' id='line_1_14' title="bbox 108 1186 1188 1274; baseline 0.006 -28"><span class='ocrx_word' id='word_1_101' title='bbox 108 1187 224 1261; x_wconf 81' lang='lat' dir='ltr'><strong>ruiaor,</strong></span> <span class='ocrx_word' id='word_1_102' title='bbox 248 1195 345 1271; x_wconf 86' lang='lat' dir='ltr'><strong>atque</strong></span> <span class='ocrx_word' id='word_1_103' title='bbox 367 1188 434 1263; x_wconf 92' lang='lat' dir='ltr'><strong>ille,</strong></span> <span class='ocrx_word' id='word_1_104' title='bbox 455 1192 512 1273; x_wconf 84' lang='lat' dir='ltr'><strong>qui</strong></span> <span class='ocrx_word' id='word_1_105' title='bbox 535 1193 698 1256; x_wconf 85' lang='lat' dir='ltr'><strong>notionem</strong></span> <span class='ocrx_word' id='word_1_106' title='bbox 718 1188 910 1274; x_wconf 87' lang='lat' dir='ltr'><strong>praedicati,</strong></span> <span class='ocrx_word' id='word_1_107' title='bbox 926 1190 1029 1252; x_wconf 86' lang='lat' dir='ltr'><strong>maior</strong></span> <span class='ocrx_word' id='word_1_108' title='bbox 1042 1186 1188 1262; x_wconf 87' lang='lat' dir='ltr'><strong>dicitur,</strong></span> 
     </span>
     <span class='ocr_line' id='line_1_15' title="bbox 109 1268 1191 1365; baseline 0.006 -38"><span class='ocrx_word' id='word_1_109' title='bbox 109 1268 186 1349; x_wconf 82' lang='lat' dir='ltr'><strong>quia</strong></span> <span class='ocrx_word' id='word_1_110' title='bbox 212 1268 300 1331; x_wconf 94' lang='lat' dir='ltr'><strong>notio</strong></span> <span class='ocrx_word' id='word_1_111' title='bbox 323 1269 500 1365; x_wconf 86' lang='lat' dir='ltr'><strong>praedicati</strong></span> <span class='ocrx_word' id='word_1_112' title='bbox 525 1271 713 1355; x_wconf 86' lang='lat' dir='ltr'><strong>plerumque</strong></span> <span class='ocrx_word' id='word_1_113' title='bbox 737 1270 832 1335; x_wconf 83' lang='lat' dir='ltr'><strong>latior</strong></span> <span class='ocrx_word' id='word_1_114' title='bbox 853 1281 902 1334; x_wconf 90' lang='lat' dir='ltr'><strong>est</strong></span> <span class='ocrx_word' id='word_1_115' title='bbox 922 1272 1052 1343; x_wconf 84' lang='lat' dir='ltr'><strong>notione</strong></span> <span class='ocrx_word' id='word_1_116' title='bbox 1074 1268 1191 1333; x_wconf 87' lang='lat' dir='ltr'><strong>subie-</strong></span> 
     </span>
     <span class='ocr_line' id='line_1_16' title="bbox 108 1348 1192 1435; baseline 0.004 -25"><span class='ocrx_word' id='word_1_117' title='bbox 108 1348 152 1413; x_wconf 87' lang='lat' dir='ltr'><strong>cti</strong></span> <span class='ocrx_word' id='word_1_118' title='bbox 171 1349 193 1411; x_wconf 79' lang='lat'><strong>¹.</strong></span> <span class='ocrx_word' id='word_1_119' title='bbox 218 1349 431 1435; x_wconf 80' lang='lat' dir='ltr'><strong>Perspicuum</strong></span> <span class='ocrx_word' id='word_1_120' title='bbox 453 1362 562 1417; x_wconf 87' lang='lat' dir='ltr'><strong>autern</strong></span> <span class='ocrx_word' id='word_1_121' title='bbox 585 1363 649 1426; x_wconf 90' lang='lat' dir='ltr'><strong>est,</strong></span> <span class='ocrx_word' id='word_1_122' title='bbox 673 1352 848 1416; x_wconf 84' lang='lat' dir='ltr'><strong>terminum</strong></span> <span class='ocrx_word' id='word_1_123' title='bbox 870 1352 1044 1427; x_wconf 90' lang='lat' dir='ltr'><strong>maiorem,</strong></span> <span class='ocrx_word' id='word_1_124' title='bbox 1067 1359 1100 1414; x_wconf 90' lang='lat' dir='ltr'><strong>et</strong></span> <span class='ocrx_word' id='word_1_125' title='bbox 1123 1353 1192 1414; x_wconf 81' lang='lat' dir='ltr'><strong>nri-</strong></span> 
     </span>
     <span class='ocr_line' id='line_1_17' title="bbox 108 1430 1192 1515; baseline 0.001 -23"><span class='ocrx_word' id='word_1_126' title='bbox 108 1450 221 1493; x_wconf 91' lang='lat' dir='ltr'><strong>norem</strong></span> <span class='ocrx_word' id='word_1_127' title='bbox 250 1451 324 1494; x_wconf 84' lang='lat' dir='ltr'><strong>cum</strong></span> <span class='ocrx_word' id='word_1_128' title='bbox 348 1430 456 1495; x_wconf 89' lang='lat' dir='ltr'><strong>medio</strong></span> <span class='ocrx_word' id='word_1_129' title='bbox 478 1434 521 1497; x_wconf 90' lang='lat' dir='ltr'><strong>ita</strong></span> <span class='ocrx_word' id='word_1_130' title='bbox 543 1433 691 1497; x_wconf 85' lang='lat' dir='ltr'><strong>connecti</strong></span> <span class='ocrx_word' id='word_1_131' title='bbox 708 1444 871 1515; x_wconf 88' lang='lat' dir='ltr'><strong>oportere,</strong></span> <span class='ocrx_word' id='word_1_132' title='bbox 895 1444 930 1496; x_wconf 91' lang='lat' dir='ltr'><strong>ut</strong></span> <span class='ocrx_word' id='word_1_133' title='bbox 953 1431 1026 1496; x_wconf 87' lang='lat' dir='ltr'><strong>inde</strong></span> <span class='ocrx_word' id='word_1_134' title='bbox 1049 1432 1111 1496; x_wconf 90' lang='lat' dir='ltr'><strong>tria</strong></span> <span class='ocrx_word' id='word_1_135' title='bbox 1135 1432 1192 1494; x_wconf 90' lang='lat' dir='ltr'><strong>iu-</strong></span> 
     </span>
     <span class='ocr_line' id='line_1_18' title="bbox 109 1508 1191 1597; baseline 0.006 -26"><span class='ocrx_word' id='word_1_136' title='bbox 109 1508 197 1574; x_wconf 81' lang='lat' dir='ltr'><strong>‹lieia</strong></span> <span class='ocrx_word' id='word_1_137' title='bbox 219 1513 372 1587; x_wconf 85' lang='lat' dir='ltr'><strong>existant,</strong></span> <span class='ocrx_word' id='word_1_138' title='bbox 386 1510 451 1576; x_wconf 92' lang='lat' dir='ltr'><strong>duo</strong></span> <span class='ocrx_word' id='word_1_139' title='bbox 473 1534 601 1595; x_wconf 86' lang='lat' dir='ltr'><strong>nempe,</strong></span> <span class='ocrx_word' id='word_1_140' title='bbox 615 1513 783 1597; x_wconf 86' lang='lat' dir='ltr'><strong>inquibus</strong></span> <span class='ocrx_word' id='word_1_141' title='bbox 804 1516 951 1577; x_wconf 89' lang='lat' dir='ltr'><strong>notiones</strong></span> <span class='ocrx_word' id='word_1_142' title='bbox 971 1512 1133 1587; x_wconf 88' lang='lat' dir='ltr'><strong>attributi,</strong></span> <span class='ocrx_word' id='word_1_143' title='bbox 1154 1525 1191 1577; x_wconf 87' lang='lat' dir='ltr'><strong>ot</strong></span> 
     </span>
     <span class='ocr_line' id='line_1_19' title="bbox 111 1590 1192 1677; baseline 0.004 -24"><span class='ocrx_word' id='word_1_144' title='bbox 111 1590 249 1657; x_wconf 81' lang='lat' dir='ltr'><strong>sirbiecti</strong></span> <span class='ocrx_word' id='word_1_145' title='bbox 265 1613 340 1659; x_wconf 91' lang='lat' dir='ltr'><strong>cum</strong></span> <span class='ocrx_word' id='word_1_146' title='bbox 361 1592 471 1657; x_wconf 89' lang='lat' dir='ltr'><strong>modio</strong></span> <span class='ocrx_word' id='word_1_147' title='bbox 490 1596 719 1669; x_wconf 82' lang='lat' dir='ltr'><strong>conferuntur,</strong></span> <span class='ocrx_word' id='word_1_148' title='bbox 731 1603 764 1657; x_wconf 87' lang='lat' dir='ltr'><strong>et</strong></span> <span class='ocrx_word' id='word_1_149' title='bbox 778 1594 924 1665; x_wconf 88' lang='lat' dir='ltr'><strong>tertium,</strong></span> <span class='ocrx_word' id='word_1_150' title='bbox 939 1596 973 1657; x_wconf 93' lang='lat' dir='ltr'><strong>in</strong></span> <span class='ocrx_word' id='word_1_151' title='bbox 988 1616 1054 1677; x_wconf 90' lang='lat' dir='ltr'><strong>quo</strong></span> <span class='ocrx_word' id='word_1_152' title='bbox 1068 1614 1192 1657; x_wconf 87' lang='lat' dir='ltr'><strong>earum</strong></span> 
     </span>
     <span class='ocr_line' id='line_1_20' title="bbox 110 1674 1193 1771; baseline 0.003 -36"><span class='ocrx_word' id='word_1_153' title='bbox 110 1674 361 1751; x_wconf 70' lang='lat' dir='ltr'><strong>‹eonvenientia,</strong></span> <span class='ocrx_word' id='word_1_154' title='bbox 386 1684 442 1739; x_wconf 89' lang='lat' dir='ltr'><strong>aut</strong></span> <span class='ocrx_word' id='word_1_155' title='bbox 468 1678 683 1760; x_wconf 86' lang='lat' dir='ltr'><strong>repugnantia</strong></span> <span class='ocrx_word' id='word_1_156' title='bbox 706 1674 885 1760; x_wconf 76' lang='lat' dir='ltr'><strong>colligitur.</strong></span> <span class='ocrx_word' id='word_1_157' title='bbox 909 1680 1133 1771; x_wconf 87' lang='lat' dir='ltr'><strong>Quapropter,</strong></span> <span class='ocrx_word' id='word_1_158' title='bbox 1161 1676 1193 1738; x_wconf 88' lang='lat' dir='ltr'><strong>si</strong></span> 
     </span>
     <span class='ocr_line' id='line_1_21' title="bbox 110 1754 1194 1831; baseline 0.001 -13"><span class='ocrx_word' id='word_1_159' title='bbox 110 1754 320 1821; x_wconf 79' lang='lat' dir='ltr'><strong>ratiocinatio</strong></span> <span class='ocrx_word' id='word_1_160' title='bbox 348 1755 457 1819; x_wconf 84' lang='lat' dir='ltr'><strong>verbis</strong></span> <span class='ocrx_word' id='word_1_161' title='bbox 484 1778 525 1821; x_wconf 85' lang='lat' dir='ltr'><strong>ex</strong></span> <span class='ocrx_word' id='word_1_162' title='bbox 551 1759 711 1831; x_wconf 85' lang='lat' dir='ltr'><strong>rimatur,</strong></span> <span class='ocrx_word' id='word_1_163' title='bbox 734 1766 798 1819; x_wconf 89' lang='lat' dir='ltr'><strong>tres</strong></span> <span class='ocrx_word' id='word_1_164' title='bbox 822 1757 855 1818; x_wconf 91' lang='lat' dir='ltr'><strong>in</strong></span> <span class='ocrx_word' id='word_1_165' title='bbox 878 1777 916 1819; x_wconf 91' lang='lat' dir='ltr'><strong>ea</strong></span> <span class='ocrx_word' id='word_1_166' title='bbox 939 1757 1194 1821; x_wconf 82' lang='lat' dir='ltr'><strong>enunciationes</strong></span> 
     </span>
     <span class='ocr_line' id='line_1_22' title="bbox 111 1777 1196 1930; baseline 0.001 -32"><span class='ocrx_word' id='word_1_167' title='bbox 111 1836 334 1901; x_wconf 87' lang='lat' dir='ltr'><strong>inveniuntur.</strong></span> <span class='ocrx_word' id='word_1_168' title='bbox 359 1838 483 1902; x_wconf 88' lang='lat' dir='ltr'><strong>Harum</strong></span> <span class='ocrx_word' id='word_1_169' title='bbox 506 1777 575 1915; x_wconf 81' lang='lat' dir='ltr'><strong>illa,</strong></span> <span class='ocrx_word' id='word_1_170' title='bbox 599 1838 632 1900; x_wconf 93' lang='lat' dir='ltr'><strong>in</strong></span> <span class='ocrx_word' id='word_1_171' title='bbox 656 1856 720 1930; x_wconf 87' lang='lat' dir='ltr'><strong>qua</strong></span> <span class='ocrx_word' id='word_1_172' title='bbox 737 1838 896 1902; x_wconf 89' lang='lat' dir='ltr'><strong>terminus</strong></span> <span class='ocrx_word' id='word_1_173' title='bbox 911 1838 1018 1901; x_wconf 88' lang='lat' dir='ltr'><strong>maior</strong></span> <span class='ocrx_word' id='word_1_174' title='bbox 1031 1858 1105 1900; x_wconf 92' lang='lat' dir='ltr'><strong>cum</strong></span> <span class='ocrx_word' id='word_1_175' title='bbox 1122 1859 1196 1900; x_wconf 87' lang='lat' dir='ltr'><strong>me-</strong></span> 
     </span>
     <span class='ocr_line' id='line_1_23' title="bbox 110 1916 1197 2003; baseline 0 -24"><span class='ocrx_word' id='word_1_176' title='bbox 110 1916 164 1980; x_wconf 80' lang='lat' dir='ltr'><strong>‹lio</strong></span> <span class='ocrx_word' id='word_1_177' title='bbox 188 1918 369 1995; x_wconf 79' lang='lat' dir='ltr'><strong>confertur,</strong></span> <span class='ocrx_word' id='word_1_178' title='bbox 385 1931 521 1986; x_wconf 88' lang='lat' dir='ltr'><strong>vocatur</strong></span> <span class='ocrx_word' id='word_1_179' title='bbox 539 1918 726 2003; x_wconf 80' lang='lat' dir='ltr'><strong>propositio,</strong></span> <span class='ocrx_word' id='word_1_180' title='bbox 749 1919 800 1982; x_wconf 79' lang='lat' dir='ltr'><strong>vel</strong></span> <span class='ocrx_word' id='word_1_181' title='bbox 819 1919 997 2001; x_wconf 77' lang='lat' dir='ltr'><strong>propositio</strong></span> <span class='ocrx_word' id='word_1_182' title='bbox 1011 1919 1126 1991; x_wconf 87' lang='lat' dir='ltr'><strong>maiar;</strong></span> <span class='ocrx_word' id='word_1_183' title='bbox 1144 1918 1197 1980; x_wconf 88' lang='lat' dir='ltr'><strong>al·</strong></span> 
     </span>
     <span class='ocr_line' id='line_1_24' title="bbox 113 1998 1197 2084; baseline 0.001 -22"><span class='ocrx_word' id='word_1_184' title='bbox 113 2011 193 2074; x_wconf 85' lang='lat' dir='ltr'><strong>tera,</strong></span> <span class='ocrx_word' id='word_1_185' title='bbox 220 1999 253 2062; x_wconf 94' lang='lat' dir='ltr'><strong>in</strong></span> <span class='ocrx_word' id='word_1_186' title='bbox 276 2021 339 2083; x_wconf 85' lang='lat' dir='ltr'><strong>qua</strong></span> <span class='ocrx_word' id='word_1_187' title='bbox 362 2002 520 2065; x_wconf 87' lang='lat' dir='ltr'><strong>terminus</strong></span> <span class='ocrx_word' id='word_1_188' title='bbox 543 2002 650 2065; x_wconf 94' lang='lat' dir='ltr'><strong>minor</strong></span> <span class='ocrx_word' id='word_1_189' title='bbox 670 2020 744 2063; x_wconf 86' lang='lat' dir='ltr'><strong>curn</strong></span> <span class='ocrx_word' id='word_1_190' title='bbox 768 2000 876 2064; x_wconf 86' lang='lat' dir='ltr'><strong>medio</strong></span> <span class='ocrx_word' id='word_1_191' title='bbox 900 2009 1121 2084; x_wconf 88' lang='lat' dir='ltr'><strong>comparatur,</strong></span> <span class='ocrx_word' id='word_1_192' title='bbox 1138 1998 1197 2063; x_wconf 89' lang='lat' dir='ltr'><strong>di·</strong></span> 
     </span>
     <span class='ocr_line' id='line_1_25' title="bbox 112 2080 1196 2166; baseline 0.003 -25"><span class='ocrx_word' id='word_1_193' title='bbox 112 2080 200 2144; x_wconf 91' lang='lat' dir='ltr'><strong>citur</strong></span> <span class='ocrx_word' id='word_1_194' title='bbox 220 2088 405 2165; x_wconf 81' lang='lat' dir='ltr'><strong>assumptio,</strong></span> <span class='ocrx_word' id='word_1_195' title='bbox 428 2081 478 2145; x_wconf 84' lang='lat' dir='ltr'><strong>vel</strong></span> <span class='ocrx_word' id='word_1_196' title='bbox 497 2081 671 2166; x_wconf 88' lang='lat' dir='ltr'><strong>propositio</strong></span> <span class='ocrx_word' id='word_1_197' title='bbox 695 2080 811 2156; x_wconf 63' lang='lat' dir='ltr'><strong>mirram</strong></span> <span class='ocrx_word' id='word_1_198' title='bbox 837 2082 933 2146; x_wconf 88' lang='lat' dir='ltr'><strong>tertia</strong></span> <span class='ocrx_word' id='word_1_199' title='bbox 954 2090 1063 2144; x_wconf 87' lang='lat' dir='ltr'><strong>autem</strong></span> <span class='ocrx_word' id='word_1_200' title='bbox 1085 2100 1196 2144; x_wconf 90' lang='lat' dir='ltr'><strong>enun-</strong></span> 
     </span>
     <span class='ocr_line' id='line_1_26' title="bbox 112 2160 1195 2245; baseline 0.003 -24"><span class='ocrx_word' id='word_1_201' title='bbox 112 2160 230 2234; x_wconf 80' lang='lat' dir='ltr'><strong>ciatio,</strong></span> <span class='ocrx_word' id='word_1_202' title='bbox 257 2162 289 2223; x_wconf 94' lang='lat' dir='ltr'><strong>in</strong></span> <span class='ocrx_word' id='word_1_203' title='bbox 311 2182 375 2245; x_wconf 78' lang='lat' dir='ltr'><strong>qaia</strong></span> <span class='ocrx_word' id='word_1_204' title='bbox 397 2166 549 2229; x_wconf 84' lang='lat' dir='ltr'><strong>statuitur</strong></span> <span class='ocrx_word' id='word_1_205' title='bbox 570 2161 687 2226; x_wconf 88' lang='lat' dir='ltr'><strong>relatio</strong></span> <span class='ocrx_word' id='word_1_206' title='bbox 708 2162 792 2226; x_wconf 88' lang='lat' dir='ltr'><strong>inter</strong></span> <span class='ocrx_word' id='word_1_207' title='bbox 815 2164 992 2228; x_wconf 88' lang='lat' dir='ltr'><strong>terminum</strong></span> <span class='ocrx_word' id='word_1_208' title='bbox 1013 2160 1195 2236; x_wconf 89' lang='lat' dir='ltr'><strong>maiorem,</strong></span> 
     </span>
     <span class='ocr_line' id='line_1_27' title="bbox 114 2242 1195 2319; baseline -0.003 -13"><span class='ocrx_word' id='word_1_209' title='bbox 114 2250 145 2306; x_wconf 85' lang='lat' dir='ltr'><strong>et</strong></span> <span class='ocrx_word' id='word_1_210' title='bbox 170 2242 348 2306; x_wconf 86' lang='lat' dir='ltr'><strong>terminum</strong></span> <span class='ocrx_word' id='word_1_211' title='bbox 371 2244 541 2319; x_wconf 88' lang='lat' dir='ltr'><strong>minorem,</strong></span> <span class='ocrx_word' id='word_1_212' title='bbox 566 2264 629 2307; x_wconf 88' lang='lat' dir='ltr'><strong>com</strong></span> <span class='ocrx_word' id='word_1_213' title='bbox 655 2243 755 2319; x_wconf 72' lang='lat' dir='ltr'><strong>lesio,</strong></span> <span class='ocrx_word' id='word_1_214' title='bbox 776 2245 828 2308; x_wconf 83' lang='lat' dir='ltr'><strong>vel</strong></span> <span class='ocrx_word' id='word_1_215' title='bbox 849 2245 1018 2318; x_wconf 81' lang='lat' dir='ltr'><strong>connexio,</strong></span> <span class='ocrx_word' id='word_1_216' title='bbox 1042 2243 1089 2305; x_wconf 87' lang='lat' dir='ltr'><strong>vel</strong></span> <span class='ocrx_word' id='word_1_217' title='bbox 1114 2263 1195 2304; x_wconf 86' lang='lat' dir='ltr'><strong>con-</strong></span> 
     </span>
     <span class='ocr_line' id='line_1_28' title="bbox 114 2263 1194 2411; baseline 0 -26"><span class='ocrx_word' id='word_1_218' title='bbox 114 2322 214 2387; x_wconf 81' lang='lat' dir='ltr'><strong>clissio</strong></span> <span class='ocrx_word' id='word_1_219' title='bbox 238 2332 454 2407; x_wconf 86' lang='lat' dir='ltr'><strong>nuncupatur.</strong></span> <span class='ocrx_word' id='word_1_220' title='bbox 484 2324 532 2390; x_wconf 93' lang='lat' dir='ltr'><strong>lta</strong></span> <span class='ocrx_word' id='word_1_221' title='bbox 561 2326 594 2388; x_wconf 93' lang='lat' dir='ltr'><strong>in</strong></span> <span class='ocrx_word' id='word_1_222' title='bbox 624 2263 685 2388; x_wconf 64' lang='lat' dir='ltr'><strong>iac</strong></span> <span class='ocrx_word' id='word_1_223' title='bbox 711 2326 885 2411; x_wconf 82' lang='lat' dir='ltr'><strong>exemplo:</strong></span> <span class='ocrx_word' id='word_1_224' title='bbox 910 2326 1007 2390; x_wconf 85' lang='lat' dir='ltr'><strong>Omne</strong></span> <span class='ocrx_word' id='word_1_225' title='bbox 1028 2322 1194 2387; x_wconf 72' lang='lat' dir='ltr'><strong>metalium</strong></span> 
     </span>
     <span class='ocr_line' id='line_1_29' title="bbox 112 2404 1196 2489; baseline -0.003 -21"><span class='ocrx_word' id='word_1_226' title='bbox 112 2417 155 2468; x_wconf 84' lang='lat' dir='ltr'><strong>est</strong></span> <span class='ocrx_word' id='word_1_227' title='bbox 176 2404 304 2481; x_wconf 57' lang='lat' dir='ltr'><strong>ductile</strong></span> <span class='ocrx_word' id='word_1_228' title='bbox 327 2406 416 2488; x_wconf 82' lang='lat' dir='ltr'><strong>atqui</strong></span> <span class='ocrx_word' id='word_1_229' title='bbox 436 2426 549 2470; x_wconf 84' lang='lat' dir='ltr'><strong>aarum</strong></span> <span class='ocrx_word' id='word_1_230' title='bbox 571 2418 613 2469; x_wconf 86' lang='lat' dir='ltr'><strong>est</strong></span> <span class='ocrx_word' id='word_1_231' title='bbox 635 2405 815 2483; x_wconf 72' lang='lat' dir='ltr'><strong>malatham,-</strong></span> <span class='ocrx_word' id='word_1_232' title='bbox 836 2427 906 2489; x_wconf 77' lang='lat' dir='ltr'><strong>erpo</strong></span> <span class='ocrx_word' id='word_1_233' title='bbox 927 2425 1043 2468; x_wconf 81' lang='lat' dir='ltr'><strong>aarum</strong></span> <span class='ocrx_word' id='word_1_234' title='bbox 1065 2415 1109 2467; x_wconf 86' lang='lat' dir='ltr'><strong>est</strong></span> <span class='ocrx_word' id='word_1_235' title='bbox 1131 2404 1196 2466; x_wconf 81' lang='lat' dir='ltr'><strong>da-</strong></span> 
     </span>
     <span class='ocr_line' id='line_1_30' title="bbox 113 2485 1197 2573; baseline -0.004 -22"><span class='ocrx_word' id='word_1_236' title='bbox 113 2486 199 2561; x_wconf 78' lang='lat' dir='ltr'><strong>etita,</strong></span> <span class='ocrx_word' id='word_1_237' title='bbox 226 2485 331 2567; x_wconf 87' lang='lat' dir='ltr'><strong>prima</strong></span> <span class='ocrx_word' id='word_1_238' title='bbox 352 2488 539 2553; x_wconf 88' lang='lat' dir='ltr'><strong>enunciatio</strong></span> <span class='ocrx_word' id='word_1_239' title='bbox 560 2496 610 2551; x_wconf 90' lang='lat' dir='ltr'><strong>est</strong></span> <span class='ocrx_word' id='word_1_240' title='bbox 626 2488 824 2570; x_wconf 85' lang='lat' dir='ltr'><strong>propositio,</strong></span> <span class='ocrx_word' id='word_1_241' title='bbox 846 2489 924 2573; x_wconf 87' lang='lat' dir='ltr'><strong>quia</strong></span> <span class='ocrx_word' id='word_1_242' title='bbox 946 2485 1090 2549; x_wconf 86' lang='lat' dir='ltr'><strong>continet</strong></span> <span class='ocrx_word' id='word_1_243' title='bbox 1114 2506 1197 2566; x_wconf 87' lang='lat' dir='ltr'><strong>pro-</strong></span> 
     </span>
     <span class='ocr_line' id='line_1_31' title="bbox 114 2564 1198 2643; baseline -0.002 -12"><span class='ocrx_word' id='word_1_244' title='bbox 114 2567 307 2631; x_wconf 89' lang='lat' dir='ltr'><strong>nunciatum</strong></span> <span class='ocrx_word' id='word_1_245' title='bbox 331 2570 523 2643; x_wconf 86' lang='lat' dir='ltr'><strong>universale,</strong></span> <span class='ocrx_word' id='word_1_246' title='bbox 546 2589 635 2631; x_wconf 85' lang='lat' dir='ltr'><strong>omne</strong></span> <span class='ocrx_word' id='word_1_247' title='bbox 656 2566 814 2631; x_wconf 85' lang='lat' dir='ltr'><strong>metallum</strong></span> <span class='ocrx_word' id='word_1_248' title='bbox 828 2588 890 2633; x_wconf 87' lang='lat' dir='ltr'><strong>esse</strong></span> <span class='ocrx_word' id='word_1_249' title='bbox 903 2565 1032 2641; x_wconf 77' lang='lat' dir='ltr'><strong>ductile3</strong></span> <span class='ocrx_word' id='word_1_250' title='bbox 1047 2564 1198 2630; x_wconf 85' lang='lat' dir='ltr'><strong>secunda</strong></span> 
     </span>
     <span class='ocr_line' id='line_1_32' title="bbox 113 2648 1198 2735; baseline 0 -22"><span class='ocrx_word' id='word_1_251' title='bbox 113 2658 160 2713; x_wconf 84' lang='lat' dir='ltr'><strong>est</strong></span> <span class='ocrx_word' id='word_1_252' title='bbox 181 2668 288 2711; x_wconf 86' lang='lat' dir='ltr'><strong>assum</strong></span> <span class='ocrx_word' id='word_1_253' title='bbox 312 2650 366 2723; x_wconf 89' lang='lat' dir='ltr'><strong>tio,</strong></span> <span class='ocrx_word' id='word_1_254' title='bbox 389 2651 468 2732; x_wconf 88' lang='lat' dir='ltr'><strong>quia</strong></span> <span class='ocrx_word' id='word_1_255' title='bbox 491 2650 742 2735; x_wconf 88' lang='lat' dir='ltr'><strong>pronunciatum</strong></span> <span class='ocrx_word' id='word_1_256' title='bbox 757 2648 940 2713; x_wconf 77' lang='lat' dir='ltr'><strong>uniuersale</strong></span> <span class='ocrx_word' id='word_1_257' title='bbox 956 2648 1103 2720; x_wconf 81' lang='lat' dir='ltr'><strong>assumit,</strong></span> <span class='ocrx_word' id='word_1_258' title='bbox 1120 2648 1198 2713; x_wconf 76' lang='lat' dir='ltr'><strong>sive</strong></span> 
     </span>
     <span class='ocr_line' id='line_1_33' title="bbox 115 2667 1200 2804; baseline -0.001 -10"><span class='ocrx_word' id='word_1_259' title='bbox 115 2728 153 2794; x_wconf 87' lang='lat' dir='ltr'><strong>ad</strong></span> <span class='ocrx_word' id='word_1_260' title='bbox 178 2750 211 2793; x_wconf 88' lang='lat' dir='ltr'><strong>se</strong></span> <span class='ocrx_word' id='word_1_261' title='bbox 236 2667 319 2794; x_wconf 70' lang='lat' dir='ltr'><strong>ciali</strong></span> <span class='ocrx_word' id='word_1_262' title='bbox 325 2739 348 2804; x_wconf 95' lang='lat' dir='ltr'><strong>t,</strong></span> <span class='ocrx_word' id='word_1_263' title='bbox 364 2740 397 2794; x_wconf 92' lang='lat' dir='ltr'><strong>et</strong></span> <span class='ocrx_word' id='word_1_264' title='bbox 411 2730 554 2796; x_wconf 82' lang='lat' dir='ltr'><strong>declarat</strong></span> <span class='ocrx_word' id='word_1_265' title='bbox 571 2749 685 2793; x_wconf 77' lang='lat' dir='ltr'><strong>aetram</strong></span> <span class='ocrx_word' id='word_1_266' title='bbox 701 2729 757 2793; x_wconf 85' lang='lat' dir='ltr'><strong>sal</strong></span> <span class='ocrx_word' id='word_1_267' title='bbox 772 2731 894 2793; x_wconf 88' lang='lat' dir='ltr'><strong>metallo</strong></span> <span class='ocrx_word' id='word_1_268' title='bbox 908 2728 1075 2801; x_wconf 61' lang='lat' dir='ltr'><strong>coniicerm</strong></span> <span class='ocrx_word' id='word_1_269' title='bbox 1093 2730 1200 2793; x_wconf 87' lang='lat' dir='ltr'><strong>tertia</strong></span> 
     </span>
     <span class='ocr_line' id='line_1_34' title="bbox 115 2808 1201 2894; baseline -0.004 -19"><span class='ocrx_word' id='word_1_270' title='bbox 115 2822 164 2875; x_wconf 80' lang='lat' dir='ltr'><strong>est</strong></span> <span class='ocrx_word' id='word_1_271' title='bbox 185 2808 365 2884; x_wconf 86' lang='lat' dir='ltr'><strong>conclusio,</strong></span> <span class='ocrx_word' id='word_1_272' title='bbox 387 2814 465 2894; x_wconf 84' lang='lat' dir='ltr'><strong>quia</strong></span> <span class='ocrx_word' id='word_1_273' title='bbox 487 2813 521 2876; x_wconf 92' lang='lat' dir='ltr'><strong>in</strong></span> <span class='ocrx_word' id='word_1_274' title='bbox 542 2832 578 2876; x_wconf 86' lang='lat' dir='ltr'><strong>ea</strong></span> <span class='ocrx_word' id='word_1_275' title='bbox 600 2809 818 2875; x_wconf 74' lang='lat' dir='ltr'><strong>concluditurt</strong></span> <span class='ocrx_word' id='word_1_276' title='bbox 834 2813 873 2877; x_wconf 84' lang='lat' dir='ltr'><strong>Si</strong></span> <span class='ocrx_word' id='word_1_277' title='bbox 887 2808 1004 2873; x_wconf 78' lang='lat' dir='ltr'><strong>ductile</strong></span> <span class='ocrx_word' id='word_1_278' title='bbox 1021 2809 1108 2870; x_wconf 85' lang='lat' dir='ltr'><strong>amai</strong></span> <span class='ocrx_word' id='word_1_279' title='bbox 1131 2828 1201 2871; x_wconf 88' lang='lat' dir='ltr'><strong>me-</strong></span> 
     </span>
     <span class='ocr_line' id='line_1_35' title="bbox 116 2890 1201 2975; baseline -0.003 -19"><span class='ocrx_word' id='word_1_280' title='bbox 116 2892 190 2957; x_wconf 90' lang='lat' dir='ltr'><strong>talla</strong></span> <span class='ocrx_word' id='word_1_281' title='bbox 212 2892 367 2963; x_wconf 76' lang='lat' dir='ltr'><strong>esai-sair,</strong></span> <span class='ocrx_word' id='word_1_282' title='bbox 389 2894 483 2957; x_wconf 88' lang='lat' dir='ltr'><strong>etiam</strong></span> <span class='ocrx_word' id='word_1_283' title='bbox 504 2914 583 2956; x_wconf 85' lang='lat' dir='ltr'><strong>auro</strong></span> <span class='ocrx_word' id='word_1_284' title='bbox 604 2894 756 2956; x_wconf 78' lang='lat' dir='ltr'><strong>coacessit.</strong></span> <span class='ocrx_word' id='word_1_285' title='bbox 773 2890 866 2957; x_wconf 85' lang='lat' dir='ltr'><strong>Duae</strong></span> <span class='ocrx_word' id='word_1_286' title='bbox 888 2890 1015 2975; x_wconf 89' lang='lat' dir='ltr'><strong>priores</strong></span> <span class='ocrx_word' id='word_1_287' title='bbox 1036 2890 1201 2953; x_wconf 88' lang='lat' dir='ltr'><strong>enuncia-</strong></span> 
     </span>
     <span class='ocr_line' id='line_1_36' title="bbox 116 2971 1200 3069; baseline -0.005 -30"><span class='ocrx_word' id='word_1_288' title='bbox 116 2974 225 3039; x_wconf 90' lang='lat' dir='ltr'><strong>tiones</strong></span> <span class='ocrx_word' id='word_1_289' title='bbox 243 2974 455 3069; x_wconf 83' lang='lat' dir='ltr'><strong>praemissae,</strong></span> <span class='ocrx_word' id='word_1_290' title='bbox 477 2975 528 3039; x_wconf 82' lang='lat' dir='ltr'><strong>rel</strong></span> <span class='ocrx_word' id='word_1_291' title='bbox 550 2973 725 3038; x_wconf 80' lang='lat' dir='ltr'><strong>amecedms</strong></span> <span class='ocrx_word' id='word_1_292' title='bbox 751 2973 850 3037; x_wconf 86' lang='lat' dir='ltr'><strong>etiam</strong></span> <span class='ocrx_word' id='word_1_293' title='bbox 879 2971 1087 3044; x_wconf 84' lang='lat' dir='ltr'><strong>vocitantur,</strong></span> <span class='ocrx_word' id='word_1_294' title='bbox 1113 2972 1200 3066; x_wconf 80' lang='lat' dir='ltr'><strong>quia</strong></span> 
     </span>
     <span class='ocr_line' id='line_1_37' title="bbox 117 3051 1199 3139; baseline -0.002 -22"><span class='ocrx_word' id='word_1_295' title='bbox 117 3055 320 3121; x_wconf 81' lang='lat' dir='ltr'><strong>conclusioni</strong></span> <span class='ocrx_word' id='word_1_296' title='bbox 342 3056 608 3139; x_wconf 86' lang='lat' dir='ltr'><strong>praemittantur,</strong></span> <span class='ocrx_word' id='word_1_297' title='bbox 632 3063 666 3118; x_wconf 86' lang='lat' dir='ltr'><strong>et</strong></span> <span class='ocrx_word' id='word_1_298' title='bbox 685 3054 876 3118; x_wconf 77' lang='lat' dir='ltr'><strong>conclusio·</strong></span> <span class='ocrx_word' id='word_1_299' title='bbox 891 3051 1079 3135; x_wconf 81' lang='lat' dir='ltr'><strong>designatur</strong></span> <span class='ocrx_word' id='word_1_300' title='bbox 1093 3061 1199 3115; x_wconf 81' lang='lat' dir='ltr'><strong>etiam</strong></span> 
     </span>
    </p>
   </div>
   <div class='ocr_carea' id='block_1_3' title="bbox 117 3199 1203 3623">
    <p class='ocr_par' dir='ltr' id='par_1_4' title="bbox 156 3199 1152 3269">
     <span class='ocr_line' id='line_1_38' title="bbox 156 3199 1152 3269; baseline -0.013 -10"><span class='ocrx_word' id='word_1_301' title='bbox 156 3206 164 3244; x_wconf 84' lang='lat'><strong>¹</strong></span> <span class='ocrx_word' id='word_1_302' title='bbox 185 3202 222 3259; x_wconf 86' lang='lat' dir='ltr'><strong>Ci</strong></span> <span class='ocrx_word' id='word_1_303' title='bbox 236 3221 264 3269; x_wconf 91' lang='lat' dir='ltr'><strong>p.</strong></span> <span class='ocrx_word' id='word_1_304' title='bbox 285 3206 331 3257; x_wconf 62' lang='lat'><strong>89.</strong></span> <span class='ocrx_word' id='word_1_305' title='bbox 352 3200 493 3254; x_wconf 81' lang='lat' dir='ltr'><strong>Terminus</strong></span> <span class='ocrx_word' id='word_1_306' title='bbox 512 3202 598 3251; x_wconf 85' lang='lat' dir='ltr'><strong>maior</strong></span> <span class='ocrx_word' id='word_1_307' title='bbox 616 3204 645 3251; x_wconf 84' lang='lat' dir='ltr'><strong>at</strong></span> <span class='ocrx_word' id='word_1_308' title='bbox 662 3203 751 3251; x_wconf 80' lang='lat' dir='ltr'><strong>minor</strong></span> <span class='ocrx_word' id='word_1_309' title='bbox 769 3203 902 3250; x_wconf 77' lang='lat' dir='ltr'><strong>vocantur</strong></span> <span class='ocrx_word' id='word_1_310' title='bbox 920 3199 1003 3247; x_wconf 76' lang='lat' dir='ltr'><strong>etiam</strong></span> <span class='ocrx_word' id='word_1_311' title='bbox 1022 3204 1152 3247; x_wconf 69' lang='lat' dir='ltr'><strong>summa.</strong></span> 
     </span>
    </p>

    <p class='ocr_par' dir='ltr' id='par_1_5' title="bbox 117 3268 1203 3623">
     <span class='ocr_line' id='line_1_39' title="bbox 153 3268 1199 3335; baseline -0.011 -6"><span class='ocrx_word' id='word_1_312' title='bbox 153 3280 166 3315; x_wconf 62' lang='grc' dir='ltr'>ἱ</span> <span class='ocrx_word' id='word_1_313' title='bbox 185 3276 346 3329; x_wconf 76' lang='lat' dir='ltr'><strong>Manendum</strong></span> <span class='ocrx_word' id='word_1_314' title='bbox 365 3280 406 3325; x_wconf 81' lang='lat' dir='ltr'><strong>est</strong></span> <span class='ocrx_word' id='word_1_315' title='bbox 430 3274 648 3329; x_wconf 85' lang='lat' dir='ltr'><strong>conclusionem,</strong></span> <span class='ocrx_word' id='word_1_316' title='bbox 667 3278 813 3335; x_wconf 70' lang='lat' dir='ltr'><strong>semaam</strong></span> <span class='ocrx_word' id='word_1_317' title='bbox 829 3285 863 3321; x_wconf 83' lang='lat' dir='ltr'><strong>ar</strong></span> <span class='ocrx_word' id='word_1_318' title='bbox 882 3269 1036 3333; x_wconf 80' lang='lat' dir='ltr'><strong>praemissis</strong></span> <span class='ocrx_word' id='word_1_319' title='bbox 1054 3268 1199 3328; x_wconf 82' lang='lat' dir='ltr'><strong>eliciatur,</strong></span> 
     </span>
     <span class='ocr_line' id='line_1_40' title="bbox 120 3340 1203 3415; baseline -0.009 -16"><span class='ocrx_word' id='word_1_320' title='bbox 120 3352 211 3402; x_wconf 76' lang='lat' dir='ltr'><strong>vocari</strong></span> <span class='ocrx_word' id='word_1_321' title='bbox 230 3352 424 3415; x_wconf 71' lang='lat' dir='ltr'><strong>percutiamini</strong></span> <span class='ocrx_word' id='word_1_322' title='bbox 451 3358 498 3394; x_wconf 84' lang='lat' dir='ltr'><strong>nos</strong></span> <span class='ocrx_word' id='word_1_323' title='bbox 518 3346 589 3393; x_wconf 84' lang='lat' dir='ltr'><strong>enim</strong></span> <span class='ocrx_word' id='word_1_324' title='bbox 609 3345 727 3407; x_wconf 83' lang='lat' dir='ltr'><strong>primam</strong></span> <span class='ocrx_word' id='word_1_325' title='bbox 745 3344 912 3405; x_wconf 78' lang='lat' dir='ltr'><strong>quaerimus,</strong></span> <span class='ocrx_word' id='word_1_326' title='bbox 931 3354 967 3390; x_wconf 81' lang='grc' dir='ltr'><strong>ιιι</strong></span> <span class='ocrx_word' id='word_1_327' title='bbox 984 3340 1095 3402; x_wconf 80' lang='lat' dir='ltr'><strong>aliquod</strong></span> <span class='ocrx_word' id='word_1_328' title='bbox 1115 3354 1203 3401; x_wconf 84' lang='lat' dir='ltr'><strong>prse-</strong></span> 
     </span>
     <span class='ocr_line' id='line_1_41' title="bbox 117 3413 1202 3477; baseline -0.011 -4"><span class='ocrx_word' id='word_1_329' title='bbox 117 3424 237 3475; x_wconf 76' lang='lat' dir='ltr'><strong>dicatum</strong></span> <span class='ocrx_word' id='word_1_330' title='bbox 258 3422 320 3471; x_wconf 85' lang='lat' dir='ltr'><strong>insit</strong></span> <span class='ocrx_word' id='word_1_331' title='bbox 339 3418 422 3468; x_wconf 79' lang='lat' dir='ltr'><strong>alicui</strong></span> <span class='ocrx_word' id='word_1_332' title='bbox 437 3416 568 3473; x_wconf 74' lang='lat' dir='ltr'><strong>subiecto,</strong></span> <span class='ocrx_word' id='word_1_333' title='bbox 582 3414 687 3471; x_wconf 70' lang='lat' dir='ltr'><strong>deiude,</strong></span> <span class='ocrx_word' id='word_1_334' title='bbox 707 3418 850 3477; x_wconf 78' lang='lat' dir='ltr'><strong>postquam</strong></span> <span class='ocrx_word' id='word_1_335' title='bbox 864 3414 985 3461; x_wconf 77' lang='lat' dir='ltr'><strong>novissim</strong></span> <span class='ocrx_word' id='word_1_336' title='bbox 999 3413 1026 3459; x_wconf 90' lang='lat' dir='ltr'><strong>in</strong></span> <span class='ocrx_word' id='word_1_337' title='bbox 1040 3413 1202 3473; x_wconf 82' lang='lat' dir='ltr'><strong>praemissis</strong></span> 
     </span>
     <span class='ocr_line' id='line_1_42' title="bbox 120 3484 1201 3552; baseline -0.009 -7"><span class='ocrx_word' id='word_1_338' title='bbox 120 3496 280 3545; x_wconf 69' lang='lat' dir='ltr'><strong>relationem</strong></span> <span class='ocrx_word' id='word_1_339' title='bbox 301 3492 372 3541; x_wconf 88' lang='lat' dir='ltr'><strong>iltius</strong></span> <span class='ocrx_word' id='word_1_340' title='bbox 392 3487 559 3552; x_wconf 79' lang='lat' dir='ltr'><strong>praedicati,</strong></span> <span class='ocrx_word' id='word_1_341' title='bbox 584 3492 610 3536; x_wconf 84' lang='lat' dir='ltr'><strong>et</strong></span> <span class='ocrx_word' id='word_1_342' title='bbox 638 3487 751 3537; x_wconf 73' lang='lat' dir='ltr'><strong>subiecti</strong></span> <span class='ocrx_word' id='word_1_343' title='bbox 768 3498 831 3534; x_wconf 84' lang='lat' dir='ltr'><strong>eam</strong></span> <span class='ocrx_word' id='word_1_344' title='bbox 853 3484 969 3549; x_wconf 76' lang='lat' dir='ltr'><strong>qaaaau</strong></span> <span class='ocrx_word' id='word_1_345' title='bbox 988 3485 1089 3543; x_wconf 83' lang='lat' dir='ltr'><strong>tertio,</strong></span> <span class='ocrx_word' id='word_1_346' title='bbox 1109 3497 1201 3535; x_wconf 87' lang='lat' dir='ltr'><strong>uuum</strong></span> 
     </span>
     <span class='ocr_line' id='line_1_43' title="bbox 119 3558 781 3623; baseline -0.017 -6"><span class='ocrx_word' id='word_1_347' title='bbox 119 3566 200 3617; x_wconf 85' lang='lat' dir='ltr'><strong>alteri</strong></span> <span class='ocrx_word' id='word_1_348' title='bbox 223 3566 320 3623; x_wconf 78' lang='lat' dir='ltr'><strong>inesse,</strong></span> <span class='ocrx_word' id='word_1_349' title='bbox 340 3568 459 3611; x_wconf 82' lang='lat' dir='ltr'><strong>autnon</strong></span> <span class='ocrx_word' id='word_1_350' title='bbox 480 3560 564 3609; x_wconf 87' lang='lat' dir='ltr'><strong>inesse</strong></span> <span class='ocrx_word' id='word_1_351' title='bbox 584 3558 781 3610; x_wconf 75' lang='lat' dir='ltr'><strong>concludimus.</strong></span> 
     </span>
    </p>
   </div>
   <div class='ocr_carea' id='block_1_4' title="bbox 0 0 1259 3909">
    <p class='ocr_par' dir='ltr' id='par_1_6' title="bbox 0 0 1259 3909">
     <span class='ocr_line' id='line_1_44' title="bbox 0 0 1259 3909; baseline 0 0"><span class='ocrx_word' id='word_1_352' title='bbox 0 0 1259 3909; x_wconf 95' lang='lat' dir='ltr'><strong> </strong></span> 
     </span>
    </p>
   </div>
  </div>
 </body>
</html>
