2475 3909
482 164 737 215 cnirnnioieuin
1052 152 1115 216 267

76 240 180 319 rium,
203 254 237 307 ct
252 242 358 339 leges,
381 244 500 391 puibus
522 251 746 328 continentur,
764 270 828 334 nep.
845 252 921 314 iiiiii.
939 250 1007 315 Etsi
1024 272 1075 316 res
1089 253 1156 317 sin-

77 322 212 409 gulares
233 335 298 389 sint
319 327 380 391 assi
407 328 459 391 uis
474 331 710 397 mutationibus
724 333 897 407 obnoxiae,
920 343 1025 397 tamen
1041 354 1154 397 earum
1185 406 1191 415 ¹

76 409 243 482 rationes,
267 417 302 472 ut
324 429 349 471 s.
373 409 513 476 Tbomac
535 412 644 479 verbis
668 426 810 490 utamur,
834 423 907 479 sunt
929 414 1100 480 immobiles
1122 426 1155 480 et

75 490 278 564 necessariae,
300 492 422 577 quippe
444 513 527 577 quae
555 494 596 560 ab
626 495 820 563 immutabili
844 496 1013 562 Intellectu
1038 495 1155 561 Divino

76 571 244 655 originem
259 571 389 650 babent;
408 575 607 663 proindeque
622 580 791 656 scientiae,
807 600 881 643 cuni
896 600 959 643 non
976 580 1063 643 circa
1077 599 1157 664 qua·

77 650 188 719 litates
210 653 404 749 singulares,
425 656 481 721 sed
504 660 592 725 circa
615 660 786 725 immobiles
808 662 944 725 rationes
970 674 1156 737 versentur,

77 744 155 799 sunt
176 746 275 799 ctiam
297 738 517 805 immutabiles
530 743 553 806 ¹.
575 743 725 818 Quonam
741 754 836 829 pacto
850 754 958 809 antem
982 745 1155 809 necessitas

78 836 117 879 ac
144 817 392 886 immutabilitas
425 826 576 902 naturis,
600 835 633 891 et
653 824 783 911 legibus
805 846 917 890 rernm
950 826 1155 899 conveniant,

79 898 163 964 alias
190 900 439 985 explicabimus.

218 1020 285 1075 Aac.
300 1022 346 1074 lll.
360 1053 393 1062 -
406 1026 498 1079 Utrum
518 1029 650 1079 certitudo
669 1028 786 1078 diversos
804 1029 901 1092 gradus
920 1029 1043 1078 admittat

124 1128 194 1193 tot.
219 1129 408 1203 Certitudo,
431 1153 528 1216 quain
552 1154 610 1219 per
631 1136 760 1199 criteria
784 1135 851 1198 veri
876 1132 969 1198 nobis
990 1152 1159 1227 compara-

80 1232 167 1284 mus,
185 1212 262 1287 iam,
278 1221 314 1278 ut
329 1214 408 1278 alibi
424 1215 547 1279 dictum
563 1228 610 1282 est
627 1220 651 1295 ²,
668 1216 701 1281 in
717 1216 966 1302 metopliyiicoiii,
976 1214 1156 1359 physicam,

79 1302 113 1357 et
128 1292 276 1355 moralem
288 1293 568 1381 distinguiturssx
583 1298 872 1385 notionibus,quas
890 1296 971 1363 tradi
1000 1296 1158 1371 imus‚ba-

81 1395 157 1439 rum
173 1372 376 1442 diversarum
390 1379 599 1447 certitudinis
613 1383 810 1466 specierum,
826 1391 915 1465 patet
928 1377 1158 1443 certitudinem

83 1456 338 1543 metaphysicam
360 1460 401 1525 ad
423 1463 577 1528 veritates
598 1464 796 1528 necessarias
819 1472 976 1548 spectare,
993 1459 1157 1547 physicam

82 1538 122 1602 ad
146 1540 299 1604 veritates
321 1548 429 1609 contin
454 1553 566 1620 entes,
589 1543 746 1609 moralem
769 1542 809 1607 ad
831 1566 885 1622 ea,
909 1562 993 1630 quae
1016 1561 1057 1605 ex
1079 1539 1159 1605 alio·

81 1641 158 1685 rum
180 1623 372 1690 anctoritate
395 1564 605 1691 addiscimus.

123 1702 195 1769 102.
220 1702 414 1789 Disputatur
435 1720 545 1775 autem
567 1729 586 1772 a
607 1705 829 1803 Philosophia,
852 1716 961 1772 utrum
983 1704 1035 1768 bis
1063 1720 1159 1799 gene-

82 1783 177 1849 ribus
198 1786 404 1855 certitudinis
425 1789 561 1875 aequale
583 1786 710 1874 pondus
734 1788 823 1864 insit,
847 1808 888 1852 an
910 1807 973 1852 una
996 1782 1159 1850 certitudo

81 1867 126 1931 sit
148 1864 249 1932 altera
270 1874 494 1953 praestantior.
511 1870 553 1937 Ut
574 1871 652 1936 baec
673 1870 822 1956 quaestio
838 1867 933 1934 lacile
954 1866 1108 1939 solvatur,
1124 1886 1158 1928 a·

81 1948 175 2013 nimo
196 1969 231 2012 re
256 1951 413 2018 utandnm
435 1966 484 2021 est
505 1953 736 2019 certitudinem
751 1949 817 2015 duo
831 1948 1017 2034 complecti,
1040 1966 1159 2030 nempe

81 1969 304 2095 omnimodam
326 2035 419 2101 dubii
441 2036 689 2108 exclusionem,
715 2041 748 2097 et
770 2042 953 2106 momenta,
975 2026 1159 2124 exquibus

82 2106 244 2197 periectio
265 2125 355 2181 actus
377 2116 580 2183 adhaerentis
600 2115 698 2179 alicui
722 2114 770 2177 rei
792 2113 934 2197 exurgit.
959 2112 991 2178 Si
1014 2130 1158 2195 primum

492 2300 577 2344 inem
610 2278 732 2343 erroris
767 2275 809 2340 ab
843 2275 953 2339 animo
978 2272 1156 2370 expellunt.

83 2191 321 2274 consideretur,
344 2201 454 2264 omnia
468 2218 595 2345 (penem
616 2193 823 2262 certitudinis
844 2194 877 2257 in
895 2216 934 2258 eo
948 2192 1158 2267 conveniunt,

106 2271 172 2339 nod
204 2295 333 2342 omnem
366 2278 464 2345 fornii

82 2295 178 2420 lianc
199 2356 241 2420 ob
264 2360 423 2426 rationein
446 2358 608 2428 certitudo
625 2362 657 2424 in
672 2368 793 2444 puncto
807 2354 946 2442 quodam
963 2353 1159 2419 indivisibili

83 2437 192 2522 posita
214 2459 284 2506 esse
306 2440 442 2520 dicitur,
467 2464 525 2529 pro
549 2453 637 2507 terea
660 2438 747 2526 quod
770 2440 796 2503 si
819 2458 909 2502 mens
934 2438 968 2501 in
984 2435 1161 2532 dubitatio-

85 2540 160 2582 nem
182 2519 232 2584 vel
255 2523 422 2588 minimam
445 2525 510 2589 inci
538 2524 575 2597 it,
591 2522 682 2586 illico
698 2518 929 2587 certitudinem
950 2519 1080 2593 amittit,
1104 2538 1160 2583 ne-

83 2621 149 2684 que
171 2603 399 2670 certitudinem
423 2606 544 2672 iteruin
566 2602 770 2687 adipiscitur,
794 2602 858 2665 nisi
883 2599 970 2663 illam
993 2599 1042 2663 vel
1061 2600 1160 2663 mini-

84 2702 172 2744 mam
195 2682 430 2752 dubitationem
451 2684 604 2772 expellat.
633 2685 689 2750 Sin
711 2684 863 2757 alterum,
885 2700 1003 2765 genera
1025 2682 1160 2745 certitu-

85 2759 201 2826 dinum
225 2785 286 2827 non
309 2767 455 2852 aequalis
477 2766 636 2854 ponderis,
651 2776 738 2841 sunt;
762 2762 922 2849 siquidem
945 2782 1007 2826 non
1022 2764 1158 2848 aequale

86 2842 171 2909 inest
186 2843 311 2930 pondus
325 2852 509 2926 momentis,
525 2870 567 2915 ex
581 2847 702 2933 quibus
716 2870 753 2912 ea
767 2856 975 2921 enascuntur,
998 2866 1035 2909 ac
1050 2845 1162 2931 proin-

85 2921 139 3000 de,
153 2945 212 3021 pro
234 2924 423 2996 diversitate
438 2930 626 2998 buinsmodi
643 2938 892 2999 momentorum,
905 2926 1042 2990 alterum
1058 2948 1159 3012 genus

85 3006 292 3072 certitudinis
314 3010 416 3077 altero
439 3013 657 3098 praestantius
677 3007 949 3075 accedebatur
971 3008 1161 3073 universum

86 3097 197 3152 autem
224 3091 384 3157 certitudo
404 3094 641 3181 metaphysica,
664 3105 699 3160 ut
714 3092 860 3178 quisquis
881 3109 923 3153 ex
944 3108 977 3151 se
992 3089 1162 3175 intelligit,

86 3170 266 3257 physicae,
294 3182 327 3240 et
348 3176 491 3255 morali,
512 3188 545 3243 et
567 3174 700 3264 physica
728 3172 844 3239 morali
872 3169 1038 3235 antecellit
1051 3171 1076 3233 ⁶.

123 3399 132 3434 Ι
154 3400 187 3447 lii
205 3398 252 3449 to.
267 3400 307 3449 W
324 3400 419 3457 little,
434 3398 498 3449 lect.
514 3397 560 3457 tit,
575 3396 596 3459 l,
611 3394 785 3463 attuit,
800 3412 826 3449 a.
843 3399 853 3448 t
871 3398 903 3447 ad
917 3396 1001 3448 3.-²
1019 3393 1159 3461 creasti.

121 3469 135 3505 ⁸
155 3472 187 3519 ln
205 3470 252 3520 ltb.
275 3472 314 3519 111
332 3472 415 3528 Sciit..
435 3467 502 3521 Dist.
522 3468 624 3529 Xlllll,
645 3486 673 3534 q.
695 3467 735 3529 ll,
755 3484 781 3521 a.
801 3470 818 3521 2
837 3470 888 3521 rot.
908 3469 936 3521 3.
957 3464 994 3521 Ct
1007 3470 1089 3519 etiam
1110 3474 1158 3537 (lp.

86 3544 185 3607 ἅψῃ,
207 3544 246 3592 Dii
269 3544 374 3602 virtut,
394 3557 421 3605 q.
443 3539 478 3601 ll,
498 3556 525 3592 a.
545 3542 562 3593 o
582 3542 615 3591 ad
638 3543 663 3592 t.

123 3612 135 3653 ⁴
153 3608 346 3674 certitudinem
366 3613 496 3671 moialem
516 3615 649 3672 letardum
663 3614 688 3669 it
701 3613 868 3671 certitudinis
883 3611 1082 3685 nietipbystom
1095 3624 1160 3682 aaa·
