2475 3909
407 166 593 213 rnuexcnm
616 163 802 211 narranms
1046 145 1106 213 395

72 269 89 314 s
135 260 259 316 uuntur
280 249 421 336 culpam.
438 275 456 312 a
469 251 519 314 Ad
534 250 682 314 ordinem
698 249 848 314 Universi
868 249 1010 333 pertinet
1031 259 1063 314 et
1079 252 1144 314 iam

72 352 116 396 or
138 331 331 409 oiustitiae,
345 334 401 420 qui
424 333 578 417 requirit,
595 341 632 396 ut
652 328 877 416 peccatoribus
899 350 1003 416 poena
1027 330 1146 396 iniera-

76 425 142 478 tur.
165 413 208 478 Et
222 413 396 480 seeundum
413 415 472 478 boe
488 415 576 479 Deus
590 421 638 478 est
653 420 768 476 auctor
788 412 878 486 mali,
894 411 981 495 quod
998 420 1046 476 est
1069 431 1145 497 poe-

75 515 119 557 na
132 494 175 556 ¹».
192 495 330 579 Insuper
350 497 524 580 corruptio,
540 505 568 558 et
583 494 704 558 malurn
726 496 760 557 in
774 491 865 556 rebus
887 495 1028 578 sequitur
1042 514 1083 557 ex
1106 512 1145 556 eo

73 575 164 659 quod
186 597 236 639 res
256 589 374 641 crentne
395 589 491 661 cpont
505 578 671 642 secundnm
687 575 812 639 modum
831 577 982 660 propriae
995 585 1146 649 notnroe,·

74 676 152 719 nam
163 669 291 742 propter
304 662 562 733 contrarietatem,
577 668 605 723 et
621 656 872 743 repnpnontr'om,
887 677 962 742 quoe
978 665 1021 722 est
1042 657 1078 720 in
1097 677 1146 719 re-

76 735 148 810 bns,
162 759 226 801 ono
245 761 296 804 rer
318 753 361 805 est
376 742 504 806 alterins
524 741 734 825 corruptieo².

118 819 187 884 211.
211 822 302 897 Quae
323 845 396 888 cnm
421 825 464 887 ita
494 844 527 888 se
551 822 689 887 babeant
705 869 715 898 ,
739 820 783 884 ita
805 827 1087 904 argumentamur:
1111 818 1145 884 Si

80 899 206 965 infinita
231 902 292 968 Dei
315 905 474 992 perfectio
496 904 729 990 expostularet,
745 911 782 967 ut
804 901 889 966 mala
932 899 1039 988 bysica
1061 923 1079 966 a
1099 919 1149 962 re·

76 978 140 1044 bus
163 983 406 1063 subtrahantur,
429 986 604 1051 dicendum
629 985 724 1062 foret,
748 982 852 1046 Deum
874 919 992 1047 debere
1016 982 1146 1048 auterre

76 1061 120 1124 ab
141 1064 297 1131 Universa
319 1067 480 1142 ordinem,
502 1069 559 1154 qui
582 1076 631 1132 est
653 1067 756 1152 ipsius
778 1065 926 1130 Universi
949 1062 1087 1141 bonum,
1102 1075 1148 1128 at·

76 1162 141 1290 pne
164 1147 321 1231 impedire
343 1150 520 1236 quominus
541 1170 591 1214 res
613 1160 740 1214 creatae
763 1156 859 1228 agant
879 1144 1058 1210 seeundum
1080 1166 1148 1209 mo·

99 1247 155 1290 um
179 1232 330 1315 propriae
352 1242 496 1296 naturae.
513 1228 824 1316 Atqui'bniusmodi
846 1247 941 1292 conse
967 1226 1072 1293 uentis
1089 1225 1149 1291 lol-

77 1310 205 1374 sitalem
228 1332 323 1375 nemo
346 1323 406 1390 est,
421 1316 477 1396 qui
502 1334 564 1377 non
587 1312 707 1378 videat.
725 1313 813 1395 Ergo
835 1309 955 1393 malap
977 1309 1066 1395 ysico
1087 1307 1149 1374 sub

76 1390 147 1455 Deo
168 1411 294 1457 summe
316 1393 462 1478 perfecto
483 1395 657 1458 consistere
680 1401 822 1478 possunt.

117 1473 189 1534 212.
213 1475 326 1538 Exeo
349 1487 484 1550 autem,
507 1474 593 1559 qnod
617 1475 705 1539 Deus
726 1471 875 1537 Universi
905 1469 1054 1535 ordinem
1076 1472 1148 1536 sine

76 1553 178 1618 ullius
205 1556 283 1620 mali
306 1555 506 1622 admixtione
534 1556 680 1622 obtinere
703 1556 886 1641 potuisset,
912 1552 1031 1620 inferre
1060 1552 1145 1619 baud

76 1635 154 1702 lieet
175 1635 285 1721 lpsum
307 1637 433 1704 ratione
455 1658 531 1702 suae
553 1637 711 1704 Bonitatis
734 1636 773 1700 ad
796 1637 857 1702 boc
879 1635 991 1701 teneri.
1008 1636 1090 1702 Nam
1113 1637 1148 1700 in

77 1718 194 1802 primis
216 1729 361 1784 nostrum
384 1740 447 1784 non
469 1729 517 1784 est
538 1718 697 1795 delinire,
720 1728 829 1782 utrum
852 1717 970 1782 melius
991 1717 1032 1783 sit
1054 1717 1147 1782 illum

76 1797 225 1863 ordinem
247 1798 388 1866 obtineri
414 1821 472 1886 per
488 1800 616 1887 physica
640 1800 736 1874 mala,
759 1820 798 1862 an
821 1799 890 1864 sine
912 1798 990 1863 illis.
1007 1798 1146 1874 Deinde,

76 1881 137 1945 etsi
159 1881 218 1945 boc
233 1882 370 1948 alterum
393 1882 510 1946 melius
531 1883 731 1956 aestimetur,
747 1891 853 1944 tamen
876 1878 941 1944 diei
965 1901 1026 1943 non
1043 1893 1148 1964 potest

79 1963 207 2080 Deum3
233 1964 358 2028 ratione
379 1983 457 2028 suae
479 1963 662 2038 Bonitatis,
686 1963 725 2026 ad
749 1961 804 2037 id,
827 1961 913 2047 quod
936 1973 985 2029 est
1006 1962 1146 2037 melius,

77 2054 182 2110 teneri
211 2093 219 2107 .

117 2126 189 2192 213.
213 2124 304 2190 node
327 2127 377 2189 bis
399 2125 484 2189 mala
508 2125 635 2224 pbpsica
660 2125 837 2208 plurimum
861 2121 1034 2198 conterre,
1055 2134 1091 2189 ut
1114 2123 1150 2186 fi-

77 2228 152 2271 nem
173 2219 342 2282 nostrum,
365 2228 480 2292 nempe
504 2207 720 2284 felicitatem,
744 2219 776 2271 et
798 2205 941 2281 certius,
965 2216 996 2270 et
1019 2205 1148 2270 facilius

77 2307 329 2374 consequamnr3
342 2287 533 2354 exercendis
548 2290 636 2353 enim
650 2286 829 2355 virtutibus
844 2288 1045 2352 occasionem
1057 2307 1149 2373 prae·

77 2369 171 2447 bent,
196 2371 306 2455 culpas
326 2380 506 2436 contractas
528 2371 743 2456 abstergunt,
767 2369 911 2434 animum
935 2369 974 2434 ad
999 2390 1149 2455 praesen-

78 2453 162 2519 tium
185 2452 386 2536 voluptatum
408 2463 654 2538 contemptum,
678 2462 775 2536 atque
798 2451 837 2516 ad
860 2462 1066 2517 aeternornm
1092 2451 1150 2516 bo·

76 2555 194 2598 uorum
216 2555 361 2598 amorem
382 2532 557 2600 adducunt.
583 2536 691 2611 Quare
714 2532 901 2600 huiusmodi
927 2533 1010 2598 mala
1031 2554 1147 2600 vocan-

78 2627 131 2682 tur
152 2637 170 2680 a
192 2616 300 2680 stultis
321 2615 431 2692 urala,
454 2615 536 2680 bene
558 2627 665 2682 autem
688 2615 855 2684 utentibus
876 2615 959 2681 bona
980 2627 1079 2692 sunt,
1102 2625 1150 2680 at-

75 2718 154 2781 que,
163 2708 204 2843 ppt
216 2696 439 2815 Theodoretus
461 2698 519 2775 ait,
536 2718 598 2762 non
621 2697 681 2762 nisi
705 2699 885 2786 improprie
906 2707 938 2765 et
952 2697 1050 2784 vulgo
1065 2698 1148 2764 mala

76 2799 162 2866 appe
187 2790 283 2845 antur
311 2827 318 2842 .

76 3033 148 3079 rum,
157 3019 271 3069 aliarum
285 3031 390 3081 nempe,
406 3031 474 3080 qnae
485 3015 710 3078 incorruptibiles,
724 3015 976 3078 aliarumque,qnae
988 3013 1150 3076 eorrnptlbl-

76 3095 116 3144 les
135 3094 197 3148 sint,
209 3089 369 3154 expostulet,
381 3094 491 3140 sanctus
511 3086 609 3138 Doetor
627 3087 742 3151 explieat
763 3085 838 3145 ibid„
858 3099 885 3148 q.
903 3080 1052 3144 uvida.
1073 3083 1090 3135 Ξ
1110 3099 1148 3145 c.;

78 3168 169 3217 contr.
184 3165 272 3219 Geor„
293 3162 339 3212 lib.
354 3159 400 3222 lll,
421 3176 447 3212 o.
464 3161 508 3220 71,
522 3165 549 3211 et
564 3162 595 3211 ln
607 3159 654 3210 lib.
672 3160 699 3210 11
710 3159 793 3216 Sena,
810 3154 874 3206 bist.
889 3153 1013 3218 xxxiv,
1027 3154 1079 3222 q.l,
1089 3158 1147 3208 n.t.

115 3238 123 3274 ¹
145 3233 167 3296 l,
186 3249 214 3298 q.
229 3229 308 3285 llblll
331 3237 391 3293 nib,
411 3247 437 3284 a.
457 3233 473 3283 2
494 3248 519 3283 o.
537 3251 548 3278 ι
564 3229 678 3290 bialum,
697 3231 735 3279 ait
754 3231 846 3288 etlam,
867 3231 997 3279 naturalis
1015 3229 1148 3288 dematur,

78 3309 122 3359 rel
141 3309 242 3357 malum
261 3319 362 3368 poenae
380 3306 450 3362 ruit,
471 3304 584 3354 volendo
603 3302 710 3365 aliquod
730 3301 840 3360 bonum,
855 3303 898 3351 oui
912 3303 1083 3365 coniungitur
1096 3303 1149 3352 tale

79 3381 192 3430 melum.
212 3376 287 3428 Sicut
306 3376 418 3428 volendo
432 3377 572 3434 iustitiam,
592 3376 650 3424 rull
670 3387 793 3437 poenam,
807 3378 834 3424 et
848 3373 960 3425 volendo
973 3373 1093 3423 ordinem
1104 3387 1150 3424 na·

79 3459 157 3504 turae
176 3449 287 3505 serrari,
308 3450 365 3499 rnlt
383 3448 498 3511 quedam
518 3447 679 3498 naturaliter
696 3448 831 3509 eorrumpi
849 3465 859 3491 ι
866 3441 1146 3509 ;lbld.‚r1.lllll‚a.lio.

114 3522 128 3558 ²
146 3525 236 3572 Contr.
257 3520 343 3578 Gent„
365 3521 418 3569 loo.
437 3521 486 3569 eit.

116 3588 182 3642 scr
199 3592 322 3650 cosma„
342 3604 369 3640 e.
389 3588 460 3649 Vlll,
479 3603 506 3641 a.
527 3589 556 3649 ἱ,
575 3604 603 3653 p.
626 3589 677 3640 180
696 3603 756 3654 eqo.

115 3662 127 3705 ⁴
147 3665 307 3720 orononan
324 3663 488 3732 effectionum
506 3665 617 3727 oorotto,
633 3657 755 3716 Sanmll
770 3663 807 3714 De
821 3667 917 3713 notura
935 3659 1058 3712 bominis.
1079 3654 1149 3714 Illud
