2475 3909
505 198 682 245 rossanum
1021 182 1082 247 219

161 312 270 369 hardi.
286 316 417 371 -Utrum
432 334 510 370 rores
523 322 575 370 stat
590 321 663 384 signa
677 319 820 375 naturalia,
835 332 868 367 au
882 318 1019 370 arbitraria

100 419 151 493 ll.
167 428 323 494 Nonnulli
345 442 481 507 veteres,
498 432 582 497 inter
602 449 682 514 quos
705 430 890 495 Heraclitus
903 430 927 505 ¹,
944 430 1125 499 docuerunt

65 510 169 574 verbis
191 514 258 577 sire
280 534 336 578 ore
361 512 507 597 prolatis,
530 515 598 576 sire
618 511 751 596 scriptis
773 534 812 575 ex
835 523 946 576 natura
968 536 1037 587 sua,
1058 536 1123 581 nou

65 614 105 657 ex
126 594 272 659 instituto
295 596 463 661 hominum
489 616 540 660 res
561 592 753 679 significari:
770 595 959 662 Aristoteles
972 600 1016 660 ὀ
1041 599 1125 683 posi-

64 688 125 742 tam
146 679 338 741 seutentiam
360 676 505 752 tradidit,
520 697 618 775 quam
644 676 832 743 Scholastiei
847 679 859 715 ⁸
873 689 944 761 post
958 619 1122 746 Ecclesiae

64 758 242 843 Scriptores
271 762 342 824 tuiti
371 771 455 825 sunt.
489 760 619 827 Scilicet
650 758 804 837 nomina,
825 759 1001 827 secundum
1022 764 1122 848 ipsos,

64 840 329 925 conceptionibus
348 855 476 908 nostrae
498 843 613 908 inentis
635 850 762 926 oportet
780 841 913 926 quidem
936 854 972 910 ut
992 866 1125 932 respon-
1203 878 1205 889 ·

64 924 167 987 deant.
191 923 334 997 Etenim,
356 925 510 1007 quoniam
532 949 550 987 a
573 924 669 993 ratio.
690 942 787 1006 quam
811 923 971 1009 significat
991 949 1122 1003 nomen,

63 1018 107 1070 cst
129 1008 299 1091 conceptio
321 1006 504 1071 intellectus
525 1005 564 1071 de
587 1028 621 1068 re
643 1002 822 1088 significata
850 1024 909 1090 per
929 1028 1046 1075 nomen
1063 1012 1076 1047 ⁴
1092 1020 1127 1085 n‚'

62 1086 139 1153 illud
154 1090 375 1171 consequitur.
397 1087 483 1173 quod
500 1114 517 1149 a
535 1088 716 1153 intellectus
733 1135 740 1151 .
760 1136 767 1151 .
787 1134 794 1150 .
813 1089 1014 1162 ‚meandum
1037 1093 1121 1176 quod

63 1169 271 1256 apprehendit
296 1192 368 1247 res,
389 1172 431 1236 ita
460 1169 620 1255 significat
648 1190 705 1253 per
732 1173 862 1235 nomina
879 1173 890 1209 ⁵
906 1196 935 1235 a.
961 1176 1002 1239 llt
1030 1196 1121 1251 uero,

62 1252 215 1337 quoniam
238 1274 279 1315 ex
302 1254 401 1316 variis
428 1251 616 1317 nominibus
643 1250 723 1315 illud
751 1252 873 1333 eligere
906 1253 1000 1319 nohis
1034 1256 1123 1332 licet,

63 1334 147 1421 quod
179 1354 253 1399 cum
281 1356 318 1397 ea
342 1336 489 1410 ratione,
511 1356 574 1430 qua
601 1354 671 1398 rem
704 1334 994 1418 apprehendimus,
1020 1342 1122 1423 magis

61 1417 242 1563 conqqentire
268 1414 416 1491 uidetur,
440 1438 568 1481 nomma
589 1439 631 1481 ex
654 1415 820 1481 hominum
847 1418 984 1484 arbitrio
1006 1440 1058 1485 res
1080 1423 1124 1483 si-

82 1503 112 1564 ni
139 1509 224 1565 cant.

62 1523 147 1648 lib.
174 1583 270 1665 Prop.
295 1581 434 1646 Nomina
452 1600 515 1644 aaa
535 1580 708 1663 siqnificcat
729 1600 779 1643 res
801 1590 916 1645 natura
936 1602 1004 1647 aaa.

100 1664 269 1729 Probatur.
291 1664 387 1739 lllud,
410 1661 497 1747 quod
519 1673 569 1727 est
590 1661 747 1739 naturale,
770 1661 869 1739 idem,
890 1662 1128 1751 immotumque

60 1768 210 1833 semper.
231 1758 264 1813 et
284 1748 408 1830 ubique
434 1756 595 1810 terrarum
617 1754 676 1809 est.
699 1746 798 1829 Atqui
827 1743 962 1809 eaedem
989 1768 1041 1811 res
1064 1770 1127 1812 uon

59 1830 176 1894 iisdem
198 1827 384 1895 nominibus
406 1828 494 1913 apud
515 1846 627 1892 omnes
648 1826 785 1911 populos
806 1825 1047 1911 significantur,
1071 1830 1126 1895 sed

60 1913 150 1978 varia
174 1912 304 1976 nomina
326 1910 435 1976 abeis
457 1906 649 1974 adhibentur
676 1908 715 1971 ad
738 1906 885 1975 eamdem
908 1931 977 1973 rem
1001 1911 1126 1997 signiti-

58 1994 206 2058 candam.
229 1996 318 2079 Ergo
345 1994 474 2058 aomina
501 2010 562 2053 uon
590 1989 773 2074 significant
804 2011 856 2055 res
885 2002 1001 2057 natura
1028 2012 1084 2058 sua
1100 1996 1124 2056 ⁸.

58 2078 252 2151 Praeterea,
279 2077 307 2140 si
332 2076 460 2139 nomina
493 2094 536 2137 ex
566 2084 681 2137 natura
713 2094 771 2137 sua
804 2072 1026 2156 significarent
1059 2097 1126 2149 res,

58 2160 222 2245 quisquis,
244 2157 357 2223 audito
377 2157 532 2228 nomine,
556 2154 667 2237 procul
691 2153 792 2220 dubio
813 2174 1005 2237 cognoscere
1028 2156 1129 2223 dehe-

57 2250 104 2306 ret
125 2260 194 2305 non
214 2238 319 2305 solum
340 2259 512 2322 quamnam
535 2258 603 2300 rem
628 2238 734 2321 ipsum
759 2236 927 2320 significet,
954 2238 1009 2304 sed
1023 2240 1126 2304 etiam

57 2322 135 2407 quid
159 2324 231 2404 ipsa
253 2341 305 2385 res
325 2322 378 2386 sit.
401 2322 500 2407 Atqui
528 2318 646 2402 vulgus
671 2318 839 2386 hominum
863 2340 980 2405 saepe,
1006 2321 1128 2386 auditis

58 2402 227 2490 aliquibus
260 2401 470 2479 nominihus,
498 2404 626 2489 ignorat
652 2422 713 2465 noa
742 2400 838 2465 modo
864 2402 945 2487 quid
970 2405 1034 2467 sint
1062 2424 1127 2477 res,

57 2508 138 2561 uuas
161 2486 234 2571 ipsa
256 2483 458 2569 significant,
486 2486 542 2551 sod
564 2485 663 2549 etiam
684 2504 843 2567 quaenam
866 2504 916 2551 res
939 2486 1028 2571 ipsae
1050 2486 1129 2550 sint.

58 2570 147 2654 Ergo
172 2568 304 2632 nomina
326 2588 389 2632 aon
412 2566 596 2651 significant
617 2586 669 2631 res
689 2588 729 2630 ex
752 2577 866 2633 natura
889 2587 957 2630 sua.
982 2565 1129 2641 Accedit,

57 2649 146 2797 quod
169 2649 260 2714 nulla
279 2650 505 2715 convenientia
527 2651 613 2713 inter
635 2650 780 2724 nomina,
804 2659 899 2734 prout
922 2648 953 2711 in
976 2670 1009 2713 se
1032 2669 1131 2733 quae·

78 2754 131 2798 am
155 2754 210 2798 res
230 2741 322 2807 sunt,
345 2740 377 2796 at
400 2752 440 2795 ue
463 2731 548 2798 inter
575 2742 705 2797 naturas
732 2751 865 2807 rerum,
888 2750 969 2815 quas
995 2732 1063 2814 ipsa
1088 2731 1133 2795 si-

59 2815 233 2900 unificant,
256 2750 445 2886 ihereselib
467 2836 497 2878 e.
523 2836 567 2899 q,
590 2816 675 2879 iuter
697 2834 813 2879 nomen
836 2810 941 2889 homo,
964 2822 1063 2897 prout
1084 2823 1133 2878 cst

59 2919 122 2975 res,
137 2918 225 2983 quae
246 2896 463 2972 dictamnos,
486 2907 518 2961 et
539 2898 624 2962 inter
645 2916 728 2972 rem,
743 2915 825 2980 quae
848 2894 908 2958 hoc
930 2896 1062 2960 nomine
1078 2894 1133 2958 lta·

95 3098 106 3134 ¹
127 3097 168 3148 Dc
187 3098 268 3147 buius
285 3094 435 3159 philosophi
456 3094 585 3144 sententis
604 3094 706 3144 erudite
726 3094 847 3145 disseruit
868 3093 988 3147 Satrator
1006 3094 1134 3147 (latrans-

60 3185 98 3229 κ,
122 3173 150 3220 tn
169 3166 285 3231 sptem.
303 3170 339 3218 ta
352 3168 459 3218 sctanm
473 3169 526 3218 cto
538 3168 613 3224 fode,
628 3172 648 3216 t.
664 3162 782 3225 lxm,
798 3182 824 3231 p.
840 3168 927 3234 bsqq‚
942 3167 1035 3232 Napolt
1052 3169 1132 3220 tato.

96 3242 108 3279 ²
130 3245 174 3293 Dc
190 3245 317 3305 interpr..
336 3253 363 3290 c.
381 3239 411 3299 ἰ,
431 3246 446 3300 s
465 3239 494 3294 ³.

95 3315 107 3352 Ι
131 3334 143 3360 ι
169 3310 218 3363 Est
236 3312 356 3362 naturate
376 3312 496 3367 homini.
518 3312 602 3377 lnquit
622 3324 644 3359 s.
665 3306 799 3373 Thomas,
824 3313 971 3375 rtqntltcara
990 3318 1138 3373 conceptus

61 3400 132 3443 snos,
155 3385 203 3435 sed
222 3386 410 3435 determinatto
427 3387 561 3446 signorum
575 3384 659 3432 estad
674 3384 803 3445 placitam
817 3403 841 3443 η
855 3384 884 3432 2·
897 3384 947 3445 2²¹²,
961 3399 989 3449 q.
1003 3380 1133 3445 LXXXV,
1205 3432 1208 3438 .

61 3473 88 3507 a.
112 3461 123 3510 l
148 3458 185 3507 ad
204 3457 233 3507 3.

96 3527 109 3567 ⁴
129 3528 154 3588 l.
177 3544 204 3593 q.
224 3524 300 3584 xlll.
320 3542 346 3577 ι.
366 3529 384 3578 t
402 3527 490 3578 e.-⁵
511 3526 588 3585 thid..
608 3540 634 3577 a.
655 3527 671 3578 3
691 3542 716 3577 c.
738 3522 775 3578 Cl
788 3528 864 3585 tota,
885 3542 911 3578 a.
934 3528 944 3576 l
968 3544 994 3579 e.

99 3602 113 3638 ⁸
135 3598 176 3653 (lt
191 3598 221 3651 ll.
242 3599 303 3652 Alb.
322 3596 373 3658 ll..
396 3601 550 3659 Pernam,
571 3598 617 3651 llb.
641 3598 661 3660 l,
682 3603 762 3653 tract.
784 3597 822 3663 u,
843 3612 869 3655 a.
890 3598 917 3661 l,
936 3604 964 3652 et
982 3614 1005 3655 r.
1026 3594 1135 3667 raon,

63 3674 96 3728 ln
115 3674 167 3729 tat.
191 3676 203 3726 t
221 3676 378 3736 Pettium,
397 3674 461 3725 lect.
483 3669 516 3725 ll.
