2475 3909
516 178 698 228 oarouoam
791 227 797 235 ,
1062 160 1101 225 31

71 261 159 328 citur
181 258 315 340 bonum,
332 270 429 348 prout
445 261 484 325 ad
501 262 683 348 appetitum
707 258 858 325 refertur.
872 260 960 345 Ergo
982 261 1070 325 notio
1084 260 1142 325 bo-

71 344 183 409 nitatis
202 364 244 407 ex
259 344 389 409 notione
406 344 616 431 perfectionis
631 361 694 406 non
716 341 936 408 constituitur.

110 425 164 489 91.
188 425 348 490 Probatur
370 426 471 491 altera
493 446 579 511 pars.
603 426 670 489 Eos
697 444 737 487 ex
760 444 822 502 eo,
844 420 931 506 quod
959 433 1008 488 est
1035 424 1143 507 perle-

69 515 171 585 ctum,
194 517 242 572 est
284 508 485 593 rincipium,
509 529 550 572 ex
571 527 636 593 quo
663 504 787 589 aliquid
808 504 920 592 perlici
950 514 1062 590 potest.
1085 509 1142 572 At·

69 588 129 733 qui
152 528 317 672 quaelibet
337 610 389 656 res
410 590 605 669 naturaliter
627 587 750 675 appetit
772 586 818 664 id,
834 609 876 651 ex
890 606 956 671 quo
978 588 1049 671 ipsa
1070 607 1144 672 per-

94 669 127 732 ci
149 680 255 752 potest
268 670 291 733 ¹.
316 673 404 757 Ergo
426 692 482 736 ens
504 693 546 736 ex
568 693 619 747 eo,
635 667 723 755 quod
737 679 786 734 est
801 669 996 756 perlectum,
1019 676 1068 733 est
1088 690 1144 756 ap-

115 750 218 817 tibile.
243 755 344 836 Atqui
365 773 432 829 ens,
456 763 556 838 prout
576 753 616 817 ad
639 773 658 815 a
684 752 820 835 petitum
843 752 997 827 retertur,
1021 749 1144 816 dicitur

69 770 206 930 bdnum.
230 836 317 919 Ergo
337 836 557 981 principium,
576 854 637 931 seu
659 771 906 899 laudamentum
925 833 1066 899 notionis
1087 830 1143 897 bo

72 925 186 980 natatis
209 927 258 982 est
280 927 367 982 notro
390 936 447 1001 per
462 929 614 984 ectronrs.

111 996 164 1062 92.
188 998 240 1062 Ex
261 995 311 1062 his
335 996 532 1083 intelligitur
546 1017 603 1063 ens
618 995 761 1061 nondici
787 993 908 1063 bouum
933 1018 976 1061 ex
997 1014 1037 1058 eo
1051 992 1144 1059 dum-

70 1088 175 1154 taxat,
197 1076 284 1163 quod
308 1078 489 1166 perfectum
511 1090 570 1158 est,
593 1075 867 1165 quemadmodum
889 1077 1045 1143 Wolfiani
1066 1097 1142 1141 con-

71 1158 221 1237 tendunt,
245 1160 298 1224 sed
321 1182 362 1225 ex
384 1182 437 1237 eo,
459 1161 559 1248 quod,
582 1180 656 1225 oum
672 1158 854 1244 perlectum
876 1161 939 1238 sit,
963 1158 1142 1245 appetibile

69 1250 143 1316 est;
168 1251 369 1327 quapropter
389 1244 475 1309 ratio
496 1244 573 1308 boni
587 1244 730 1389 proprie
753 1244 857 1326 posita
880 1263 943 1306 non
965 1253 1013 1307 est
1034 1241 1069 1305 in
1090 1262 1141 1319 eo,

70 1321 161 1407 quod
184 1344 240 1389 ens
262 1334 310 1389 est
334 1324 528 1410 perlectum,
552 1346 585 1389 se
622 1325 656 1387 in
671 1346 721 1401 eo,
744 1322 831 1407 quod
846 1333 894 1388 est
908 1323 1095 1407 appetibile,
1110 1335 1142 1390 et

69 1404 194 1470 bonum
210 1408 343 1492 proprie
358 1406 483 1473 dicitur
503 1428 571 1483 ens,
598 1415 758 1491 quatenus
780 1416 830 1471 est
854 1404 1053 1491 appetibile,
1077 1426 1141 1470 non

70 1507 151 1551 vero
172 1498 331 1571 quatenus
352 1499 401 1554 est
424 1488 601 1573 perlectum
615 1490 641 1550 ¹.

114 1569 167 1635 93.
191 1569 290 1654 Prop.
312 1569 360 1634 2⁸.
385 1572 482 1636 Omuc
504 1591 555 1633 eus
575 1580 618 1633 est
639 1568 763 1633 bouum.

115 1649 286 1714 Probatur.
309 1653 413 1718 Omne
435 1673 493 1717 ens
513 1662 562 1717 est
583 1649 779 1737 perlectum,
795 1650 917 1735 quippe
933 1648 1034 1737 quod,
1049 1658 1086 1715 ut
1100 1670 1141 1715 ex

71 1728 170 1797 dictis
191 1741 292 1829 patet,
314 1732 384 1797 fieri
400 1755 464 1798 non
480 1742 595 1819 potest,
612 1742 649 1797 ut
663 1730 830 1817 quaelibet
845 1752 895 1795 res
913 1733 1052 1798 essentia
1069 1752 1141 1809 sua,

72 1832 110 1876 ac
133 1814 270 1898 promde
291 1816 346 1892 iis,
368 1835 452 1911 quae
474 1816 633 1881 essentiae
655 1813 863 1898 respondent,
884 1834 1001 1899 nempe
1021 1815 1142 1879 virtute

71 1894 201 1979 agendi,
225 1906 257 1961 et
279 1894 341 1960 fine
363 1896 426 1960 sibi
444 1898 577 1984 proprio
593 1916 651 1983 per
665 1916 699 1959 se
723 1894 927 1962 destituatur.
943 1896 1043 1981 atqui
1066 1916 1140 1972 ens,

69 1988 231 2060 quatenus
258 1989 307 2041 est
327 1978 531 2062 perlectum,
555 1988 602 2045 est
635 1977 840 2063 appetibile,
862 1989 896 2043 et
916 1987 1072 2062 quatenus
1094 1987 1148 2044 est·

70 2058 273 2202 appetibile,
296 2069 345 2124 est
365 2058 498 2125 bonum.
521 2062 608 2146 Ergo
631 2078 726 2124 omne
750 2080 808 2124 ens
827 2068 876 2123 est
896 2058 1028 2124 bouum.
1051 2062 1145 2125 Hauc

71 2160 92 2203 o
135 2141 296 2206 rationem
318 2138 453 2216 bonum,
475 2163 577 2227 aeque
592 2162 630 2205 ac
645 2162 759 2219 unum,
775 2151 808 2206 et
828 2162 954 2218 verum,
974 2164 1048 2208 cum
1067 2154 1143 2207 ente

70 2222 210 2287 concuti
230 2222 365 2300 dicitur,
387 2224 463 2308 quia
485 2222 718 2288 omnebonum
737 2232 786 2287 est
807 2243 881 2302 ens,
901 2233 934 2290 et
954 2245 1050 2290 omne
1071 2244 1140 2302 ens,

71 2315 233 2387 quatenns
260 2304 302 2367 ad
328 2307 510 2389 appetitum
537 2305 704 2380 refertur,
733 2315 782 2371 est
808 2302 929 2369 bonnm
946 2307 968 2369 ⁸.

111 2387 164 2453 st.
187 2385 315 2451 Exinde
337 2386 535 2471 perspicitur
559 2386 760 2464 bonitatem,
782 2398 881 2469 prout
907 2397 956 2452 est
983 2397 1143 2452 transcen-

70 2466 209 2535 dentolis
224 2468 405 2553 proprietas
421 2488 542 2545 rerum,
559 2469 592 2532 in
607 2489 645 2532 eo
660 2468 848 2543 consistere,
864 2468 951 2553 quod
966 2490 1029 2548 res,
1045 2477 1147 2554 pmut‘

72 2557 123 2615 est
144 2569 213 2625 ens,
236 2549 414 2634 appetitur.
438 2550 594 2628 Bonitas,
618 2549 646 2613 si
665 2549 724 2614 hac
745 2554 870 2615 ratione
892 2559 1070 2635 spectetur,
1093 2549 1142 2615 di-

70 2633 161 2698 eitur
182 2629 309 2695 bonitas
330 2630 556 2715 metaphysica,
596 2652 657 2695 uae
672 2653 691 2695 a
706 2630 850 2697 bonitate
869 2634 1020 2719 physico,
1039 2645 1073 2700 et
1086 2631 1142 2697 bo-

71 2714 174 2779 nitate
195 2712 309 2776 morali
330 2710 430 2777 distin
456 2712 554 2777 uitur.
611 2712 744 2777 imirum
771 2711 898 2779 bonitas
924 2716 1143 2804 metaphysica

72 2797 107 2861 in
130 2816 168 2859 eo
189 2793 346 2869 consistit,
370 2733 457 2887 quod
481 2814 556 2873 rea,
579 2802 677 2878 prout
697 2804 832 2873 esteus,
858 2800 1032 2883 appetitum
1055 2797 1140 2864 unde

71 2876 197 2943 bonum
218 2874 464 2959 metupbyucum
485 2885 535 2940 est
557 2874 664 2959 ipsum
688 2897 749 2941 erse
769 2877 817 2941 rei
840 2900 883 2943 cx
903 2901 941 2945 ea
957 2892 1048 2966 parte
1070 2903 1085 2946 s

72 2968 208 3035 etatum,
230 2968 390 3051 quatenus
412 2956 591 3052 appetitum
615 2979 745 3025 movere
795 2968 898 3026 otest.‘
911 2962 1042 3029 Bonitas
1064 2984 1085 3048 p
1108 2982 1142 3049 y·

73 3041 140 3107 sica
162 3048 271 3105 autem
293 3058 342 3102 rer
365 3059 400 3101 m
422 3057 460 3101 eo
482 3047 586 3121 posita
610 3050 670 3119 est,
693 3062 738 3125 qu
802 3062 866 3118 res,
888 3064 952 3107 non
974 3055 1073 3128 prout
1093 3051 1142 3106 est

72 3144 130 3187 ens
152 3122 304 3187 universe
327 3126 519 3204 spectatum,
542 3118 597 3185 sed
620 3134 719 3205 prout
732 3131 780 3188 est
794 3124 927 3210 aliquod
947 3123 1141 3190 determina·

75 3214 145 3269 tum
167 3224 236 3280 ens,
259 3203 447 3289 appetitum
470 3196 546 3265 binc
571 3198 694 3267 bonum
710 3204 754 3287 pb
777 3204 900 3283 sicum,
923 3226 978 3269 seu
998 3205 1143 3269 uuturolc

73 3285 196 3351 dicitur
215 3305 311 3349 omne
326 3300 383 3348 ens
396 3280 660 3362 determinatum,
676 3305 721 3369 qu
777 3287 886 3373 aliqua
903 3296 1028 3364 natura,
1046 3296 1142 3373 prout

109 3550 118 3585 ¹
140 3544 175 3599 Ct
192 3550 321 3613 uenam,
341 3563 367 3600 c.
388 3545 421 3605 V.
443 3562 469 3599 a.
492 3552 518 3611 t,
539 3564 566 3613 p.
588 3548 639 3600 tua
659 3550 713 3600 vol.
735 3547 756 3601 l.

109 3616 176 3673 2Ε1
193 3634 216 3671 s.
238 3616 345 3683 Thom„
368 3619 389 3681 l,
410 3636 437 3684 q.
458 3620 492 3683 V,
513 3639 539 3675 ιι.
562 3622 574 3671 1
596 3621 674 3672 c.-³
695 3622 722 3672 1²
740 3621 792 3682 2¹⁰,
814 3637 843 3687 q.
863 3621 960 3686 xvttt,
980 3637 1006 3675 a.
1029 3627 1039 3676 l
1062 3641 1087 3677 c.
