2475 3909
476 182 750 235 amnuonoiouis
1043 165 1106 233 an

73 267 221 354 alioquin
243 288 339 336 omne
361 287 479 353 corpus
502 270 626 334 viveret
641 270 663 333 ¹.
681 270 770 355 Ergo
784 270 809 333 ¹.
827 268 896 333 Hoc
918 279 1146 355 argumentum

77 354 122 419 ita
144 372 170 417 s.
194 352 393 436 Augustinus
415 352 611 419 enunciavit:
636 374 653 412 ii
677 352 744 417 lam
760 362 795 417 tu
810 351 928 415 metior
948 372 994 429 es,
1018 350 1076 416 tibi
1097 348 1147 415 di·

74 433 1147 580 titttffltittt'tti‘tttttttffl'im.⁰.⁰.tt.⁰t¹.⁸.t¹¹ittt

75 594 260 662 Praeterea.
282 534 561 690 Qiidrdad‘modum
584 598 647 682 ipsi
664 536 844 694 dddsiddogi
865 536 1007 670 domnii
1026 564 1147 681 corpus

75 694 136 759 per
157 677 244 823 thps
264 677 526 755 assimilationis,
548 687 581 743 et
601 679 788 744 remotionis
815 676 920 763 quoad
945 676 1145 763 particulas,

74 778 118 821 ex
139 758 195 843 qui
221 779 259 823 us
273 769 409 833 constat,
423 761 543 823 sensim
558 761 630 824 sine
644 782 737 826 sensu
760 768 990 836 commutatur,
1006 758 1089 823 aden
1110 771 1147 825 nt

74 840 234 925 temporis
266 840 357 905 duxu
391 860 521 922 prorsus
553 852 738 907 renovetur.
762 842 797 908 Si
820 841 923 924 igitur
947 842 1056 905 anime
1078 843 1145 907 sive

75 921 279 1007 principium
300 922 428 988 vivendi
452 943 516 985 uun
539 923 603 987 nisi
627 925 734 1009 ipsum
756 942 875 1006 eorpus
895 933 1002 999 esset,
1047 922 1147 988 rinci-

75 1002 169 1085 pium
192 1002 323 1069 vivendi
346 1005 379 1068 in
401 1004 470 1069 dies
491 1004 643 1079 variare,
665 1026 703 1071 ac
724 1004 853 1073 tandem
880 1004 916 1068 in
941 1003 1006 1068 aliu
1052 1024 1145 1087 renq-

75 1083 146 1147 vari
167 1083 313 1151 deberet.
336 1088 433 1170 Atqui
456 1086 680 1170 unnsquisque
701 1095 846 1153 nostrum
869 1087 1041 1169 experitur
1059 1088 1147 1171 prin-

74 1164 200 1248 cipium
215 1165 382 1252 cogitandi
404 1176 587 1231 constanter
608 1189 738 1234 munere
760 1166 858 1242 idemi
882 1167 926 1233 ita
941 1178 979 1231 ut
992 1186 1066 1244 nos,
1088 1169 1147 1263 qui

74 1266 163 1317 nunc
184 1248 339 1393 ἒίιὶιιιιιι.
361 1246 491 1313 eosdem
512 1268 594 1324 esse,
615 1250 674 1333 qui
701 1259 795 1315 antea
824 1249 979 1325 viximus,
1001 1268 1147 1315 eonscie-

74 1348 162 1392 mus.
216 1350 286 1393 ro.

118 1409 188 1474 131.
212 1349 305 1486 0811011
328 1412 356 1474 si
378 1410 487 1473 anima
508 1431 527 1477 a
546 1430 685 1494 corpure
711 1408 942 1495 distinguitur,
965 1411 1069 1494 ipsam
1093 1431 1147 1474 ne-

72 1510 141 1574 que
165 1493 198 1555 in
219 1502 497 1578 temperamento,
520 1513 623 1577 neque
647 1493 681 1555 in
702 1491 872 1559 harmonia
899 1492 1048 1577 corporis
1072 1511 1147 1555 con·

72 1572 190 1636 sistere
211 1573 433 1657 consequitur.
456 1574 528 1637 Non
554 1570 689 1658 quidem
712 1574 745 1637 in
769 1582 1037 1657 temperamento.
1061 1572 1146 1639 Nam

71 1655 187 1717 enimn
208 1674 266 1719 cor
290 1675 328 1719 us
348 1654 411 1719 sibi
434 1653 556 1733 subdit,
578 1666 675 1740 atque
696 1654 783 1721 houd
811 1674 886 1720 raro
907 1654 1084 1719 reluctatur
1105 1652 1146 1715 iis

73 1676 356 1831 appetitionidus,
378 1755 463 1818 quae
484 1758 528 1801 ex
547 1736 694 1822 corporis
715 1736 949 1833 temperatione
971 1738 1145 1808 oriuntur3

74 1814 241 1900 siquidum
263 1816 358 1883 multi
380 1817 527 1883 homines
548 1818 767 1904 appetitiones
789 1817 860 1882 ilius
885 1816 1008 1892 sedant,
1031 1828 1062 1882 ct
1082 1817 1147 1911 etli-

73 1900 169 1963 ciunt
189 1908 226 1963 ut
247 1909 355 1963 rectae
377 1899 497 1964 rationi
520 1910 666 1985 pareant.
691 1900 810 1964 Anima
832 1899 936 1983 igitur
956 1907 1083 1962 nonest
1100 1918 1147 1983 ip-

70 1999 111 2043 sa
133 1981 328 2063 temperatio
348 1982 508 2064 corporis;
531 2002 625 2047 secus
646 1979 732 2045 idem
754 1980 888 2047 effectus
909 1979 1006 2045 simul
1032 1979 1073 2043 ab
1095 2000 1147 2043 ea-

72 2060 150 2124 dem
172 2081 269 2125 cansa
290 2064 446 2136 oriretur,
468 2074 565 2147 atque
587 2060 810 2126 destrueretur
821 2062 846 2125 ⁴.

117 2141 187 2206 135.
210 2143 325 2227 Neque
346 2152 396 2207 est
416 2143 678 2219 harmonia,‘seu
699 2142 770 2227 ipsa
791 2141 982 2228 compositio
1002 2142 1146 2239 partium

73 2223 246 2308 corporis,
270 2225 318 2289 vei
341 2224 449 2301 ratio,
472 2245 536 2309 qua
559 2234 667 2310 pantes
699 2224 845 2307 corporis
871 2242 982 2288 secum
1004 2223 1146 2289 invicem

73 2314 320 2371 connectuntur.
345 2305 473 2370 Etenim
507 2306 540 2370 in
572 2304 711 2370 diversis
733 2303 880 2390 partibus
901 2304 1051 2390 corporis
1071 2312 1146 2368 sunt

73 2384 224 2481 diversae
245 2386 492 2482 compositionis
513 2389 667 2462 rationes;
690 2406 727 2450 sc
748 2383 885 2472 proinde
902 2388 929 2451 si
945 2387 979 2450 in
994 2386 1053 2481 hac
1074 2404 1146 2449 cor-

49 2486 167 2551 ·poris
188 2479 328 2554 partium
355 2468 589 2551 compositione
621 2470 728 2533 anima
760 2468 970 2543 consisteret,
998 2466 1145 2552 singulae

73 2557 184 2633 partes
204 2550 350 2632 corporis
372 2548 529 2614 haberent
559 2548 705 2633 singulas
733 2550 878 2625 animas,
902 2568 1018 2633 nempe
1046 2549 1145 2613 stiam

72 2628 220 2694 unimam
233 2629 367 2695 haberet
387 2649 435 2707 os,
450 2630 549 2695 aliam
564 2652 652 2708 caro,
668 2629 765 2695 ulium
785 2650 917 2707 nervus,
933 2639 1045 2712 utpote
1060 2649 1145 2713 quae

72 2710 252 2775 secundum
273 2710 433 2777 diversam
461 2713 707 2797 proportionem
728 2722 804 2778 suut
828 2712 1019 2798 composita.
1043 2712 1145 2797 Atqui

73 2790 138 2857 hoc
158 2791 330 2858 manifeste
351 2792 471 2857 falsum
492 2803 552 2859 est.
576 2796 664 2879 Ergo
679 2795 702 2857 ⁵.

118 2872 187 2938 tuo.
208 2872 371 2938 Adversus
384 2875 655 2941 materiatismum
670 2874 876 2962 dynamicum
890 2872 1079 2941 observasse
1095 2874 1146 2939 iu-

72 2955 172 3029 verit,
192 2954 292 3039 quod,
315 2958 377 3019 etsi
399 2967 585 3052 portentum
608 2955 690 3022 ittud
712 2965 906 3030 assumatur,
922 2956 1074 3021 materiae
1096 2975 1147 3019 es-

73 3035 214 3099 sentiam
236 3036 270 3099 in
292 3036 323 3100 vi
346 3047 452 3102 activa
483 3036 626 3123 quadam
659 3038 796 3121 positam
821 3056 913 3112 esse;
936 3037 1015 3102 haec
1037 3048 1144 3101 tamen

74 3116 222 3181 actiones
244 3116 328 3193 ittae,
342 3137 427 3201 quae
443 3118 556 3185 vitales
568 3117 736 3195 dicuntur,
752 3139 929 3204 numquam
948 3120 1074 3183 edicere
1091 3138 1146 3203 po-

75 3205 160 3261 test:
184 3194 217 3262 1⁰
238 3198 318 3282 quia
339 3221 357 3259 ii
379 3199 514 3265 enectus
535 3199 656 3285 aliquis
678 3220 741 3265 ιιοιι
762 3200 874 3265 subest
899 3199 1063 3287 potentiae
1086 3198 1146 3262 ali-

74 3276 366 3364 emungendo...
389 3300 449 3367 per
468 3281 541 3357 hoc,
562 3280 650 3368 quod
673 3302 735 3345 nun
757 3280 855 3350 habet
873 3299 947 3347 cum
962 3291 1076 3367 ugente
1098 3278 1146 3345 ai·

450 3434 778 3459 -u—-u-—q-

115 3527 124 3563 ⁸
144 3520 181 3577 Ct
196 3524 319 3580 cosmot..
339 3538 366 3575 e.
386 3521 421 3584 V,
440 3538 467 3576 a.
488 3525 516 3583 3.
535 3538 563 3588 p.
585 3522 716 3576 ist-tas.

112 3597 126 3635 2
146 3593 166 3654 1,
185 3610 214 3660 q.
233 3588 339 3654 LXXV,
359 3610 387 3648 a.
409 3598 420 3647 1
441 3610 468 3647 s.
481 3595 537 3634 -⁸
556 3597 644 3659 cont„
664 3597 712 3647 uu.
732 3592 767 3655 X,
787 3610 813 3648 c.
833 3596 861 3656 d,
882 3610 908 3649 n.
933 3598 975 3650 to.

114 3665 126 3708 ⁴
146 3668 234 3723 vostr.
255 3668 342 3730 Geor„
360 3668 408 3721 ni.
430 3666 463 3730 u,
483 3682 509 3720 o.
529 3667 576 3735 os,
589 3670 645 3708 -t
665 3668 743 3739 mit,
762 3682 788 3721 c.
809 3668 854 3722 ut.
