<?xml version="1.0" encoding="UTF-8"?>
<!DOCTYPE html PUBLIC "-//W3C//DTD XHTML 1.0 Transitional//EN"
    "http://www.w3.org/TR/xhtml1/DTD/xhtml1-transitional.dtd">
<html xmlns="http://www.w3.org/1999/xhtml" xml:lang="en" lang="en">
 <head>
  <title>
</title>
<meta http-equiv="Content-Type" content="text/html;charset=utf-8" />
  <meta name='ocr-system' content='tesseract 3.04.00' />
  <meta name='ocr-capabilities' content='ocr_page ocr_carea ocr_par ocr_line ocrx_word'/>
</head>
<body>
  <div class='ocr_page' id='page_1' title='image "./philosophiachri00sansgoog_0465.png"; bbox 0 0 2475 3909; ppageno 0'>
   <div class='ocr_carea' id='block_1_1' title="bbox 486 135 1082 211">
    <p class='ocr_par' dir='ltr' id='par_1_1' title="bbox 486 135 1082 211">
     <span class='ocr_line' id='line_1_1' title="bbox 486 135 1082 211; baseline -0.017 -1"><span class='ocrx_word' id='word_1_1' title='bbox 486 158 686 211; x_wconf 85' lang='lat' dir='ltr'><strong>cosuococia</strong></span> <span class='ocrx_word' id='word_1_2' title='bbox 1024 135 1082 206; x_wconf 79' lang='grc'><strong>167</strong></span> 
     </span>
    </p>
   </div>
   <div class='ocr_carea' id='block_1_2' title="bbox 54 243 1128 1956">
    <p class='ocr_par' dir='ltr' id='par_1_2' title="bbox 54 243 1128 1721">
     <span class='ocr_line' id='line_1_2' title="bbox 99 243 1125 326; baseline -0.009 -9"><span class='ocrx_word' id='word_1_3' title='bbox 99 247 172 317; x_wconf 80' lang='lat' dir='ltr'><strong>tut.</strong></span> <span class='ocrx_word' id='word_1_4' title='bbox 189 243 459 313; x_wconf 88' lang='lat' dir='ltr'><strong>Demonstrationi</strong></span> <span class='ocrx_word' id='word_1_5' title='bbox 481 247 624 313; x_wconf 76' lang='lat' dir='ltr'>directae</span> <span class='ocrx_word' id='word_1_6' title='bbox 647 245 837 311; x_wconf 75' lang='lat' dir='ltr'><strong>indirectam</strong></span> <span class='ocrx_word' id='word_1_7' title='bbox 850 290 858 321; x_wconf 94' lang='lat'><strong>,</strong></span> <span class='ocrx_word' id='word_1_8' title='bbox 873 261 956 326; x_wconf 92' lang='lat' dir='ltr'><strong>qnae</strong></span> <span class='ocrx_word' id='word_1_9' title='bbox 972 243 1125 308; x_wconf 87' lang='lat' dir='ltr'><strong>maiorem</strong></span> 
     </span>
     <span class='ocr_line' id='line_1_3' title="bbox 55 321 1126 418; baseline -0.009 -20"><span class='ocrx_word' id='word_1_10' title='bbox 55 332 328 418; x_wconf 75' lang='lat' dir='ltr'><strong>perspicuitatem</strong></span> <span class='ocrx_word' id='word_1_11' title='bbox 348 328 468 406; x_wconf 88' lang='lat' dir='ltr'><strong>hahet,</strong></span> <span class='ocrx_word' id='word_1_12' title='bbox 491 329 675 395; x_wconf 89' lang='lat' dir='ltr'><strong>adiicimus.</strong></span> <span class='ocrx_word' id='word_1_13' title='bbox 697 327 739 392; x_wconf 91' lang='lat' dir='ltr'><strong>Ut</strong></span> <span class='ocrx_word' id='word_1_14' title='bbox 764 324 857 408; x_wconf 78' lang='lat' dir='ltr'><strong>origo</strong></span> <span class='ocrx_word' id='word_1_15' title='bbox 879 321 990 388; x_wconf 89' lang='lat' dir='ltr'><strong>mundi</strong></span> <span class='ocrx_word' id='word_1_16' title='bbox 1023 325 1126 411; x_wconf 84' lang='lat' dir='ltr'><strong>expli·</strong></span> 
     </span>
     <span class='ocr_line' id='line_1_4' title="bbox 54 404 1126 500; baseline -0.009 -20"><span class='ocrx_word' id='word_1_17' title='bbox 54 427 166 490; x_wconf 84' lang='lat' dir='ltr'><strong>cetur,</strong></span> <span class='ocrx_word' id='word_1_18' title='bbox 186 413 243 478; x_wconf 88' lang='lat' dir='ltr'><strong>hae</strong></span> <span class='ocrx_word' id='word_1_19' title='bbox 257 413 447 500; x_wconf 73' lang='lat' dir='ltr'><strong>hypotheses</strong></span> <span class='ocrx_word' id='word_1_20' title='bbox 467 410 546 498; x_wconf 75' lang='lat' dir='ltr'><strong>tingi</strong></span> <span class='ocrx_word' id='word_1_21' title='bbox 561 421 704 499; x_wconf 87' lang='lat' dir='ltr'><strong>possunt.</strong></span> <span class='ocrx_word' id='word_1_22' title='bbox 718 409 802 476; x_wconf 85' lang='lat' dir='ltr'><strong>Nam</strong></span> <span class='ocrx_word' id='word_1_23' title='bbox 824 407 874 477; x_wconf 81' lang='lat' dir='ltr'><strong>rei</strong></span> <span class='ocrx_word' id='word_1_24' title='bbox 891 404 1029 471; x_wconf 89' lang='lat' dir='ltr'><strong>mundus</strong></span> <span class='ocrx_word' id='word_1_25' title='bbox 1043 427 1126 470; x_wconf 89' lang='lat' dir='ltr'><strong>sein·</strong></span> 
     </span>
     <span class='ocr_line' id='line_1_5' title="bbox 56 490 1125 584; baseline -0.007 -23"><span class='ocrx_word' id='word_1_26' title='bbox 56 518 120 584; x_wconf 89' lang='lat' dir='ltr'><strong>per</strong></span> <span class='ocrx_word' id='word_1_27' title='bbox 142 495 263 573; x_wconf 83' lang='lat' dir='ltr'><strong>extitit,</strong></span> <span class='ocrx_word' id='word_1_28' title='bbox 278 494 385 580; x_wconf 90' lang='lat' dir='ltr'><strong>qualis</strong></span> <span class='ocrx_word' id='word_1_29' title='bbox 406 516 490 560; x_wconf 92' lang='lat' dir='ltr'><strong>nnnc</strong></span> <span class='ocrx_word' id='word_1_30' title='bbox 511 504 569 571; x_wconf 89' lang='lat' dir='ltr'><strong>est,</strong></span> <span class='ocrx_word' id='word_1_31' title='bbox 590 515 650 559; x_wconf 92' lang='lat' dir='ltr'><strong>seu</strong></span> <span class='ocrx_word' id='word_1_32' title='bbox 669 505 719 560; x_wconf 90' lang='lat' dir='ltr'><strong>est</strong></span> <span class='ocrx_word' id='word_1_33' title='bbox 739 500 887 560; x_wconf 87' lang='lat' dir='ltr'><strong>aeternus</strong></span> <span class='ocrx_word' id='word_1_34' title='bbox 909 497 978 555; x_wconf 92' lang='lat' dir='ltr'><strong>tum</strong></span> <span class='ocrx_word' id='word_1_35' title='bbox 999 490 1125 554; x_wconf 87' lang='lat' dir='ltr'><strong>ratione</strong></span> 
     </span>
     <span class='ocr_line' id='line_1_6' title="bbox 55 574 1127 661; baseline -0.006 -19"><span class='ocrx_word' id='word_1_36' title='bbox 55 581 228 655; x_wconf 88' lang='lat' dir='ltr'><strong>materiae,</strong></span> <span class='ocrx_word' id='word_1_37' title='bbox 251 589 319 643; x_wconf 92' lang='lat' dir='ltr'><strong>tuni</strong></span> <span class='ocrx_word' id='word_1_38' title='bbox 346 579 471 644; x_wconf 86' lang='lat' dir='ltr'><strong>ratione</strong></span> <span class='ocrx_word' id='word_1_39' title='bbox 494 575 659 653; x_wconf 81' lang='lat' dir='ltr'><strong>sormae¹3</strong></span> <span class='ocrx_word' id='word_1_40' title='bbox 687 574 738 641; x_wconf 88' lang='lat' dir='ltr'><strong>vel</strong></span> <span class='ocrx_word' id='word_1_41' title='bbox 759 574 921 661; x_wconf 82' lang='lat' dir='ltr'><strong>ingenita,</strong></span> <span class='ocrx_word' id='word_1_42' title='bbox 943 580 976 636; x_wconf 94' lang='lat' dir='ltr'><strong>et</strong></span> <span class='ocrx_word' id='word_1_43' title='bbox 998 579 1127 636; x_wconf 86' lang='lat' dir='ltr'><strong>aeterna</strong></span> 
     </span>
     <span class='ocr_line' id='line_1_7' title="bbox 54 655 1126 738; baseline -0.007 -13"><span class='ocrx_word' id='word_1_44' title='bbox 54 672 110 725; x_wconf 83' lang='lat' dir='ltr'><strong>est</strong></span> <span class='ocrx_word' id='word_1_45' title='bbox 131 661 265 726; x_wconf 84' lang='lat' dir='ltr'><strong>materia</strong></span> <span class='ocrx_word' id='word_1_46' title='bbox 287 657 463 737; x_wconf 86' lang='lat' dir='ltr'><strong>informis,</strong></span> <span class='ocrx_word' id='word_1_47' title='bbox 489 671 522 726; x_wconf 91' lang='lat' dir='ltr'><strong>et</strong></span> <span class='ocrx_word' id='word_1_48' title='bbox 547 679 589 722; x_wconf 83' lang='lat' dir='ltr'><strong>cx</strong></span> <span class='ocrx_word' id='word_1_49' title='bbox 615 655 817 724; x_wconf 85' lang='lat' dir='ltr'><strong>eemundus</strong></span> <span class='ocrx_word' id='word_1_50' title='bbox 842 658 975 724; x_wconf 82' lang='lat' dir='ltr'><strong>eliectns</strong></span> <span class='ocrx_word' id='word_1_51' title='bbox 995 662 1043 717; x_wconf 88' lang='lat' dir='ltr'><strong>est</strong></span> <span class='ocrx_word' id='word_1_52' title='bbox 1068 674 1126 738; x_wconf 92' lang='lat' dir='ltr'><strong>per</strong></span> 
     </span>
     <span class='ocr_line' id='line_1_8' title="bbox 54 736 1123 828; baseline -0.005 -22"><span class='ocrx_word' id='word_1_53' title='bbox 54 743 231 819; x_wconf 84' lang='lat' dir='ltr'><strong>ordinem,</strong></span> <span class='ocrx_word' id='word_1_54' title='bbox 253 763 310 806; x_wconf 88' lang='lat' dir='ltr'><strong>seu</strong></span> <span class='ocrx_word' id='word_1_55' title='bbox 335 741 494 820; x_wconf 82' lang='lat' dir='ltr'><strong>formam,</strong></span> <span class='ocrx_word' id='word_1_56' title='bbox 518 763 615 828; x_wconf 89' lang='lat' dir='ltr'><strong>quem</strong></span> <span class='ocrx_word' id='word_1_57' title='bbox 637 741 725 807; x_wconf 85' lang='lat' dir='ltr'><strong>Deus</strong></span> <span class='ocrx_word' id='word_1_58' title='bbox 746 741 899 805; x_wconf 87' lang='lat' dir='ltr'><strong>materiae</strong></span> <span class='ocrx_word' id='word_1_59' title='bbox 921 736 955 800; x_wconf 90' lang='lat' dir='ltr'><strong>iii</strong></span> <span class='ocrx_word' id='word_1_60' title='bbox 977 745 1123 820; x_wconf 89' lang='lat' dir='ltr'><strong>tempore</strong></span> 
     </span>
     <span class='ocr_line' id='line_1_9' title="bbox 57 819 1127 908; baseline -0.006 -20"><span class='ocrx_word' id='word_1_61' title='bbox 57 824 198 908; x_wconf 81' lang='lat' dir='ltr'><strong>largitus</strong></span> <span class='ocrx_word' id='word_1_62' title='bbox 218 826 305 902; x_wconf 75' lang='lat' dir='ltr'><strong>est‘;</strong></span> <span class='ocrx_word' id='word_1_63' title='bbox 329 825 378 890; x_wconf 84' lang='lat' dir='ltr'><strong>iel</strong></span> <span class='ocrx_word' id='word_1_64' title='bbox 401 835 548 890; x_wconf 79' lang='lat' dir='ltr'><strong>aeternae</strong></span> <span class='ocrx_word' id='word_1_65' title='bbox 569 833 645 888; x_wconf 91' lang='lat' dir='ltr'><strong>sunt</strong></span> <span class='ocrx_word' id='word_1_66' title='bbox 671 827 767 887; x_wconf 91' lang='lat' dir='ltr'><strong>atomi</strong></span> <span class='ocrx_word' id='word_1_67' title='bbox 786 868 794 898; x_wconf 95' lang='lat'><strong>,</strong></span> <span class='ocrx_word' id='word_1_68' title='bbox 816 832 911 888; x_wconf 84' lang='lat' dir='ltr'><strong>etex</strong></span> <span class='ocrx_word' id='word_1_69' title='bbox 933 819 975 883; x_wconf 90' lang='lat' dir='ltr'><strong>iis</strong></span> <span class='ocrx_word' id='word_1_70' title='bbox 996 836 1055 901; x_wconf 89' lang='lat' dir='ltr'><strong>per</strong></span> <span class='ocrx_word' id='word_1_71' title='bbox 1077 819 1127 882; x_wconf 93' lang='lat' dir='ltr'><strong>iii·</strong></span> 
     </span>
     <span class='ocr_line' id='line_1_10' title="bbox 56 897 1127 994; baseline -0.005 -24"><span class='ocrx_word' id='word_1_72' title='bbox 56 906 189 972; x_wconf 87' lang='lat' dir='ltr'><strong>finitum</strong></span> <span class='ocrx_word' id='word_1_73' title='bbox 213 907 307 972; x_wconf 87' lang='lat' dir='ltr'><strong>inane</strong></span> <span class='ocrx_word' id='word_1_74' title='bbox 333 905 550 994; x_wconf 79' lang='lat' dir='ltr'><strong>vagantibus,</strong></span> <span class='ocrx_word' id='word_1_75' title='bbox 573 916 671 992; x_wconf 90' lang='lat' dir='ltr'><strong>atquc</strong></span> <span class='ocrx_word' id='word_1_76' title='bbox 694 904 728 969; x_wconf 94' lang='lat' dir='ltr'><strong>in</strong></span> <span class='ocrx_word' id='word_1_77' title='bbox 748 903 892 970; x_wconf 86' lang='lat' dir='ltr'><strong>diversae</strong></span> <span class='ocrx_word' id='word_1_78' title='bbox 912 897 1127 968; x_wconf 89' lang='lat' dir='ltr'><strong>combinatio-</strong></span> 
     </span>
     <span class='ocr_line' id='line_1_11' title="bbox 56 986 1124 1083; baseline -0.003 -31"><span class='ocrx_word' id='word_1_79' title='bbox 56 1009 119 1053; x_wconf 87' lang='lat' dir='ltr'><strong>nes</strong></span> <span class='ocrx_word' id='word_1_80' title='bbox 140 997 260 1054; x_wconf 87' lang='lat' dir='ltr'><strong>temere</strong></span> <span class='ocrx_word' id='word_1_81' title='bbox 281 988 552 1068; x_wconf 82' lang='lat' dir='ltr'><strong>coalescentibus,</strong></span> <span class='ocrx_word' id='word_1_82' title='bbox 568 986 721 1064; x_wconf 90' lang='lat' dir='ltr'><strong>mundns,</strong></span> <span class='ocrx_word' id='word_1_83' title='bbox 736 1006 833 1083; x_wconf 82' lang='lat' dir='ltr'><strong>quein</strong></span> <span class='ocrx_word' id='word_1_84' title='bbox 854 986 1016 1080; x_wconf 70' lang='lat' dir='ltr'><strong>videmus,</strong></span> <span class='ocrx_word' id='word_1_85' title='bbox 1031 990 1124 1048; x_wconf 91' lang='lat' dir='ltr'><strong>ortus</strong></span> 
     </span>
     <span class='ocr_line' id='line_1_12' title="bbox 57 1062 1128 1146; baseline -0.006 -11"><span class='ocrx_word' id='word_1_86' title='bbox 57 1081 110 1135; x_wconf 84' lang='lat' dir='ltr'><strong>est</strong></span> <span class='ocrx_word' id='word_1_87' title='bbox 129 1071 153 1146; x_wconf 69' lang='grc'><strong>8;</strong></span> <span class='ocrx_word' id='word_1_88' title='bbox 166 1071 216 1136; x_wconf 90' lang='lat' dir='ltr'><strong>iel</strong></span> <span class='ocrx_word' id='word_1_89' title='bbox 240 1070 377 1137; x_wconf 89' lang='lat' dir='ltr'><strong>mundus</strong></span> <span class='ocrx_word' id='word_1_90' title='bbox 399 1073 531 1137; x_wconf 90' lang='lat' dir='ltr'><strong>omnino</strong></span> <span class='ocrx_word' id='word_1_91' title='bbox 552 1081 600 1138; x_wconf 90' lang='lat' dir='ltr'><strong>est</strong></span> <span class='ocrx_word' id='word_1_92' title='bbox 619 1081 802 1146; x_wconf 78' lang='lat' dir='ltr'><strong>emanatio,</strong></span> <span class='ocrx_word' id='word_1_93' title='bbox 817 1077 874 1134; x_wconf 90' lang='lat' dir='ltr'><strong>aut</strong></span> <span class='ocrx_word' id='word_1_94' title='bbox 886 1067 1030 1133; x_wconf 77' lang='lat' dir='ltr'><strong>evolutio</strong></span> <span class='ocrx_word' id='word_1_95' title='bbox 1052 1062 1128 1129; x_wconf 90' lang='lat' dir='ltr'><strong>sub-</strong></span> 
     </span>
     <span class='ocr_line' id='line_1_13' title="bbox 61 1148 1127 1241; baseline -0.003 -25"><span class='ocrx_word' id='word_1_96' title='bbox 61 1153 199 1218; x_wconf 88' lang='lat' dir='ltr'><strong>stantiae</strong></span> <span class='ocrx_word' id='word_1_97' title='bbox 219 1152 366 1230; x_wconf 79' lang='lat' dir='ltr'><strong>Divinae,</strong></span> <span class='ocrx_word' id='word_1_98' title='bbox 383 1155 428 1220; x_wconf 88' lang='lat' dir='ltr'><strong>ita</strong></span> <span class='ocrx_word' id='word_1_99' title='bbox 450 1165 489 1221; x_wconf 89' lang='lat' dir='ltr'><strong>ut</strong></span> <span class='ocrx_word' id='word_1_100' title='bbox 509 1152 550 1220; x_wconf 90' lang='lat' dir='ltr'><strong>ah</strong></span> <span class='ocrx_word' id='word_1_101' title='bbox 572 1155 644 1241; x_wconf 90' lang='lat' dir='ltr'><strong>ipso</strong></span> <span class='ocrx_word' id='word_1_102' title='bbox 666 1149 733 1216; x_wconf 85' lang='lat' dir='ltr'><strong>Deo</strong></span> <span class='ocrx_word' id='word_1_103' title='bbox 754 1171 818 1216; x_wconf 92' lang='lat' dir='ltr'><strong>nou</strong></span> <span class='ocrx_word' id='word_1_104' title='bbox 840 1148 1072 1235; x_wconf 84' lang='lat' dir='ltr'><strong>distinguatur,</strong></span> <span class='ocrx_word' id='word_1_105' title='bbox 1088 1167 1127 1213; x_wconf 93' lang='lat' dir='ltr'><strong>ac</strong></span> 
     </span>
     <span class='ocr_line' id='line_1_14' title="bbox 58 1226 1126 1321; baseline -0.005 -21"><span class='ocrx_word' id='word_1_106' title='bbox 58 1233 200 1321; x_wconf 90' lang='lat' dir='ltr'><strong>proinde</strong></span> <span class='ocrx_word' id='word_1_107' title='bbox 222 1235 275 1311; x_wconf 91' lang='lat' dir='ltr'><strong>sit,</strong></span> <span class='ocrx_word' id='word_1_108' title='bbox 290 1237 397 1320; x_wconf 85' lang='lat' dir='ltr'><strong>qualis</strong></span> <span class='ocrx_word' id='word_1_109' title='bbox 411 1235 499 1303; x_wconf 87' lang='lat' dir='ltr'><strong>Dens</strong></span> <span class='ocrx_word' id='word_1_110' title='bbox 520 1247 579 1313; x_wconf 88' lang='lat' dir='ltr'><strong>est,</strong></span> <span class='ocrx_word' id='word_1_111' title='bbox 595 1233 782 1309; x_wconf 76' lang='lat' dir='ltr'><strong>aeternus⁸3</strong></span> <span class='ocrx_word' id='word_1_112' title='bbox 797 1231 847 1296; x_wconf 88' lang='lat' dir='ltr'><strong>iel</strong></span> <span class='ocrx_word' id='word_1_113' title='bbox 869 1231 1041 1316; x_wconf 89' lang='lat' dir='ltr'><strong>deniquea</strong></span> <span class='ocrx_word' id='word_1_114' title='bbox 1058 1226 1126 1295; x_wconf 83' lang='lat' dir='ltr'><strong>Deo</strong></span> 
     </span>
     <span class='ocr_line' id='line_1_15' title="bbox 57 1309 1125 1399; baseline -0.009 -18"><span class='ocrx_word' id='word_1_115' title='bbox 57 1337 80 1381; x_wconf 86' lang='lat' dir='ltr'><strong>e</strong></span> <span class='ocrx_word' id='word_1_116' title='bbox 103 1316 206 1383; x_wconf 83' lang='lat' dir='ltr'><strong>nihilo</strong></span> <span class='ocrx_word' id='word_1_117' title='bbox 228 1316 392 1396; x_wconf 91' lang='lat' dir='ltr'><strong>eductus,</strong></span> <span class='ocrx_word' id='word_1_118' title='bbox 418 1339 475 1384; x_wconf 87' lang='lat' dir='ltr'><strong>seu</strong></span> <span class='ocrx_word' id='word_1_119' title='bbox 497 1330 624 1385; x_wconf 90' lang='lat' dir='ltr'><strong>creatus</strong></span> <span class='ocrx_word' id='word_1_120' title='bbox 645 1315 734 1392; x_wconf 87' lang='lat' dir='ltr'><strong>luit,</strong></span> <span class='ocrx_word' id='word_1_121' title='bbox 755 1312 798 1378; x_wconf 93' lang='lat' dir='ltr'><strong>ab</strong></span> <span class='ocrx_word' id='word_1_122' title='bbox 820 1334 924 1399; x_wconf 91' lang='lat' dir='ltr'><strong>eoque</strong></span> <span class='ocrx_word' id='word_1_123' title='bbox 950 1309 1125 1387; x_wconf 87' lang='lat' dir='ltr'><strong>ordinem,</strong></span> 
     </span>
     <span class='ocr_line' id='line_1_16' title="bbox 57 1390 1126 1486; baseline -0.006 -22"><span class='ocrx_word' id='word_1_124' title='bbox 57 1419 162 1484; x_wconf 89' lang='lat' dir='ltr'><strong>quem</strong></span> <span class='ocrx_word' id='word_1_125' title='bbox 192 1419 270 1486; x_wconf 86' lang='lat' dir='ltr'><strong>prae</strong></span> <span class='ocrx_word' id='word_1_126' title='bbox 297 1399 444 1477; x_wconf 84' lang='lat' dir='ltr'><strong>ecfert,</strong></span> <span class='ocrx_word' id='word_1_127' title='bbox 466 1402 603 1486; x_wconf 90' lang='lat' dir='ltr'><strong>accepit.</strong></span> <span class='ocrx_word' id='word_1_128' title='bbox 626 1399 726 1483; x_wconf 76' lang='lat' dir='ltr'><strong>Atqui</strong></span> <span class='ocrx_word' id='word_1_129' title='bbox 754 1417 797 1461; x_wconf 81' lang='lat' dir='ltr'><strong>ex</strong></span> <span class='ocrx_word' id='word_1_130' title='bbox 822 1395 874 1460; x_wconf 89' lang='lat' dir='ltr'><strong>his</strong></span> <span class='ocrx_word' id='word_1_131' title='bbox 894 1390 1126 1483; x_wconf 72' lang='lat' dir='ltr'><strong>hypothesibus</strong></span> 
     </span>
     <span class='ocr_line' id='line_1_17' title="bbox 57 1474 1127 1577; baseline -0.008 -31"><span class='ocrx_word' id='word_1_132' title='bbox 57 1491 205 1565; x_wconf 90' lang='lat' dir='ltr'><strong>quatuor</strong></span> <span class='ocrx_word' id='word_1_133' title='bbox 225 1480 349 1577; x_wconf 87' lang='lat' dir='ltr'><strong>priores</strong></span> <span class='ocrx_word' id='word_1_134' title='bbox 370 1493 444 1548; x_wconf 91' lang='lat' dir='ltr'><strong>snut</strong></span> <span class='ocrx_word' id='word_1_135' title='bbox 465 1480 636 1548; x_wconf 86' lang='lat' dir='ltr'><strong>absurdae.</strong></span> <span class='ocrx_word' id='word_1_136' title='bbox 649 1482 750 1566; x_wconf 76' lang='lat' dir='ltr'><strong>Ergo,</strong></span> <span class='ocrx_word' id='word_1_137' title='bbox 765 1475 942 1544; x_wconf 91' lang='lat' dir='ltr'><strong>secundum</strong></span> <span class='ocrx_word' id='word_1_138' title='bbox 964 1476 1051 1560; x_wconf 79' lang='lat' dir='ltr'><strong>leges</strong></span> <span class='ocrx_word' id='word_1_139' title='bbox 1065 1474 1127 1572; x_wconf 72' lang='lat'><strong>⁵5¹:</strong></span> 
     </span>
     <span class='ocr_line' id='line_1_18' title="bbox 58 1554 1124 1650; baseline -0.005 -23"><span class='ocrx_word' id='word_1_140' title='bbox 58 1563 193 1648; x_wconf 81' lang='lat' dir='ltr'><strong>logismi</strong></span> <span class='ocrx_word' id='word_1_141' title='bbox 208 1561 376 1643; x_wconf 91' lang='lat' dir='ltr'><strong>disiuncti,</strong></span> <span class='ocrx_word' id='word_1_142' title='bbox 392 1573 503 1644; x_wconf 86' lang='lat' dir='ltr'><strong>restat,</strong></span> <span class='ocrx_word' id='word_1_143' title='bbox 515 1574 553 1632; x_wconf 89' lang='lat' dir='ltr'><strong>ut</strong></span> <span class='ocrx_word' id='word_1_144' title='bbox 566 1565 691 1650; x_wconf 90' lang='lat' dir='ltr'><strong>quinta,</strong></span> <span class='ocrx_word' id='word_1_145' title='bbox 703 1581 786 1647; x_wconf 92' lang='lat' dir='ltr'><strong>quae</strong></span> <span class='ocrx_word' id='word_1_146' title='bbox 801 1558 998 1626; x_wconf 85' lang='lat' dir='ltr'><strong>creationem</strong></span> <span class='ocrx_word' id='word_1_147' title='bbox 1013 1554 1124 1622; x_wconf 91' lang='lat' dir='ltr'><strong>mundi</strong></span> 
     </span>
     <span class='ocr_line' id='line_1_19' title="bbox 60 1644 361 1721; baseline 0.007 -13"><span class='ocrx_word' id='word_1_148' title='bbox 60 1645 188 1721; x_wconf 82' lang='lat' dir='ltr'><strong>statuit,</strong></span> <span class='ocrx_word' id='word_1_149' title='bbox 210 1644 254 1708; x_wconf 88' lang='lat' dir='ltr'><strong>sit</strong></span> <span class='ocrx_word' id='word_1_150' title='bbox 271 1665 361 1710; x_wconf 76' lang='lat' dir='ltr'><strong>vera.</strong></span> 
     </span>
    </p>

    <p class='ocr_par' dir='ltr' id='par_1_3' title="bbox 61 1718 1127 1956">
     <span class='ocr_line' id='line_1_20' title="bbox 102 1718 1127 1812; baseline -0.01 -20"><span class='ocrx_word' id='word_1_151' title='bbox 102 1727 173 1792; x_wconf 80' lang='lat'><strong>165.</strong></span> <span class='ocrx_word' id='word_1_152' title='bbox 198 1727 311 1792; x_wconf 75' lang='lat' dir='ltr'><strong>Mitior</strong></span> <span class='ocrx_word' id='word_1_153' title='bbox 332 1726 524 1812; x_wconf 88' lang='lat' dir='ltr'><strong>probatione</strong></span> <span class='ocrx_word' id='word_1_154' title='bbox 545 1735 630 1812; x_wconf 78' lang='lat' dir='ltr'><strong>eget.</strong></span> <span class='ocrx_word' id='word_1_155' title='bbox 653 1727 690 1791; x_wconf 95' lang='lat' dir='ltr'><strong>ln</strong></span> <span class='ocrx_word' id='word_1_156' title='bbox 705 1725 776 1800; x_wconf 90' lang='lat' dir='ltr'><strong>hac,</strong></span> <span class='ocrx_word' id='word_1_157' title='bbox 798 1723 1051 1806; x_wconf 83' lang='lat' dir='ltr'><strong>relicta,qnarta</strong></span> <span class='ocrx_word' id='word_1_158' title='bbox 1072 1718 1127 1807; x_wconf 92' lang='lat' dir='ltr'><strong>hy·</strong></span> 
     </span>
     <span class='ocr_line' id='line_1_21' title="bbox 61 1802 1125 1893; baseline -0.008 -21"><span class='ocrx_word' id='word_1_159' title='bbox 61 1808 201 1893; x_wconf 88' lang='lat' dir='ltr'><strong>pothesi,</strong></span> <span class='ocrx_word' id='word_1_160' title='bbox 225 1808 350 1892; x_wconf 88' lang='lat' dir='ltr'><strong>deque</strong></span> <span class='ocrx_word' id='word_1_161' title='bbox 372 1810 406 1874; x_wconf 93' lang='lat' dir='ltr'><strong>in</strong></span> <span class='ocrx_word' id='word_1_162' title='bbox 421 1807 603 1874; x_wconf 86' lang='lat' dir='ltr'><strong>Theodicea</strong></span> <span class='ocrx_word' id='word_1_163' title='bbox 624 1807 834 1883; x_wconf 88' lang='lat' dir='ltr'><strong>disseremus,</strong></span> <span class='ocrx_word' id='word_1_164' title='bbox 856 1804 956 1870; x_wconf 90' lang='lat' dir='ltr'><strong>trium</strong></span> <span class='ocrx_word' id='word_1_165' title='bbox 978 1802 1125 1890; x_wconf 84' lang='lat' dir='ltr'><strong>priorum</strong></span> 
     </span>
     <span class='ocr_line' id='line_1_22' title="bbox 61 1889 697 1956; baseline -0.002 -2"><span class='ocrx_word' id='word_1_166' title='bbox 61 1889 231 1955; x_wconf 82' lang='lat' dir='ltr'><strong>dumtaxat</strong></span> <span class='ocrx_word' id='word_1_167' title='bbox 251 1891 335 1955; x_wconf 88' lang='lat' dir='ltr'><strong>ratio</strong></span> <span class='ocrx_word' id='word_1_168' title='bbox 354 1890 501 1956; x_wconf 83' lang='lat' dir='ltr'><strong>habenda</strong></span> <span class='ocrx_word' id='word_1_169' title='bbox 523 1889 617 1956; x_wconf 93' lang='lat' dir='ltr'><strong>nohis</strong></span> <span class='ocrx_word' id='word_1_170' title='bbox 638 1899 697 1954; x_wconf 90' lang='lat' dir='ltr'><strong>est.</strong></span> 
     </span>
    </p>
   </div>
   <div class='ocr_carea' id='block_1_3' title="bbox 63 1965 1126 2139">
    <p class='ocr_par' dir='ltr' id='par_1_4' title="bbox 63 1965 1126 2139">
     <span class='ocr_line' id='line_1_23' title="bbox 103 1965 1126 2058; baseline -0.007 -23"><span class='ocrx_word' id='word_1_171' title='bbox 103 1971 171 2035; x_wconf 90' lang='lat' dir='ltr'><strong>lam</strong></span> <span class='ocrx_word' id='word_1_172' title='bbox 194 1970 393 2039; x_wconf 89' lang='lat' dir='ltr'><strong>abnormitas</strong></span> <span class='ocrx_word' id='word_1_173' title='bbox 414 1973 553 2058; x_wconf 87' lang='lat' dir='ltr'><strong>primae,</strong></span> <span class='ocrx_word' id='word_1_174' title='bbox 573 1981 607 2037; x_wconf 89' lang='lat' dir='ltr'><strong>et</strong></span> <span class='ocrx_word' id='word_1_175' title='bbox 619 1966 777 2035; x_wconf 89' lang='lat' dir='ltr'><strong>secundae</strong></span> <span class='ocrx_word' id='word_1_176' title='bbox 790 1966 975 2057; x_wconf 72' lang='lat' dir='ltr'><strong>hypothesis</strong></span> <span class='ocrx_word' id='word_1_177' title='bbox 994 1965 1054 2031; x_wconf 91' lang='lat' dir='ltr'><strong>hoc</strong></span> <span class='ocrx_word' id='word_1_178' title='bbox 1075 1985 1126 2028; x_wconf 89' lang='lat' dir='ltr'><strong>ar-</strong></span> 
     </span>
     <span class='ocr_line' id='line_1_24' title="bbox 63 2047 1126 2139; baseline -0.006 -21"><span class='ocrx_word' id='word_1_179' title='bbox 63 2063 219 2139; x_wconf 77' lang='lat' dir='ltr'><strong>gumento</strong></span> <span class='ocrx_word' id='word_1_180' title='bbox 241 2054 416 2120; x_wconf 86' lang='lat' dir='ltr'><strong>evincitur.</strong></span> <span class='ocrx_word' id='word_1_181' title='bbox 439 2055 473 2122; x_wconf 89' lang='lat' dir='ltr'><strong>Si</strong></span> <span class='ocrx_word' id='word_1_182' title='bbox 497 2054 644 2132; x_wconf 89' lang='lat' dir='ltr'><strong>materia,</strong></span> <span class='ocrx_word' id='word_1_183' title='bbox 665 2071 872 2138; x_wconf 89' lang='lat' dir='ltr'><strong>quocumque</strong></span> <span class='ocrx_word' id='word_1_184' title='bbox 900 2047 998 2114; x_wconf 89' lang='lat' dir='ltr'><strong>modo</strong></span> <span class='ocrx_word' id='word_1_185' title='bbox 1019 2048 1126 2114; x_wconf 91' lang='lat' dir='ltr'><strong>conci-</strong></span> 
     </span>
    </p>
   </div>
   <div class='ocr_carea' id='block_1_4' title="bbox 62 2259 1128 3631">
    <p class='ocr_par' dir='ltr' id='par_1_5' title="bbox 62 2259 1125 2396">
     <span class='ocr_line' id='line_1_25' title="bbox 101 2259 1125 2328; baseline -0.001 -11"><span class='ocrx_word' id='word_1_186' title='bbox 101 2267 109 2302; x_wconf 89' lang='lat'>¹</span> <span class='ocrx_word' id='word_1_187' title='bbox 129 2263 291 2328; x_wconf 83' lang='lat' dir='ltr'><strong>Praecipuus</strong></span> <span class='ocrx_word' id='word_1_188' title='bbox 304 2269 398 2316; x_wconf 81' lang='lat' dir='ltr'><strong>auctor</strong></span> <span class='ocrx_word' id='word_1_189' title='bbox 411 2265 490 2315; x_wconf 89' lang='lat' dir='ltr'><strong>huius</strong></span> <span class='ocrx_word' id='word_1_190' title='bbox 503 2265 649 2316; x_wconf 88' lang='lat' dir='ltr'><strong>sententiae</strong></span> <span class='ocrx_word' id='word_1_191' title='bbox 668 2263 718 2315; x_wconf 83' lang='lat' dir='ltr'><strong>luit</strong></span> <span class='ocrx_word' id='word_1_192' title='bbox 730 2263 896 2316; x_wconf 77' lang='lat' dir='ltr'><strong>Aristoteles.</strong></span> <span class='ocrx_word' id='word_1_193' title='bbox 911 2259 946 2318; x_wconf 85' lang='lat' dir='ltr'><strong>ct</strong></span> <span class='ocrx_word' id='word_1_194' title='bbox 953 2261 1009 2317; x_wconf 88' lang='lat' dir='ltr'><strong>Jui.</strong></span> <span class='ocrx_word' id='word_1_195' title='bbox 1024 2262 1125 2322; x_wconf 83' lang='lat' dir='ltr'><strong>Simon,</strong></span> 
     </span>
     <span class='ocr_line' id='line_1_26' title="bbox 62 2337 538 2396; baseline -0.004 -6"><span class='ocrx_word' id='word_1_196' title='bbox 62 2341 95 2390; x_wconf 80' lang='lat' dir='ltr'><strong>de</strong></span> <span class='ocrx_word' id='word_1_197' title='bbox 114 2339 169 2389; x_wconf 85' lang='lat' dir='ltr'><strong>Dec</strong></span> <span class='ocrx_word' id='word_1_198' title='bbox 188 2337 344 2396; x_wconf 71' lang='lat' dir='ltr'><strong>Aristotelis,</strong></span> <span class='ocrx_word' id='word_1_199' title='bbox 366 2337 436 2389; x_wconf 83' lang='lat' dir='ltr'><strong>Paris</strong></span> <span class='ocrx_word' id='word_1_200' title='bbox 457 2337 538 2388; x_wconf 76' lang='lat' dir='ltr'><strong>tuae.</strong></span> 
     </span>
    </p>

    <p class='ocr_par' dir='ltr' id='par_1_6' title="bbox 63 2407 1124 2619">
     <span class='ocr_line' id='line_1_27' title="bbox 99 2407 1124 2475; baseline 0.002 -16"><span class='ocrx_word' id='word_1_201' title='bbox 99 2408 112 2445; x_wconf 78' lang='lat'>²</span> <span class='ocrx_word' id='word_1_202' title='bbox 131 2407 202 2460; x_wconf 84' lang='lat' dir='ltr'><strong>ilaec</strong></span> <span class='ocrx_word' id='word_1_203' title='bbox 221 2408 272 2459; x_wconf 84' lang='lat' dir='ltr'><strong>luit</strong></span> <span class='ocrx_word' id='word_1_204' title='bbox 291 2408 408 2462; x_wconf 74' lang='lat' dir='ltr'><strong>Platonis</strong></span> <span class='ocrx_word' id='word_1_205' title='bbox 433 2411 572 2468; x_wconf 87' lang='lat' dir='ltr'><strong>doctrina,</strong></span> <span class='ocrx_word' id='word_1_206' title='bbox 591 2409 625 2458; x_wconf 87' lang='lat' dir='ltr'><strong>de</strong></span> <span class='ocrx_word' id='word_1_207' title='bbox 643 2422 696 2473; x_wconf 88' lang='lat' dir='ltr'><strong>que</strong></span> <span class='ocrx_word' id='word_1_208' title='bbox 714 2408 808 2472; x_wconf 68' lang='lat' dir='ltr'><strong>dignus</strong></span> <span class='ocrx_word' id='word_1_209' title='bbox 825 2413 885 2469; x_wconf 91' lang='lat' dir='ltr'><strong>est,</strong></span> <span class='ocrx_word' id='word_1_210' title='bbox 905 2409 951 2475; x_wconf 89' lang='lat' dir='ltr'><strong>qui</strong></span> <span class='ocrx_word' id='word_1_211' title='bbox 969 2408 1073 2473; x_wconf 79' lang='lat' dir='ltr'><strong>ieqatur</strong></span> <span class='ocrx_word' id='word_1_212' title='bbox 1091 2409 1124 2461; x_wconf 88' lang='lat' dir='ltr'><strong>ii.</strong></span> 
     </span>
     <span class='ocr_line' id='line_1_28' title="bbox 64 2470 1122 2546; baseline 0.002 -14"><span class='ocrx_word' id='word_1_213' title='bbox 64 2479 173 2540; x_wconf 85' lang='lat' dir='ltr'><strong>hisrtin,</strong></span> <span class='ocrx_word' id='word_1_214' title='bbox 184 2470 278 2533; x_wconf 77' lang='lat' dir='ltr'><strong>ilmdes</strong></span> <span class='ocrx_word' id='word_1_215' title='bbox 291 2496 337 2532; x_wconf 86' lang='lat' dir='ltr'><strong>sui·</strong></span> <span class='ocrx_word' id='word_1_216' title='bbox 349 2483 374 2533; x_wconf 86' lang='lat' dir='ltr'><strong>le</strong></span> <span class='ocrx_word' id='word_1_217' title='bbox 387 2483 452 2532; x_wconf 75' lang='lat' dir='ltr'><strong>itm.</strong></span> <span class='ocrx_word' id='word_1_218' title='bbox 466 2487 533 2540; x_wconf 81' lang='lat' dir='ltr'><strong>etc..</strong></span> <span class='ocrx_word' id='word_1_219' title='bbox 548 2480 696 2546; x_wconf 78' lang='lat' dir='ltr'><strong>hrpum.,s</strong></span> <span class='ocrx_word' id='word_1_220' title='bbox 710 2481 736 2542; x_wconf 83' lang='lat'><strong>7,</strong></span> <span class='ocrx_word' id='word_1_221' title='bbox 756 2484 777 2531; x_wconf 91' lang='lat' dir='ltr'><strong>t.</strong></span> <span class='ocrx_word' id='word_1_222' title='bbox 792 2479 812 2542; x_wconf 92' lang='lat' dir='ltr'><strong>i,</strong></span> <span class='ocrx_word' id='word_1_223' title='bbox 825 2495 852 2532; x_wconf 92' lang='lat' dir='ltr'><strong>e.</strong></span> <span class='ocrx_word' id='word_1_224' title='bbox 863 2481 910 2541; x_wconf 76' lang='lat'><strong>2¹1,</strong></span> <span class='ocrx_word' id='word_1_225' title='bbox 923 2487 949 2532; x_wconf 91' lang='lat' dir='ltr'><strong>et</strong></span> <span class='ocrx_word' id='word_1_226' title='bbox 962 2487 1018 2533; x_wconf 87' lang='lat' dir='ltr'><strong>not.</strong></span> <span class='ocrx_word' id='word_1_227' title='bbox 1029 2479 1122 2538; x_wconf 75' lang='lat' dir='ltr'><strong>LXlV;</strong></span> 
     </span>
     <span class='ocr_line' id='line_1_29' title="bbox 63 2552 341 2619; baseline -0.007 -14"><span class='ocrx_word' id='word_1_228' title='bbox 63 2562 85 2605; x_wconf 93' lang='lat' dir='ltr'><strong>t.</strong></span> <span class='ocrx_word' id='word_1_229' title='bbox 107 2552 140 2614; x_wconf 93' lang='lat' dir='ltr'><strong>li,</strong></span> <span class='ocrx_word' id='word_1_230' title='bbox 161 2568 188 2617; x_wconf 89' lang='lat' dir='ltr'><strong>p.</strong></span> <span class='ocrx_word' id='word_1_231' title='bbox 213 2554 261 2604; x_wconf 79' lang='grc'><strong>179</strong></span> <span class='ocrx_word' id='word_1_232' title='bbox 281 2567 341 2619; x_wconf 86' lang='lat' dir='ltr'><strong>sqq.</strong></span> 
     </span>
    </p>

    <p class='ocr_par' dir='ltr' id='par_1_7' title="bbox 62 2621 1127 2752">
     <span class='ocr_line' id='line_1_30' title="bbox 99 2621 1127 2691; baseline 0.002 -15"><span class='ocrx_word' id='word_1_233' title='bbox 99 2625 112 2663; x_wconf 76' lang='lat'>³</span> <span class='ocrx_word' id='word_1_234' title='bbox 132 2623 170 2676; x_wconf 90' lang='lat' dir='ltr'><strong>its</strong></span> <span class='ocrx_word' id='word_1_235' title='bbox 190 2627 288 2690; x_wconf 86' lang='lat' dir='ltr'><strong>opinati</strong></span> <span class='ocrx_word' id='word_1_236' title='bbox 309 2626 383 2678; x_wconf 89' lang='lat' dir='ltr'><strong>luere</strong></span> <span class='ocrx_word' id='word_1_237' title='bbox 402 2621 571 2690; x_wconf 79' lang='lat' dir='ltr'><strong>Leucippus,</strong></span> <span class='ocrx_word' id='word_1_238' title='bbox 592 2623 778 2686; x_wconf 85' lang='lat' dir='ltr'><strong>Democritus,</strong></span> <span class='ocrx_word' id='word_1_239' title='bbox 797 2625 897 2691; x_wconf 85' lang='lat' dir='ltr'><strong>alitque</strong></span> <span class='ocrx_word' id='word_1_240' title='bbox 915 2631 1018 2678; x_wconf 76' lang='lat' dir='ltr'><strong>reures</strong></span> <span class='ocrx_word' id='word_1_241' title='bbox 1037 2626 1127 2678; x_wconf 79' lang='lat' dir='ltr'><strong>deien-</strong></span> 
     </span>
     <span class='ocr_line' id='line_1_31' title="bbox 62 2703 315 2752; baseline -0.008 0"><span class='ocrx_word' id='word_1_242' title='bbox 62 2710 137 2752; x_wconf 87' lang='lat' dir='ltr'><strong>sores</strong></span> <span class='ocrx_word' id='word_1_243' title='bbox 155 2703 315 2750; x_wconf 87' lang='lat' dir='ltr'><strong>atomorum.</strong></span> 
     </span>
    </p>

    <p class='ocr_par' dir='ltr' id='par_1_8' title="bbox 62 2766 1128 3631">
     <span class='ocr_line' id='line_1_32' title="bbox 100 2766 1125 2834; baseline 0.001 -13"><span class='ocrx_word' id='word_1_244' title='bbox 100 2769 111 2807; x_wconf 76' lang='lat'>⁴</span> <span class='ocrx_word' id='word_1_245' title='bbox 130 2768 203 2821; x_wconf 86' lang='lat' dir='ltr'><strong>ilaec</strong></span> <span class='ocrx_word' id='word_1_246' title='bbox 216 2773 334 2821; x_wconf 88' lang='lat' dir='ltr'><strong>omnium</strong></span> <span class='ocrx_word' id='word_1_247' title='bbox 347 2775 478 2828; x_wconf 79' lang='lat' dir='ltr'><strong>veterum,</strong></span> <span class='ocrx_word' id='word_1_248' title='bbox 494 2771 695 2834; x_wconf 82' lang='lat' dir='ltr'><strong>recentiumque</strong></span> <span class='ocrx_word' id='word_1_249' title='bbox 707 2766 920 2822; x_wconf 84' lang='lat' dir='ltr'><strong>Panthelstarum</strong></span> <span class='ocrx_word' id='word_1_250' title='bbox 932 2772 1062 2822; x_wconf 87' lang='lat' dir='ltr'><strong>sententia</strong></span> <span class='ocrx_word' id='word_1_251' title='bbox 1074 2779 1125 2824; x_wconf 89' lang='lat' dir='ltr'><strong>est.</strong></span> 
     </span>
     <span class='ocr_line' id='line_1_33' title="bbox 62 2839 1125 2908; baseline 0.001 -14"><span class='ocrx_word' id='word_1_252' title='bbox 62 2839 206 2906; x_wconf 85' lang='lat' dir='ltr'><strong>Opluicnes</strong></span> <span class='ocrx_word' id='word_1_253' title='bbox 224 2843 337 2893; x_wconf 86' lang='lat' dir='ltr'><strong>alioruin</strong></span> <span class='ocrx_word' id='word_1_254' title='bbox 357 2844 514 2901; x_wconf 88' lang='lat' dir='ltr'><strong>recentium,</strong></span> <span class='ocrx_word' id='word_1_255' title='bbox 533 2843 579 2907; x_wconf 89' lang='lat' dir='ltr'><strong>qci</strong></span> <span class='ocrx_word' id='word_1_256' title='bbox 599 2842 760 2893; x_wconf 83' lang='lat' dir='ltr'><strong>creationem</strong></span> <span class='ocrx_word' id='word_1_257' title='bbox 775 2841 941 2907; x_wconf 72' lang='lat' dir='ltr'><strong>impugnent,</strong></span> <span class='ocrx_word' id='word_1_258' title='bbox 955 2843 988 2895; x_wconf 92' lang='lat' dir='ltr'><strong>ad</strong></span> <span class='ocrx_word' id='word_1_259' title='bbox 1002 2845 1125 2908; x_wconf 87' lang='lat' dir='ltr'><strong>primam,</strong></span> 
     </span>
     <span class='ocr_line' id='line_1_34' title="bbox 62 2911 1127 2977; baseline 0.002 -12"><span class='ocrx_word' id='word_1_260' title='bbox 62 2920 91 2965; x_wconf 88' lang='lat' dir='ltr'><strong>et</strong></span> <span class='ocrx_word' id='word_1_261' title='bbox 110 2917 216 2966; x_wconf 86' lang='lat' dir='ltr'><strong>tertiam</strong></span> <span class='ocrx_word' id='word_1_262' title='bbox 237 2921 406 2966; x_wconf 85' lang='lat' dir='ltr'><strong>reiocsntur.</strong></span> <span class='ocrx_word' id='word_1_263' title='bbox 427 2911 533 2966; x_wconf 80' lang='lat' dir='ltr'><strong>Etenim</strong></span> <span class='ocrx_word' id='word_1_264' title='bbox 554 2915 601 2977; x_wconf 88' lang='lat' dir='ltr'><strong>ipsi</strong></span> <span class='ocrx_word' id='word_1_265' title='bbox 622 2928 683 2965; x_wconf 88' lang='lat' dir='ltr'><strong>enin</strong></span> <span class='ocrx_word' id='word_1_266' title='bbox 702 2914 861 2965; x_wconf 84' lang='lat' dir='ltr'><strong>etheismum</strong></span> <span class='ocrx_word' id='word_1_267' title='bbox 875 2916 916 2968; x_wconf 83' lang='lat' dir='ltr'><strong>vei</strong></span> <span class='ocrx_word' id='word_1_268' title='bbox 930 2916 1069 2968; x_wconf 75' lang='lat' dir='ltr'><strong>manifeste</strong></span> <span class='ocrx_word' id='word_1_269' title='bbox 1081 2917 1127 2967; x_wconf 89' lang='lat' dir='ltr'><strong>de-</strong></span> 
     </span>
     <span class='ocr_line' id='line_1_35' title="bbox 62 2986 1126 3053; baseline 0.003 -15"><span class='ocrx_word' id='word_1_270' title='bbox 62 2987 181 3045; x_wconf 80' lang='lat' dir='ltr'><strong>fendant,</strong></span> <span class='ocrx_word' id='word_1_271' title='bbox 201 2986 243 3039; x_wconf 84' lang='lat' dir='ltr'><strong>iel</strong></span> <span class='ocrx_word' id='word_1_272' title='bbox 262 2989 367 3039; x_wconf 77' lang='lat' dir='ltr'><strong>occidte</strong></span> <span class='ocrx_word' id='word_1_273' title='bbox 385 2989 518 3038; x_wconf 82' lang='lat' dir='ltr'><strong>insinuare</strong></span> <span class='ocrx_word' id='word_1_274' title='bbox 536 2986 704 3044; x_wconf 87' lang='lat' dir='ltr'><strong>adnitentur,</strong></span> <span class='ocrx_word' id='word_1_275' title='bbox 724 2986 869 3046; x_wconf 88' lang='lat' dir='ltr'><strong>muudum,</strong></span> <span class='ocrx_word' id='word_1_276' title='bbox 889 2987 931 3040; x_wconf 86' lang='lat' dir='ltr'><strong>rel</strong></span> <span class='ocrx_word' id='word_1_277' title='bbox 950 2989 1036 3053; x_wconf 88' lang='lat' dir='ltr'><strong>qualis</strong></span> <span class='ocrx_word' id='word_1_278' title='bbox 1054 3003 1126 3041; x_wconf 89' lang='lat' dir='ltr'><strong>nnuc</strong></span> 
     </span>
     <span class='ocr_line' id='line_1_36' title="bbox 63 3059 1128 3122; baseline 0.003 -12"><span class='ocrx_word' id='word_1_279' title='bbox 63 3065 125 3118; x_wconf 90' lang='lat' dir='ltr'><strong>cst,</strong></span> <span class='ocrx_word' id='word_1_280' title='bbox 145 3073 248 3122; x_wconf 85' lang='lat' dir='ltr'><strong>semper</strong></span> <span class='ocrx_word' id='word_1_281' title='bbox 265 3061 402 3120; x_wconf 79' lang='lat' dir='ltr'><strong>extitisse,</strong></span> <span class='ocrx_word' id='word_1_282' title='bbox 422 3059 464 3110; x_wconf 85' lang='lat' dir='ltr'><strong>iel</strong></span> <span class='ocrx_word' id='word_1_283' title='bbox 482 3071 514 3108; x_wconf 82' lang='lat' dir='ltr'><strong>es</strong></span> <span class='ocrx_word' id='word_1_284' title='bbox 533 3060 558 3109; x_wconf 89' lang='lat' dir='ltr'><strong>ii</strong></span> <span class='ocrx_word' id='word_1_285' title='bbox 578 3059 626 3122; x_wconf 87' lang='lat' dir='ltr'><strong>ipsi</strong></span> <span class='ocrx_word' id='word_1_286' title='bbox 647 3060 774 3110; x_wconf 87' lang='lat' dir='ltr'><strong>materiae</strong></span> <span class='ocrx_word' id='word_1_287' title='bbox 793 3059 869 3110; x_wconf 86' lang='lat' dir='ltr'><strong>insita</strong></span> <span class='ocrx_word' id='word_1_288' title='bbox 888 3061 1046 3120; x_wconf 77' lang='lat' dir='ltr'><strong>evolutum,</strong></span> <span class='ocrx_word' id='word_1_289' title='bbox 1066 3075 1128 3113; x_wconf 89' lang='lat' dir='ltr'><strong>seii·</strong></span> 
     </span>
     <span class='ocr_line' id='line_1_37' title="bbox 62 3129 1126 3196; baseline 0.004 -15"><span class='ocrx_word' id='word_1_290' title='bbox 62 3133 167 3196; x_wconf 83' lang='lat' dir='ltr'><strong>simque</strong></span> <span class='ocrx_word' id='word_1_291' title='bbox 185 3130 354 3182; x_wconf 74' lang='lat' dir='ltr'><strong>efformatum</strong></span> <span class='ocrx_word' id='word_1_292' title='bbox 372 3145 429 3182; x_wconf 88' lang='lat' dir='ltr'><strong>csse</strong></span> <span class='ocrx_word' id='word_1_293' title='bbox 447 3136 598 3182; x_wconf 84' lang='lat' dir='ltr'><strong>autumant.</strong></span> <span class='ocrx_word' id='word_1_294' title='bbox 619 3129 706 3182; x_wconf 80' lang='lat' dir='ltr'><strong>Prima</strong></span> <span class='ocrx_word' id='word_1_295' title='bbox 726 3130 822 3181; x_wconf 87' lang='lat' dir='ltr'><strong>hurum</strong></span> <span class='ocrx_word' id='word_1_296' title='bbox 840 3135 995 3196; x_wconf 87' lang='lat' dir='ltr'><strong>opinionum</strong></span> <span class='ocrx_word' id='word_1_297' title='bbox 1018 3132 1126 3185; x_wconf 79' lang='lat' dir='ltr'><strong>detensa</strong></span> 
     </span>
     <span class='ocr_line' id='line_1_38' title="bbox 63 3203 1125 3270; baseline 0.002 -14"><span class='ocrx_word' id='word_1_298' title='bbox 63 3205 116 3256; x_wconf 84' lang='lat' dir='ltr'><strong>luit</strong></span> <span class='ocrx_word' id='word_1_299' title='bbox 133 3218 149 3253; x_wconf 90' lang='lat' dir='ltr'><strong>a</strong></span> <span class='ocrx_word' id='word_1_300' title='bbox 169 3205 261 3255; x_wconf 89' lang='lat' dir='ltr'><strong>multis</strong></span> <span class='ocrx_word' id='word_1_301' title='bbox 282 3203 424 3255; x_wconf 87' lang='lat' dir='ltr'><strong>incredulis</strong></span> <span class='ocrx_word' id='word_1_302' title='bbox 441 3205 542 3254; x_wconf 88' lang='lat' dir='ltr'><strong>saeculi</strong></span> <span class='ocrx_word' id='word_1_303' title='bbox 561 3207 680 3266; x_wconf 86' lang='lat' dir='ltr'><strong>proxime</strong></span> <span class='ocrx_word' id='word_1_304' title='bbox 698 3205 791 3268; x_wconf 86' lang='lat' dir='ltr'><strong>elapsi.</strong></span> <span class='ocrx_word' id='word_1_305' title='bbox 809 3204 898 3256; x_wconf 78' lang='lat' dir='ltr'><strong>Altera</strong></span> <span class='ocrx_word' id='word_1_306' title='bbox 911 3206 987 3258; x_wconf 87' lang='lat' dir='ltr'><strong>iaide</strong></span> <span class='ocrx_word' id='word_1_307' title='bbox 1000 3207 1125 3270; x_wconf 80' lang='lat' dir='ltr'><strong>proliatos</strong></span> 
     </span>
     <span class='ocr_line' id='line_1_39' title="bbox 64 3271 1127 3341; baseline 0.001 -12"><span class='ocrx_word' id='word_1_308' title='bbox 64 3273 219 3333; x_wconf 78' lang='lat' dir='ltr'><strong>buchnero,</strong></span> <span class='ocrx_word' id='word_1_309' title='bbox 239 3276 350 3341; x_wconf 85' lang='lat' dir='ltr'><strong>aliisque</strong></span> <span class='ocrx_word' id='word_1_310' title='bbox 369 3276 549 3326; x_wconf 83' lang='lat' dir='ltr'><strong>materialistis</strong></span> <span class='ocrx_word' id='word_1_311' title='bbox 568 3271 735 3328; x_wconf 81' lang='lat' dir='ltr'><strong>Germanias.</strong></span> <span class='ocrx_word' id='word_1_312' title='bbox 757 3274 807 3340; x_wconf 88' lang='lat' dir='ltr'><strong>ipsi</strong></span> <span class='ocrx_word' id='word_1_313' title='bbox 826 3278 917 3337; x_wconf 88' lang='lat' dir='ltr'><strong>euim,</strong></span> <span class='ocrx_word' id='word_1_314' title='bbox 937 3291 999 3329; x_wconf 90' lang='lat' dir='ltr'><strong>eum</strong></span> <span class='ocrx_word' id='word_1_315' title='bbox 1018 3283 1127 3330; x_wconf 75' lang='lat' dir='ltr'><strong>teneam</strong></span> 
     </span>
     <span class='ocr_line' id='line_1_40' title="bbox 64 3347 1127 3416; baseline 0.004 -17"><span class='ocrx_word' id='word_1_316' title='bbox 64 3347 169 3399; x_wconf 89' lang='lat' dir='ltr'><strong>nullam</strong></span> <span class='ocrx_word' id='word_1_317' title='bbox 186 3349 267 3399; x_wconf 87' lang='lat' dir='ltr'><strong>atiani</strong></span> <span class='ocrx_word' id='word_1_318' title='bbox 287 3350 340 3400; x_wconf 86' lang='lat' dir='ltr'><strong>iim</strong></span> <span class='ocrx_word' id='word_1_319' title='bbox 359 3350 490 3404; x_wconf 81' lang='lat' dir='ltr'><strong>existere.</strong></span> <span class='ocrx_word' id='word_1_320' title='bbox 515 3361 596 3411; x_wconf 86' lang='lat' dir='ltr'><strong>quam</strong></span> <span class='ocrx_word' id='word_1_321' title='bbox 615 3360 685 3411; x_wconf 88' lang='lat' dir='ltr'><strong>quae</strong></span> <span class='ocrx_word' id='word_1_322' title='bbox 704 3349 831 3400; x_wconf 85' lang='lat' dir='ltr'><strong>materiae</strong></span> <span class='ocrx_word' id='word_1_323' title='bbox 849 3348 988 3408; x_wconf 82' lang='lat' dir='ltr'><strong>inhaeret,</strong></span> <span class='ocrx_word' id='word_1_324' title='bbox 1012 3363 1127 3416; x_wconf 73' lang='lat' dir='ltr'><strong>musque</strong></span> 
     </span>
     <span class='ocr_line' id='line_1_41' title="bbox 64 3419 1127 3488; baseline 0.005 -17"><span class='ocrx_word' id='word_1_325' title='bbox 64 3419 169 3471; x_wconf 89' lang='lat' dir='ltr'><strong>nonnisi</strong></span> <span class='ocrx_word' id='word_1_326' title='bbox 188 3419 215 3470; x_wconf 89' lang='lat' dir='ltr'><strong>in</strong></span> <span class='ocrx_word' id='word_1_327' title='bbox 234 3422 344 3472; x_wconf 87' lang='lat' dir='ltr'><strong>materis</strong></span> <span class='ocrx_word' id='word_1_328' title='bbox 362 3422 474 3472; x_wconf 81' lang='lat' dir='ltr'><strong>existere</strong></span> <span class='ocrx_word' id='word_1_329' title='bbox 493 3433 588 3484; x_wconf 84' lang='lat' dir='ltr'><strong>posse,</strong></span> <span class='ocrx_word' id='word_1_330' title='bbox 608 3420 669 3471; x_wconf 86' lang='lat' dir='ltr'><strong>inde</strong></span> <span class='ocrx_word' id='word_1_331' title='bbox 686 3421 816 3485; x_wconf 53' lang='lat' dir='ltr'><strong>colluunt</strong></span> <span class='ocrx_word' id='word_1_332' title='bbox 833 3421 962 3474; x_wconf 85' lang='lat' dir='ltr'><strong>mundum</strong></span> <span class='ocrx_word' id='word_1_333' title='bbox 981 3435 1015 3472; x_wconf 83' lang='lat' dir='ltr'><strong>ex</strong></span> <span class='ocrx_word' id='word_1_334' title='bbox 1032 3425 1058 3475; x_wconf 88' lang='lat' dir='ltr'><strong>ri</strong></span> <span class='ocrx_word' id='word_1_335' title='bbox 1077 3425 1127 3488; x_wconf 89' lang='lat' dir='ltr'><strong>ipsi</strong></span> 
     </span>
     <span class='ocr_line' id='line_1_42' title="bbox 65 3492 1126 3559; baseline 0.006 -16"><span class='ocrx_word' id='word_1_336' title='bbox 65 3492 192 3543; x_wconf 86' lang='lat' dir='ltr'><strong>materiae</strong></span> <span class='ocrx_word' id='word_1_337' title='bbox 213 3493 291 3544; x_wconf 85' lang='lat' dir='ltr'><strong>insita</strong></span> <span class='ocrx_word' id='word_1_338' title='bbox 316 3496 452 3544; x_wconf 79' lang='lat' dir='ltr'><strong>evolutum</strong></span> <span class='ocrx_word' id='word_1_339' title='bbox 468 3526 475 3551; x_wconf 91' lang='lat'><strong>,</strong></span> <span class='ocrx_word' id='word_1_340' title='bbox 495 3493 647 3557; x_wconf 85' lang='lat' dir='ltr'><strong>sensimque</strong></span> <span class='ocrx_word' id='word_1_341' title='bbox 664 3492 831 3544; x_wconf 76' lang='lat' dir='ltr'><strong>efformatum</strong></span> <span class='ocrx_word' id='word_1_342' title='bbox 850 3494 947 3555; x_wconf 83' lang='lat' dir='ltr'><strong>luisse,</strong></span> <span class='ocrx_word' id='word_1_343' title='bbox 965 3508 999 3546; x_wconf 90' lang='lat' dir='ltr'><strong>sc</strong></span> <span class='ocrx_word' id='word_1_344' title='bbox 1018 3497 1126 3559; x_wconf 90' lang='lat' dir='ltr'><strong>prolude</strong></span> 
     </span>
     <span class='ocr_line' id='line_1_43' title="bbox 66 3565 1127 3631; baseline 0.005 -14"><span class='ocrx_word' id='word_1_345' title='bbox 66 3567 202 3617; x_wconf 86' lang='lat' dir='ltr'><strong>notionem</strong></span> <span class='ocrx_word' id='word_1_346' title='bbox 220 3565 364 3617; x_wconf 85' lang='lat' dir='ltr'><strong>creationis</strong></span> <span class='ocrx_word' id='word_1_347' title='bbox 382 3577 439 3616; x_wconf 87' lang='lat' dir='ltr'><strong>esse</strong></span> <span class='ocrx_word' id='word_1_348' title='bbox 460 3579 567 3628; x_wconf 89' lang='lat' dir='ltr'><strong>prorsus</strong></span> <span class='ocrx_word' id='word_1_349' title='bbox 585 3565 746 3628; x_wconf 86' lang='lat' dir='ltr'><strong>absurdam,</strong></span> <span class='ocrx_word' id='word_1_350' title='bbox 770 3567 832 3631; x_wconf 90' lang='lat' dir='ltr'><strong>quia</strong></span> <span class='ocrx_word' id='word_1_351' title='bbox 851 3569 951 3618; x_wconf 87' lang='lat' dir='ltr'><strong>creatio</strong></span> <span class='ocrx_word' id='word_1_352' title='bbox 976 3569 1028 3619; x_wconf 85' lang='lat' dir='ltr'><strong>riui</strong></span> <span class='ocrx_word' id='word_1_353' title='bbox 1051 3576 1127 3622; x_wconf 80' lang='lat' dir='ltr'><strong>entia</strong></span> 
     </span>
    </p>
   </div>
   <div class='ocr_carea' id='block_1_5' title="bbox 64 3635 1011 3709">
    <p class='ocr_par' dir='ltr' id='par_1_9' title="bbox 64 3635 1011 3709">
     <span class='ocr_line' id='line_1_44' title="bbox 64 3635 1011 3709; baseline 0.002 -17"><span class='ocrx_word' id='word_1_354' title='bbox 64 3635 193 3692; x_wconf 81' lang='lat' dir='ltr'><strong>mundum</strong></span> <span class='ocrx_word' id='word_1_355' title='bbox 212 3637 336 3702; x_wconf 87' lang='lat' dir='ltr'><strong>positam,</strong></span> <span class='ocrx_word' id='word_1_356' title='bbox 355 3637 388 3688; x_wconf 90' lang='lat' dir='ltr'><strong>ali</strong></span> <span class='ocrx_word' id='word_1_357' title='bbox 407 3637 532 3703; x_wconf 88' lang='lat' dir='ltr'><strong>omnique</strong></span> <span class='ocrx_word' id='word_1_358' title='bbox 550 3639 663 3692; x_wconf 79' lang='lat' dir='ltr'><strong>materia</strong></span> <span class='ocrx_word' id='word_1_359' title='bbox 683 3640 832 3693; x_wconf 86' lang='lat' dir='ltr'><strong>seiunctam</strong></span> <span class='ocrx_word' id='word_1_360' title='bbox 850 3640 1011 3709; x_wconf 78' lang='lat' dir='ltr'><strong>expostulat.</strong></span> 
     </span>
    </p>
   </div>
   <div class='ocr_carea' id='block_1_6' title="bbox 0 0 1248 3909">
    <p class='ocr_par' dir='ltr' id='par_1_10' title="bbox 0 0 1248 3909">
     <span class='ocr_line' id='line_1_45' title="bbox 0 0 1248 3909; baseline 0 0"><span class='ocrx_word' id='word_1_361' title='bbox 0 0 1248 3909; x_wconf 95' lang='lat' dir='ltr'><strong> </strong></span> 
     </span>
    </p>
   </div>
  </div>
 </body>
</html>
