2475 3909
516 136 696 183 orrannum
1070 119 1111 185 59

128 214 196 282 157.
220 215 318 304 Prop.
341 214 388 281 2³.
418 216 577 302 Repugnat
624 218 809 284 unalitatem
837 220 1011 283 continuom
1029 266 1038 297 ,
1053 228 1151 305 prosu

84 296 120 361 iu
141 320 248 363 rernm
270 310 385 364 notura
406 312 462 377 est,
485 322 547 367 osae
569 241 727 387 indultum
747 303 783 367 ia
798 303 947 384 potentio.

127 378 295 447 Probatur.
319 381 486 467 Quidquid
509 384 543 449 in
565 406 674 449 rorum
693 393 807 447 natura
822 395 881 462 est,
898 382 1149 449 determinatum

83 482 145 525 osso
166 462 284 539 habet3
308 486 346 530 aa
370 464 503 549 proinde
524 468 689 550 quantitas
716 466 894 541 contiuua,
917 475 1016 551 prout
1043 466 1076 528 in
1098 486 1149 528 re·

83 563 158 606 rum
189 558 303 609 natura
326 559 395 625 est,
419 547 665 613 determinatam
691 545 829 611 formam
857 548 962 615 habet.
987 548 1085 631 Atqui
1111 546 1150 610 il-

84 624 154 701 lud,
176 627 263 711 quud
286 628 533 695 determinatam
556 630 696 695 turmam
721 628 828 705 habet,
852 632 886 694 in
910 631 1071 695 inlinitum
1094 650 1148 692 au-

84 708 154 790 geri
177 729 240 774 non
265 723 379 795 potest.
403 715 490 795 Ergo
513 714 677 797 quantitas
697 713 863 788 continua,
879 722 975 796 prout
988 712 1022 777 in
1037 731 1148 776 rerum

83 797 201 853 natura
223 804 282 870 est,
307 794 430 860 infinita
453 797 643 879 inpotentia
666 816 735 859 esse
757 796 872 877 nequit
887 796 909 859 ¹.

125 869 195 938 158.
229 874 325 959 Prop.
349 874 395 942 3³.
423 878 589 955 Quantitas
617 879 750 941 discreto
775 877 902 958 infinito
927 877 962 941 iu
983 876 1148 959 potentio,

83 971 252 1038 numquam
277 979 348 1023 uero
369 959 493 1043 infinito
512 971 584 1025 notu
605 981 665 1023 esse
681 968 791 1045 potest.

126 1035 284 1103 Probatur
306 1040 340 1103 1a
362 1062 447 1125 pars.
475 1042 617 1109 Cuilibet
639 1061 773 1105 numero
795 1038 911 1117 aliam,
933 1051 1028 1135 atque
1049 1039 1148 1103 aliam

83 1118 241 1183 unitatem
264 1122 332 1187 sine
354 1122 421 1186 ullo
449 1126 588 1190 termino
610 1124 724 1205 augeri
742 1141 833 1207 posse
851 1122 1073 1204 intelligimus.
1090 1122 1151 1185 Er-

84 1219 126 1283 go
149 1220 210 1264 non
233 1216 390 1290 repugnat
411 1208 623 1289 quantitatem
648 1206 820 1271 discretam
842 1224 910 1268 esse
935 1202 1092 1268 infinitam
1113 1204 1149 1266 in

106 1286 229 1347 olentia.

78 1303 104 1367 p
126 1364 193 1431 159.
219 1366 376 1431 Probatur
397 1367 431 1431 2²¹
456 1390 541 1453 pars.
566 1370 597 1435 Si
626 1388 782 1434 numerus
808 1377 880 1431 ortu
909 1364 1054 1429 infinitus
1075 1386 1148 1435 esse

84 1457 205 1529 posset,
229 1470 332 1532 neque
354 1448 518 1515 additione
541 1452 676 1518 unitatis
697 1451 814 1525 maior,
830 1469 934 1533 neque
956 1444 1149 1512 subtractio-

84 1548 125 1591 ue
146 1531 280 1595 unitatis
301 1530 410 1595 minor
432 1543 538 1619 posset
560 1532 643 1609 fieri;
664 1530 827 1616 siquidem
850 1533 883 1595 in
899 1530 968 1605 illu,
992 1528 1078 1625 quod
1101 1541 1150 1592 est

82 1620 157 1673 ootu
179 1610 354 1689 inlinitum,
377 1635 480 1699 nequo
503 1617 613 1698 mnqir,
630 1636 734 1700 neque
749 1614 855 1676 minus
870 1611 1008 1696 intelligi
1031 1621 1146 1696 potest.

81 1692 182 1775 Atqui
204 1692 370 1778 quaelibet
392 1698 515 1791 speeies
537 1698 666 1763 numeri
685 1719 743 1782 per
757 1693 987 1760 determinatas
1009 1694 1150 1757 unitates

83 1776 242 1851 variatur,
259 1784 291 1839 el
304 1774 340 1840 fir
355 1798 469 1854 maror,
493 1779 543 1843 vel
566 1781 684 1843 minor.
710 1780 797 1862 Ergo
811 1797 985 1841 numerum
1006 1782 1077 1838 ortu
1100 1776 1150 1837 in-

82 1852 211 1921 linitum
233 1876 302 1921 esse
325 1862 518 1945 repugnar².

368 1988 433 2037 dar.
451 1983 558 2039 ll.-·De
578 1972 869 2053 categoriarulationis

125 2093 195 2159 160.
219 2094 360 2170 Relati0,
384 2108 481 2182 prout
503 2098 667 2185 categoria
689 2106 749 2174 est,
765 2096 895 2162 denotat
908 2096 1002 2162 illum
1017 2092 1149 2163 modum

82 2174 223 2252 essendi,
247 2177 425 2243 seeundum
470 2202 541 2245 uem
564 2179 744 2245 substantia
768 2180 811 2244 ita
826 2188 1010 2265 comparata
1031 2189 1090 2257 est,
1113 2192 1150 2246 ut

83 2256 232 2322 ordinem
265 2259 304 2323 ad
339 2260 429 2325 aliud
447 2200 575 2329 lubeat.
599 2262 805 2409 Quapropter
835 2283 897 2325 esse
919 2262 1088 2327 relationis
1109 2262 1150 2328 ab

82 2361 144 2403 osse
165 2348 351 2407 ceterorum
373 2340 592 2410 accidentium
612 2345 648 2409 iu
669 2365 708 2411 eo
753 2344 852 2421 illert,
875 2342 962 2428 quod
981 2342 1061 2410 illud
1085 2364 1149 2409 unu

82 2420 190 2502 solum
212 2422 245 2485 in
267 2422 455 2503 substantia,
479 2428 567 2493 velut
589 2427 624 2493 iu
645 2426 804 2503 subiecto,
828 2426 924 2503 inest,
944 2426 1029 2490 sieut
1043 2438 1149 2492 cetera

82 2502 288 2581 accidentia,
310 2505 363 2569 sed
388 2506 487 2573 etiam
509 2510 617 2587 efficit,
641 2520 678 2575 ut
698 2508 888 2583 substantia,
912 2509 944 2572 in
966 2528 1031 2592 qua
1054 2509 1147 2585 inest,

82 2584 127 2649 ad
148 2584 235 2649 aliud
261 2585 423 2653 reseratur
438 2591 460 2652 ³.

126 2667 196 2733 161.
219 2670 270 2733 Ex
291 2670 351 2735 hoe
375 2670 568 2757 intelligitur
589 2694 654 2737 000
675 2673 773 2737 aliam
794 2670 936 2757 speciem
958 2671 1146 2749 relationis,

82 2749 151 2815 nisi
175 2771 256 2835 quae
277 2752 371 2818 realis
393 2756 537 2841 proprie,
559 2764 591 2821 et
611 2755 721 2821 stricte
744 2750 902 2831 dieitur‘,
924 2754 1007 2819 inter
1022 2764 1151 2839 catego-

82 2832 151 2897 rias
171 2834 362 2911 uumerari3
385 2858 458 2901 uam
481 2838 514 2902 in
536 2838 603 2903 sola
625 2836 780 2903 relatione
805 2834 886 2901 reali
907 2836 1040 2923 proprie
1062 2834 1148 2902 dieta

543 3002 866 3013 ”vau-nuo*

123 3090 131 3125 ¹
154 3082 190 3139 Cl
206 3104 229 3139 a.
249 3084 357 3146 Thera..
378 3090 425 3139 lor.
447 3090 552 3140 eit-²
571 3090 690 3154 Quodlid.
711 3086 758 3150 lX,
778 3106 804 3141 a.
828 3092 838 3142 l
861 3107 886 3143 e.

121 3161 132 3197 ³
152 3162 201 3224 (lq.
220 3163 318 3223 dtrpp..
340 3164 379 3212 Do
400 3164 468 3219 Pot,
489 3177 515 3227 q,
532 3161 589 3219 Vll,
604 3178 630 3212 a.
645 3164 662 3212 8
676 3178 701 3213 o.
718 3159 756 3212 Ex
775 3164 816 3214 lrls
834 3166 906 3215 vides
926 3165 1006 3215 labos
1023 3179 1081 3216 esse
1099 3162 1150 3216 lle-

83 3235 241 3285 neoterium
257 3230 355 3300 (Essnts
368 3237 398 3283 de
411 3238 513 3299 erttr'qne
525 3234 651 3299 quadrato,
666 3250 723 3299 par.
737 3232 782 3293 lll,
794 3242 809 3296 s
822 3234 931 3303 XXVl),
945 3242 971 3287 et
983 3233 1148 3289 Ilosmlnium

85 3304 203 3375 (Loplon,
225 3306 270 3355 litt.
292 3303 331 3362 ll,
352 3320 406 3356 nez.
428 3303 466 3363 V,
487 3321 512 3357 c.
533 3308 566 3366 a,
586 3310 692 3363 ooroll..
713 3314 728 3367 s
750 3306 823 3372 110),
843 3312 888 3373 qut
908 3307 1036 3358 relatione
1054 3324 1148 3361 amnes

85 3379 287 3441 modos,qnibus
301 3379 481 3439 praedicatum
495 3378 527 3429 ad
541 3381 689 3429 subiectum
704 3380 827 3438 retertur,
839 3381 1015 3431 communitor
1027 3382 1148 3435 denotari

84 3454 238 3513 opinantur.
257 3447 325 3499 Nam
345 3452 449 3509 relatio,
470 3456 499 3501 01
512 3452 635 3511 diximus,
651 3453 715 3503 itlnd
729 3454 865 3504 dumtaxat
879 3452 1023 3515 specialem
1038 3458 1147 3513 modum

85 3522 227 3587 significat.
248 3536 300 3585 qno
319 3522 419 3586 aliquid
438 3525 483 3574 alii
504 3524 539 3577 lta
560 3526 638 3581 inest,
658 3531 688 3575 ut
708 3526 794 3588 ipsum
813 3524 936 3575 adalind
955 3526 1070 3582 ordinet.

123 3592 133 3638 1
154 3590 190 3649 Gt
206 3597 308 3663 Loptoo,
330 3610 388 3663 par.
410 3592 430 3655 l,
451 3610 476 3647 u.
499 3593 520 3658 l,
540 3611 566 3649 a.
587 3598 614 3657 8,
635 3612 662 3663 p.
685 3599 729 3660 ta,
750 3600 802 3652 vul.
824 3594 846 3651 Ι.
