2475 3909
132 142 196 209 280
504 164 754 211 cmrsnronoem

97 242 166 321 cit,
190 263 249 327 pro
273 250 361 309 cerlo
382 242 563 309 habendum
589 257 637 312 est
661 244 964 311 demonstrationem
987 269 1157 333 perperam

93 323 276 392 institutam
299 325 411 404 luisse,
434 348 570 413 eamque
592 328 764 413 diligenter
788 339 939 393 excutere
961 341 1097 414 oportet,
1120 341 1160 395 ut

91 406 164 471 eius
180 408 257 474 vitia
272 408 472 494 detegantur.
489 410 657 477 Revelatio
668 411 771 507 igitur
784 420 833 477 est
847 413 1001 495 primum,
1021 425 1054 477 et
1064 433 1158 497 prae-

91 488 224 573 cipuum
248 490 509 569 instrumentum,
531 492 617 578 quod
640 502 725 557 retro
742 492 775 556 in
791 493 841 557 sui
863 491 1044 559 subsidium
1057 493 1159 558 adro·

90 589 163 634 care
186 568 293 651 debet,
316 593 355 637 ue
377 574 410 638 in
433 572 498 639 suis
521 571 789 660 inquisitionibus
816 574 968 652 vacillet,
990 586 1046 641 aut
1065 598 1085 640 e
1106 598 1158 641 re-

90 661 142 717 cta
164 654 215 718 ria
236 651 374 721 aberret.

189 777 256 833 Aur.
272 778 320 830 lll.
329 807 362 816 -
373 778 408 830 De
421 794 500 831 sensu
514 781 650 831 comment
664 780 824 842 sapientum,
838 780 910 830 etde
923 795 1050 831 consensu

514 855 633 903 omniurn
647 856 765 917 genitum

133 992 201 1059 130.
225 992 372 1058 Alterum
395 992 477 1062 utile
489 995 625 1060 rationis
638 1004 764 1059 nostrae
778 993 939 1059 auxilium
955 996 986 1059 in
1001 994 1054 1070 iis,
1069 1017 1155 1081 qnae

92 1075 305 1141 Revelatione
327 1070 446 1141 Divina
468 1096 530 1139 nou
545 1078 764 1153 continentur,
779 1088 827 1143 est
842 1097 953 1141 sensus
974 1083 1155 1144 communis

90 1157 246 1222 Virorum
268 1155 448 1222 doctorum.

133 1237 229 1335 Prop.
258 1240 374 1305 Sensus
399 1241 573 1303 eommunis
604 1241 781 1324 sapientum
808 1240 893 1304 uelde
921 1241 1011 1306 utilis
1034 1255 1155 1307 uestrae

111 1320 282 1402 repertioui
303 1332 344 1387 est
365 1334 431 1389 tum
453 1324 538 1387 circe
561 1323 728 1400 ueritates,
750 1342 884 1407 puerum
907 1324 1066 1387 scientium
1088 1327 1153 1393 iem

89 1402 145 1465 ode
168 1404 194 1466 ti
215 1423 336 1480 sumus,
357 1416 423 1469 tuus
445 1406 530 1470 circo
551 1405 636 1480 illus,
658 1425 792 1489 quorum
812 1406 927 1468 notitia
940 1404 1151 1470 destituimur.

160 1484 344 1551 roletur1,¹
368 1506 452 1571 pars.
476 1510 492 1547 u
516 1484 586 1562 llle,
609 1498 646 1551 ut
667 1486 711 1551 ait
731 1507 758 1549 s.
782 1485 929 1562 Thomas,
954 1489 1081 1571 sapiens
1097 1487 1155 1553 di-

90 1566 178 1632 citur
199 1570 233 1632 in
255 1587 452 1653 unoquoque
475 1588 604 1651 genere,
628 1570 685 1651 qui
707 1565 888 1632 considerat
915 1588 1047 1633 causam
1067 1568 1156 1635 altis-

89 1646 206 1713 simam
229 1647 319 1714 illius
341 1650 467 1736 generis
488 1651 499 1689 ¹
524 1674 551 1713 u.
576 1652 686 1734 Ergo,
710 1653 738 1714 si
761 1648 908 1714 ridemus
935 1650 1096 1736 sapientes
1120 1652 1153 1715 in

89 1728 230 1808 easdem,
253 1750 290 1795 ac
310 1752 379 1809 nos,
402 1733 626 1798 conclusiones
646 1731 830 1808 devenisse,
853 1729 893 1796 de
914 1743 1001 1798 recta
1023 1733 1155 1798 institu-

86 1812 177 1958 .tipue
198 1811 507 1881 demonstrationum
529 1826 712 1881 nostrarum
733 1814 808 1881 licet
830 1812 924 1879 nobis
948 1835 1016 1879 esse
1036 1816 1155 1881 certio-

88 1916 116 1959 rr
141 1914 190 1960 us.

131 1976 199 2043 131.
223 1976 381 2043 Probatur
405 1977 441 2043 2¹
468 1999 553 2063 pars.
577 1977 812 2043 Testimonium
839 1975 1036 2054 humanum,
1062 1978 1151 2062 quod

88 2056 238 2143 dogmata
253 2059 491 2145 complectitur,
505 2082 541 2125 ae
564 2083 604 2126 ue
621 2080 657 2124 ac
674 2058 767 2134 illud,
779 2056 864 2143 quod
879 2060 966 2123 circa
982 2058 1065 2124 lacta
1080 2081 1154 2126 rer-

89 2150 190 2218 satur,
214 2159 341 2205 omnem
363 2152 505 2207 meretur
526 2082 635 2218 ulem,
649 2143 777 2225 quoties
790 2140 830 2204 de
846 2141 992 2218 scientia,
1009 2151 1042 2206 et
1063 2144 1152 2207 veri-

89 2230 154 2289 tate
176 2219 321 2288 docentis
341 2220 490 2289 dubitare
513 2224 687 2311 prudenter
707 2244 770 2288 non
792 2242 971 2306 possumus.
994 2224 1093 2308 Atqui
1116 2226 1152 2289 in

88 2305 143 2381 iis,
166 2324 248 2389 quae
269 2325 312 2369 ex
332 2326 428 2370 sensu
450 2310 612 2373 communi
637 2306 817 2390 sapientum
838 2306 1035 2389 excipimus,
1056 2304 1153 2372 dnbi-

89 2396 158 2451 tare
181 2407 244 2450 non
265 2406 439 2473 possumus
458 2387 497 2453 de
519 2410 633 2453 eorum
659 2388 807 2463 scientia,
829 2388 928 2471 quia,
951 2399 987 2452 ut
1007 2389 1054 2453 ait
1074 2386 1154 2452 Tul-

88 2466 176 2546 lius,
200 2468 263 2553 ipsi
285 2481 399 2534 uetere
420 2472 539 2555 optime
559 2482 655 2547 suut,
683 2490 720 2533 ac
746 2467 881 2553 proinde
908 2482 1036 2533 cerrum
1061 2481 1154 2533 umu-

86 2571 140 2615 roe
162 2550 228 2613 eim
250 2552 386 2616 maxime
401 2554 427 2631 ²3
451 2574 555 2635 neque
577 2552 616 2619 de
639 2573 751 2616 eorum
772 2551 959 2625 veracitate,
981 2551 1060 2635 quia
1079 2549 1152 2619 lieri

88 2634 223 2716 nequit,
247 2644 283 2700 ut
302 2653 412 2700 omnes
434 2637 467 2701 in
491 2634 631 2703 falsitate
654 2632 808 2701 tradenda
829 2632 1024 2718 conspirent.
1047 2634 1149 2731 Ergo.

79 2783 82 2792 ,
129 2714 197 2781 132.
221 2714 304 2781 lllud
327 2725 434 2781 autem
462 2716 694 2785 advertendum
715 2728 775 2791 est,
798 2719 971 2784 veritatum
991 2716 1152 2800 cognitio-

86 2817 173 2874 nem,
196 2816 294 2879 quam
315 2817 356 2861 ex
377 2819 471 2866 sensu
493 2802 657 2865 communi
679 2799 862 2883 sapientum
876 2796 969 2861 nobis
982 2817 1152 2881 compara·

86 2898 172 2953 mus,
194 2898 263 2943 esse
285 2876 452 2949 dumtaxat
476 2883 656 2968 vulgarem,
679 2901 742 2943 non
762 2878 982 2953 scientificam,
997 2878 1090 2963 quia.
1110 2891 1151 2945 ut

86 2980 113 3025 s.
137 2959 274 3024 Thomas
295 2960 413 3045 inquit,
435 2964 469 3027 in
484 2966 619 3031 scientia
641 2989 658 3028 e
680 2962 770 3027 locus
789 2962 829 3026 ab
845 2970 1047 3036 auctoritate,
1063 2979 1148 3044 quae

86 3039 243 3107 fundatur
263 3062 361 3139 super
381 3046 506 3113 ratione
528 3048 679 3122 humana,
701 3055 750 3110 est
771 3044 1036 3109 infirmissimus³
1058 3063 1087 3103 u.

127 3124 198 3191 133.
222 3124 368 3191 Tereum
383 3128 543 3193 auxilium
557 3130 689 3194 rationis
703 3139 830 3191 nostrae
841 3137 892 3191 est
901 3125 1068 3190 consensio
1079 3142 1150 3188 om-

86 3210 178 3274 nium
201 3209 358 3290 gentium.

88 3289 222 3436 ddrop.
248 3289 410 3355 Concessio
431 3294 569 3357 omnium
584 3291 723 3377 peutiuus
742 3303 786 3355 est
799 3302 917 3355 cuturn
935 3287 1080 3353 ueritatis
1100 3287 1152 3353 in-

108 3391 218 3435 seeum.

123 3556 132 3593 ¹
153 3552 175 3613 t,
195 3568 222 3618 q.
243 3553 265 3617 l,
285 3570 311 3608 ι.
332 3558 348 3608 e
367 3571 393 3607 e.
406 3556 465 3595 -2
484 3561 578 3624 supp.
599 3557 710 3616 meet„
731 3556 777 3608 lib.
798 3552 820 3616 l,
840 3569 866 3606 c.
890 3554 934 3607 te

122 3623 445 3691 ³l,t1.1,a.8adl.
