2475 3909
431 204 515 254 nnns
536 208 669 255 aeruna
994 189 1034 255 st

173 330 241 386 dar.
256 330 388 385 itt-us
407 336 485 387 variis
503 337 757 388 demonstrationum
777 337 916 401 generibus

71 434 109 532 li.
128 440 364 513 Demonstratio
385 446 542 545 proprie,
564 457 596 512 et
616 448 726 513 stricte
744 458 886 535 accepta,
901 449 1079 517 secundum

48 520 231 609 lrrstotelem,
254 538 402 605 nonest,
425 529 488 594 nisi
510 528 719 629 syllogismus
740 533 938 615 scientificus,
963 554 1078 619 nempe

49 598 94 677 lle,
111 609 177 703 qui,
194 617 231 673 ut
251 610 349 697 paulo
371 622 443 677 ante
465 610 622 687 diximus,
637 631 706 675 rem
720 630 780 696 per
798 612 943 678 eiusdem
966 635 1079 681 causas

48 699 177 779 proprias,
189 693 398 772 necessarias,
413 706 446 761 et
460 696 627 779 proximas
641 694 810 777 evidenter
824 694 1079 781 probat,quique

48 761 137 835 illuso
155 773 431 852 demersatrotious,
454 777 522 841 sive
546 796 662 862 graeca
682 797 760 841 voce
782 777 976 861 apodicticae
999 801 1079 845 nun-

48 862 165 931 cupatur.
187 857 321 921 atvero
336 857 565 924 demonstratio
581 879 655 923 cum
669 878 767 942 penes
781 859 1080 935 Aristotelemtum

48 946 119 1009 penes
136 935 219 1001 alios
240 939 399 1024 antiquos,
414 950 447 1007 et
465 949 611 1007 recentes
632 962 696 1004 non
718 938 822 1004 solum
842 941 899 1005 illo
918 942 1081 1008 strictissi-

48 1028 83 1073 mo
99 1034 189 1083 sensu
209 1030 313 1085 sumta
335 1019 411 1099 luit,
433 1021 489 1087 sed
511 1019 674 1089 interdum
695 1043 824 1108 quoque
845 1023 895 1087 vel
911 1044 970 1110 pro
991 1027 1081 1090 omni

47 1092 275 1197 Syllogismmqui
287 1123 490 1191 quocumque
503 1102 598 1170 modo
613 1104 854 1169 conclusionem
871 1126 912 1170 ex
929 1110 1082 1191 praemis-

47 1190 76 1266 its
93 1199 266 1248 necessario
287 1184 396 1263 insert,
411 1188 462 1252 vel
484 1207 543 1271 pro
563 1188 798 1272 cuiuscumque
819 1190 946 1272 generis
967 1188 1083 1275 proba-

47 1266 122 1354 ltope,
132 1264 176 1331 ita
193 1277 229 1331 ut
238 1264 458 1334 demonstrare
473 1271 560 1334 idem
575 1269 628 1346 sit,
643 1290 680 1333 ac
696 1267 904 1354 probare.Ex
918 1270 968 1333 his
989 1272 1082 1335 intel-

47 1333 146 1423 ligitur,
167 1367 228 1411 cur
250 1360 375 1432 praeter
398 1352 487 1416 illam
508 1351 827 1427 demonstrationem,
869 1371 930 1414 uae
948 1350 988 1415 ab
1010 1354 1083 1416 Ari-

46 1425 212 1523 stoteleuanr'
222 1441 329 1516 εξοχεν,
344 1444 377 1499 et
390 1432 431 1497 ab
446 1434 517 1499 eius
533 1431 704 1518 discipulis
712 1371 969 1518 principdlis,vel
986 1438 1084 1517 potis-

47 1508 203 1599 condicta
217 1512 384 1591 tritoitae
406 1515 690 1581 demonstrationis
704 1516 829 1600 species
843 1525 1082 1580 recenseantur.

73 1591 115 1655 nl.
135 1593 248 1680 ltaque
270 1596 305 1661 iu
327 1600 443 1680 primis
472 1597 703 1662 demonstratio
732 1597 943 1682 distinguitur
970 1597 1005 1662 in
1032 1597 1086 1663 de-

48 1678 287 1743 monstrationem
303 1680 540 1826 propterdqcs'd,
556 1691 589 1745 et
602 1678 910 1748 demonstrationem
923 1680 1008 1765 quio.
1023 1679 1086 1745 De-

48 1760 216 1825 monstratio
230 1775 359 1847 propter
380 1765 436 1849 qui
477 1772 525 1827 est
546 1760 626 1840 illa,
654 1782 737 1846 quae
765 1761 954 1848 propriam,
977 1763 1088 1847 proxi·

387 1882 714 1899 W

48 1931 104 1998 finti
121 1945 217 2002 noran,
237 1947 376 2006 propterea
395 1944 465 2007 quod
484 1957 576 2003 nausa,
597 1958 646 1994 cur
663 1942 776 2009 attentio
787 1944 814 1992 ln
828 1943 884 2006 ipso
897 1945 969 2002 insit,
982 1958 1035 1994 non
1047 1952 1088 1995 est

49 2007 176 2064 salicetum
194 2014 291 2076 ipsum,
311 2016 356 2065 sed
375 2016 512 2079 quidpiam
525 2018 641 2080 positum
653 2020 728 2066 extra
742 2017 840 2078 ipsum.
855 2014 892 2065 lta
906 2016 1004 2067 iruura
1017 2018 1089 2080 quis

48 2080 102 2138 liam
118 2099 149 2135 ex
166 2086 320 2137 definitione
339 2090 418 2139 lunae
438 2102 547 2139 causam
565 2093 707 2152 quaereret
724 2102 773 2138 cur
790 2091 854 2139 tuna
873 2089 988 2149 deficiat,
1006 2095 1089 2154 atquo

51 2150 74 2198 tl
88 2166 114 2205 ea
126 2159 278 2211 definitione
293 2159 411 2212 deiectus
424 2161 503 2211 lunae
516 2162 647 2212 conficere
671 2162 799 2220 studeret,
812 2176 875 2211 curn
888 2175 981 2221 causa,
994 2176 1090 2225 quam-

49 2223 120 2278 obrem
137 2230 237 2293 delicit,
257 2246 309 2283 uon
327 2238 368 2283 est
387 2234 460 2294 luna,
480 2234 526 2284 sed
545 2235 699 2284 interiectus
718 2239 805 2285 terrae
824 2235 895 2283 inter
912 2236 996 2284 solem
1008 2241 1036 2284 et
1048 2235 1090 2284 iu-

50 2308 103 2347 ltm·
121 2298 195 2366 Quod
214 2305 309 2355 attinet
327 2306 359 2357 ad
377 2306 631 2357 demonstrationem
648 2305 829 2365 affectionum,
843 2320 912 2370 quae
930 2309 958 2357 in
971 2308 1089 2357 subiecto

50 2379 136 2423 umam
154 2379 199 2427 aui
213 2378 321 2438 habent,
343 2379 459 2429 medium
472 2380 613 2443 aliquando
627 2384 667 2429 est
679 2378 795 2429 delinitio
808 2378 931 2439 subiecti,
946 2379 1090 2441 aliquando

50 2445 194 2510 pnoticrtt3
214 2463 278 2500 nam
297 2464 358 2501 cum
377 2464 473 2511 causa,
494 2464 563 2515 quse
581 2457 622 2501 est
640 2452 758 2500 medium
776 2452 920 2515 syllogismi
939 2445 1090 2507 scientifici.

50 2514 75 2561 iil
88 2530 161 2571 seusa
180 2523 321 2585 proxima,
341 2537 393 2574 non
413 2530 534 2583 remota,
554 2526 640 2587 prima
658 2522 782 2583 allectio,
808 2537 876 2587 quaa
901 2524 1055 2573 immediate
1074 2538 1090 2574 a

49 2588 147 2643 illiceto
165 2596 266 2654 oritur,
288 2609 334 2659 per
352 2596 529 2648 definitionem
547 2596 660 2646 subiecti
679 2596 893 2654 demonstratur,
913 2608 1090 2661 unaquaeque

49 2666 121 2713 ailem
139 2668 306 2731 reliquarum
323 2668 492 2720 affectionum
512 2682 559 2732 per
576 2669 754 2720 definitionem
768 2669 839 2718 iltius
851 2666 1009 2726 affectionis,
1022 2684 1092 2734 quaa

49 2732 92 2783 titt
108 2750 187 2789 causa
207 2742 311 2804 propria
330 2746 357 2791 et
377 2742 528 2791 immediata
547 2746 597 2791 est.
618 2740 652 2791 At
671 2740 860 2791 advertendum
877 2745 928 2799 est,
948 2755 1011 2792 cum
1029 2742 1094 2793 den-

49 2804 100 2857 nitio
115 2812 229 2863 aubiecti
248 2826 296 2876 pro
315 2814 401 2864 medio
414 2815 538 2872 sumitur,
553 2816 639 2877 ipsam
651 2828 703 2863 non
716 2828 763 2877 per
781 2827 818 2871 se,
838 2826 885 2862 seu
903 2816 955 2879 qud
977 2814 1094 2866 delinitio

50 2876 153 2954 submoti,
173 2885 220 2935 aed
238 2886 290 2948 qut
309 2891 348 2935 est
366 2900 446 2937 causa
460 2885 615 2945 allectionis,
630 2887 711 2935 sumi,
724 2882 792 2936 Nam
805 2886 830 2935 in
844 2886 995 2949 syllogismo
1008 2890 1096 2938 scien-

50 2948 106 3001 lfficd
122 2959 262 3019 quaeritur
279 2972 371 3019 causa,
389 2972 435 3022 per
454 2972 534 3023 quam
546 2958 650 3010 affectio
663 2958 781 3010 subiecto
793 2958 872 3016 inest,
885 2973 938 3008 non
951 2972 1093 3023 perquam

51 3024 184 3079 ‘ductum
205 3031 290 3093 ipsum
309 3036 359 3090 est;
379 3032 505 3097 quocirca
523 3032 640 3082 definitio
657 3032 769 3081 subiecti
782 3045 829 3093 pro
842 3027 929 3081 medio
941 3032 1055 3082 sumitur
1067 3032 1096 3081 ia

53 3092 234 3162 irdnmtaxan
255 3103 281 3152 in
299 3104 395 3167 quihus
414 3119 465 3155 una
483 3105 631 3169 eadamque
649 3109 688 3154 est
708 3104 788 3154 simui
805 3092 919 3153 ossentffl
932 3103 1053 3163 subiecti,
1068 3109 1097 3154 et

50 3179 116 3221 trusa
132 3176 290 3225 accidentis.
311 3173 351 3226 lix
369 3192 422 3241 quo
441 3178 575 3241 colligitur
593 3176 771 3227 definitionem
797 3176 942 3239 praedicati
960 3189 1018 3225 esse
1038 3190 1096 3226 rea·

53 3251 85 3296 ite
101 3257 208 3310 semper
226 3248 341 3299 medium
361 3250 387 3299 in
400 3249 550 3315 syllogismo
563 3250 725 3309 scientifico,
741 3253 879 3312 propterea
892 3248 1055 3312 quodetiam
1069 3250 1097 3299 iu

53 3312 75 3361 lt
89 3321 240 3383 perpaucis,
262 3322 288 3369 iu
306 3322 402 3385 quibus
420 3322 539 3373 delinitio
559 3323 670 3374 subiecti
691 3334 737 3385 pro
750 3322 837 3371 medio
850 3320 974 3376 sumitur,
990 3321 1098 3371 adhibe-

52 3388 84 3435 ¹¹s
99 3405 150 3441 uon
169 3394 234 3455 quia
253 3398 293 3443 est
310 3394 428 3446 definitio
446 3396 568 3455 subiecti,
588 3396 634 3447 sed
653 3397 714 3459 quia
733 3398 774 3445 est
786 3406 867 3444 eausa
881 3390 1036 3453 affectionis,
1058 3397 1098 3446 uti

53 3463 215 3524 reinmarus,
232 3478 301 3528 quae
313 3472 353 3519 est
365 3467 479 3517 hominis
493 3470 586 3528 lorma,
601 3469 740 3520 adhibetur
753 3472 890 3529 tamquam
904 3466 1031 3516 terminus
1042 3480 1100 3517 me·

52 3527 96 3608 llis
112 3536 144 3586 ad
165 3536 330 3601 probandam
349 3541 463 3591 hominis
475 3545 641 3602 docilitatem,
655 3543 717 3606 quia
731 3540 810 3589 huius
823 3552 904 3588 causa
917 3539 1035 3601 proxima
1047 3544 1099 3590 est,

53 3596 100 3653 lid.
119 3605 232 3669 Tuledo,
251 3611 313 3661 idid.
334 3615 365 3664 in
383 3614 426 3664 tid.
449 3616 475 3665 il
496 3617 577 3674 Post„
598 3631 623 3666 e.
638 3613 696 3674 Vll,
711 3614 731 3664 i.
746 3611 810 3671 stt,
825 3617 852 3661 et
865 3606 1011 3671 Balioreus,
1026 3614 1100 3661 Com·

54 3684 117 3729 ment.
130 3685 159 3733 in
174 3685 240 3747 Oro.
251 3684 283 3734 ad
297 3685 342 3737 tib.
355 3684 379 3739 ll
394 3689 432 3739 tte
446 3689 594 3740 demonstr.
609 3689 666 3751 αθ,
681 3684 764 3751 oded
777 3698 835 3749 sqq,
847 3679 1003 3785 deminutae
1018 3680 1098 3738 1616·
