2475 3909
473 153 674 204 cosnonocra
1014 141 1071 210 131

64 252 129 309 test.
144 239 181 307 Ε.
199 261 245 326 g.,
268 258 363 324 saepe
386 259 499 336 magna
521 236 693 303 brutorum
709 259 845 325 corpora
860 263 878 306 a
892 241 969 306 solis
991 242 1116 320 hordei,

64 325 109 389 vel
153 324 296 388 alearum
320 321 521 387 tenuissimis
543 319 693 398 effluviis,
717 320 785 385 solo
806 323 971 400 clamore,
996 326 1116 401 sibilo,

63 406 111 472 vel
130 345 268 470 bominis
290 403 443 487 adspectu
465 401 671 470 determinari
685 415 830 498 possunt,
853 417 890 470 ut
911 428 928 471 a
950 408 1059 490 quiete
1085 410 1117 472 in

64 499 204 563 motum,
226 486 278 552 vel
300 487 444 550 vicissim
474 494 658 562 transeant;
681 506 816 571 insuper
843 508 947 572 equus
968 486 1009 552 ab
1030 491 1119 553 elliu·

67 571 123 636 viis
141 567 382 644 determinatus,
399 579 435 632 ut
448 567 489 633 ad
504 564 661 632 hordeum
684 567 825 644 accedat,
848 571 875 634 si
891 568 1032 635 mediam
1055 571 1119 636 los-

66 671 130 717 sam
147 649 324 729 invenerit,
346 671 478 714 cursum
499 650 594 725 sistit,
618 658 652 713 et
672 646 753 726 iera,
775 671 859 735 quae
886 651 971 717 iuter
992 653 1119 739 lugien-

64 733 137 798 dum
159 731 282 798 directe
304 733 449 798 venatori
471 731 627 807 occurrit,
645 732 751 816 primo
774 732 864 800 velut
883 731 1121 800 admirabunda

67 813 198 902 gradum
221 816 323 891 sistit,
347 822 417 879 tum
439 835 502 878 non
523 812 645 877 directe
668 813 863 898 regreditur,
886 814 954 893 sed,
977 819 1123 882 semicir-

65 897 137 962 culo
160 895 257 972 lacto,
281 896 458 982 paraliam
480 895 693 959 directionem
716 916 749 960 se
773 899 924 983 proripit.

103 981 153 1047 90.
177 979 335 1044 Probatur
357 977 459 1074 ultera
482 997 565 1076 pars.
588 978 741 1073 Actiones
756 978 925 1044 brutorum
940 993 1016 1047 sunt
1030 1001 1124 1067 spon-

67 1074 187 1137 taneae,
210 1083 326 1147 nempe
347 1080 366 1123 a
388 1080 552 1146 principio
567 1069 673 1124 activo
689 1061 865 1127 intrinseco
887 1062 1046 1128 oriuntur.
1069 1068 1125 1129 At-

66 1144 120 1230 qui
143 1143 284 1208 actiones
304 1141 489 1208 huiusmodi
505 1153 578 1207 snut
593 1142 708 1207 vitales
723 1144 745 1206 ¹.
763 1145 849 1230 Ergo
865 1145 1062 1230 principium
1078 1147 1125 1211 vi-

68 1245 141 1292 vens
165 1227 198 1289 in
220 1223 324 1290 brutis
346 1224 582 1309 agnoscendum
604 1236 651 1289 est
664 1226 688 1288 ¹.

105 1308 155 1374 91.
180 1307 301 1383 Maior,
347 1327 406 1372 uae
429 1307 493 1371 iam
515 1327 557 1370 ex
578 1304 676 1372 dictis
703 1305 890 1392 colligitur,
913 1307 958 1371 ita
980 1329 1127 1394 compro·

67 1389 189 1455 batur:
214 1389 249 1454 ln
274 1327 392 1454 heduis
414 1389 572 1454 motiones
600 1389 817 1473 conspicimus
845 1389 910 1454 illis
932 1393 1064 1454 omnino
1086 1393 1128 1455 si-

68 1471 173 1549 miles,
196 1493 278 1556 quae
301 1473 334 1535 in
357 1470 450 1536 nobis
472 1469 562 1534 fiunt.
585 1471 624 1534 E.
650 1491 695 1556 g,
716 1469 848 1535 eaedem
871 1472 904 1536 in
919 1471 1011 1556 ipsis,
1034 1493 1071 1536 ac
1094 1474 1128 1538 in

67 1553 172 1630 nobis,
196 1563 269 1618 sunt
291 1555 408 1700 capitis
429 1553 676 1629 commotiones,
702 1552 835 1618 eaedem
863 1554 1031 1619 oculorum
1054 1575 1129 1618 con—

69 1639 251 1720 versiones,
270 1657 326 1701 eae
351 1657 481 1721 emqne,
504 1655 543 1698 ne
566 1646 681 1699 cuncta
696 1656 939 1721 persequamur,
956 1633 1074 1721 pedum
1097 1657 1130 1700 e-

68 1719 261 1794 levationes,
283 1719 446 1782 tensiones
468 1725 501 1782 et
521 1717 779 1793 contractiones,
802 1727 898 1803 atque
919 1717 979 1784 hae
1000 1717 1128 1783 easdem

67 1800 110 1866 ob
133 1821 245 1865 causas
268 1801 301 1865 in
324 1799 440 1877 nobis,
462 1820 500 1863 ac
522 1799 556 1863 iu
577 1798 680 1882 ipsis,
703 1798 797 1865 liunt.
821 1801 921 1884 Atqui
943 1798 1131 1866 huiusmodi

67 1884 229 1948 motiones
248 1882 282 1946 in
304 1881 398 1947 nohis
425 1902 494 1947 esse
516 1889 706 1966 spontaneas
734 1879 907 1945 indubium
929 1893 987 1947 est.
1011 1883 1130 1950 Ratum

66 1966 183 2050 igitur,
206 1962 443 2050 indubiumqne
464 1964 508 2029 sit
523 1972 650 2051 oportet
663 1962 734 2028 illas
749 1964 783 2027 in
798 1961 903 2029 brutis
917 1984 1046 2050 quoqne
1061 1985 1131 2029 esse

68 2056 273 2132 spontaneas.

109 2128 161 2198 92.
184 2129 291 2196 Obiic.
315 2126 515 2193 Cartesiani:
539 2125 628 2192 Deus
660 2127 694 2191 in
726 2128 794 2193 suis
822 2128 1064 2224 operationibus
1086 2128 1133 2193 nil

67 2212 193 2277 frustra
214 2210 361 2287 molitur,
384 2219 415 2276 et
428 2206 682 2294 simplicissimis
703 2210 806 2275 utitur
828 2209 900 2274 vris.
925 2213 1024 2295 Atqui
1045 2211 1133 2275 Dens

67 2295 179 2381 potuit
201 2301 363 2360 automata
385 2289 523 2356 condere
552 2290 618 2355 illis
646 2290 843 2359 motionibus
870 2291 1046 2359 efficiendis
1067 2291 1136 2358 ido

67 2397 145 2453 neu,
166 2375 302 2461 quasin
324 2371 439 2440 belluis
460 2373 689 2458 conspicimus.
714 2374 802 2459 Ergo
824 2373 950 2439 belluae
972 2385 1135 2442 automata

68 2465 160 2524 sunt.

111 2539 163 2606 93.
188 2538 301 2622 Kasp..
325 2537 404 2620 Nep.
427 2537 504 2600 mia.
528 2535 570 2601 Et
590 2555 665 2600 sane
692 2536 792 2614 Deus,
815 2524 963 2624 quamvis
989 2539 1136 2624 omnipo·

66 2631 145 2689 tens
167 2621 229 2696 sit,
244 2640 308 2683 non
329 2627 435 2704 potest
457 2631 585 2684 naturas
607 2639 729 2697 rerum,
751 2638 832 2704 quas
853 2618 1011 2699 condidit,
1034 2633 1137 2686 muta-

64 2725 124 2783 rc,
147 2703 227 2788 quin
250 2703 336 2788 ipsas
356 2723 407 2767 res
428 2700 582 2777 destruat,
605 2701 684 2784 quia
707 2701 873 2786 quaelibet
893 2723 943 2766 res
965 2723 1025 2787 per
1045 2722 1138 2768 suam

66 2786 263 2861 essentiam,
285 2802 345 2848 seu
369 2793 517 2848 naturam
544 2783 765 2849 constituitur.
788 2785 888 2870 Atqui
909 2783 1010 2864 Deus,
1032 2787 1060 2850 si
1082 2807 1139 2850 au·

67 2877 210 2945 tomata,
230 2885 314 2952 quae
337 2863 498 2931 Cartesius
519 2874 721 2930 commentus
743 2876 814 2943 est,
836 2878 985 2946 crearet,
1007 2879 1139 2934 naturas

65 2970 189 3016 rerum
209 2955 360 3014 mutaret.
383 2949 467 3014 Nam
489 2959 603 3010 natura
627 2946 804 3013 cuiuslibet
825 2949 895 3028 rei,
919 2951 967 3015 uti
988 2951 1023 3015 in
1045 2952 1139 3016 Onto-

67 3032 161 3116 topia
182 3029 327 3095 diximus
342 3030 365 3106 ⁸,
381 3029 464 3105 sons,
487 3041 520 3094 et
533 3027 732 3114 principium
746 3039 795 3095 est
812 3032 1039 3117 operationum
1054 3034 1138 3110 eius;

67 3111 283 3200 operationes
305 3122 429 3192 antem,
452 3131 532 3208 quas
554 3111 588 3174 in
610 3108 728 3176 belluis
754 3111 974 3191 observamus,
993 3125 1029 3180 ut
1044 3114 1140 3180 modo
1211 3115 1217 3127 “

68 3194 289 3273 ostendimus,
313 3191 474 3260 eiusmodr
496 3200 581 3270 sunt,
596 3203 634 3258 ut
647 3205 782 3263 naturae
796 3197 951 3262 automati
966 3198 1139 3263 cortesiani

460 3365 726 3381 ..un—n*-

111 3476 124 3512 ¹
147 3470 184 3525 Gi
199 3475 327 3540 Dauom„
347 3487 373 3522 c.
396 3470 417 3532 l,
438 3485 464 3520 a.
486 3471 513 3529 l,
534 3483 561 3534 p.
582 3471 617 3520 97
637 3473 691 3522 rol.
715 3468 738 3520 l.

112 3546 128 3584 ²
148 3542 183 3598 Cl
199 3560 221 3596 a.
240 3542 322 3612 Aug„
342 3545 399 3596 Lib.
419 3545 449 3594 de
462 3542 540 3594 duab.
560 3547 642 3596 onim.
662 3552 746 3596 contr.
766 3545 894 3608 Moatra,
916 3561 941 3598 c.
962 3549 991 3606 t,
1012 3565 1039 3600 n.
1060 3551 1086 3602 l.

112 3618 127 3656 ³
148 3615 215 3686 Cup.
234 3615 268 3682 ll,
288 3633 314 3670 a.
335 3618 363 3680 2,
383 3632 411 3683 p.
433 3615 465 3666 la
484 3629 525 3680 sq.
