2475 3909
493 191 722 241 ninnnrnoarn
1045 176 1106 249 173

79 286 135 351 tas,
158 296 236 340 cum
259 272 401 339 intendit
421 274 456 339 in
476 275 617 370 aliquem
645 273 760 349 linem,
791 274 965 359 investigat
993 286 1145 343 naturam

77 356 271 432 mediorum,
289 375 468 439 eorumque
489 355 664 421 utilitatem
686 355 727 421 ad
748 355 841 420 illum
862 354 959 419 linem
974 376 1147 444 assequen-

75 438 162 503 dum.
187 438 231 503 Et
252 457 344 514 sane,
368 456 431 500 non
456 447 562 523 potest
582 458 685 501 unum
713 456 789 521 prae
819 436 883 501 alio
913 434 1022 502 medio
1050 438 1144 524 eligi,

76 522 137 585 nisi
160 531 277 584 natura
300 517 504 598 mediorum,
532 538 712 601 eorumque
735 519 857 584 utilitas
879 515 918 581 ad
940 516 1037 583 linem
1059 540 1148 585 asse-

75 598 239 686 quendum
272 612 498 686 agnoscantur.
525 600 625 686 Atqui
649 600 798 666 homines
825 599 904 663 baec
936 601 1064 664 nonnisi
1085 622 1145 685 per

75 682 367 758 ratiocinationem,
383 704 420 748 ac
435 682 572 767 proinde
590 703 649 766 per
663 680 933 748 deliberationem
953 701 1146 778 cognoscere

75 774 221 849 possunt.
245 765 332 849 Ergo
354 764 548 831 deliberatio
570 773 621 828 est
639 763 788 828 accidens
808 782 1025 828 necessarrum
1046 760 1146 829 liber-

74 844 151 910 tatis
170 843 330 910 hnmanae
347 847 370 909 ¹.

111 926 186 990 216.
209 925 358 991 Libertas
380 925 511 992 arbitrii
534 937 670 991 vocatur
684 927 782 992 etiam
802 924 936 992 libertas
960 923 1147 991 indifferen-

75 1008 152 1082 tiae,
174 1026 240 1090 qno
262 1009 393 1073 nomine
414 1006 617 1092 significatur
639 1030 733 1087 enm,
755 1009 812 1093 qui
835 1007 902 1091 agit
923 1005 1073 1073 libertate
1094 1029 1147 1073 ar-

74 1088 180 1164 bitrii,
204 1110 266 1153 non
289 1110 359 1154 esse
381 1088 636 1155 determinatum
659 1089 699 1155 ad
721 1109 836 1166 unum,
864 1088 920 1153 sed
942 1087 1021 1167 dum
1042 1110 1145 1154 nuum

74 1172 154 1257 agit,
178 1169 269 1235 aliud
290 1192 418 1257 quoqne
441 1191 537 1254 agere
560 1192 663 1256 posse.

112 1252 187 1315 217.
211 1252 300 1317 llaec
322 1264 430 1318 antem
451 1250 672 1319 indifferentia
698 1252 822 1317 versari
849 1260 952 1332 potest
979 1252 1030 1317 rel
1058 1252 1144 1318 circa

73 1343 196 1410 actum,
218 1343 379 1431 qnatenus
398 1332 547 1399 voluntas
570 1346 676 1420 potest
696 1333 792 1410 velle,
814 1334 866 1398 vel
886 1353 950 1398 non
976 1333 1072 1411 velle3
1093 1334 1145 1399 vel

73 1416 163 1480 circa
185 1413 373 1493 obiectum,
393 1428 554 1499 quatenus
574 1416 725 1482 voluntas
753 1414 835 1479 velle
880 1423 963 1479 otest
987 1416 1070 1491 boc,
1093 1416 1145 1481 vel

72 1498 144 1563 eins
166 1499 374 1583 oppositum,
397 1496 449 1561 vel
475 1496 566 1561 aliud
593 1497 763 1583 quidpiam
783 1498 807 1559 ².
864 1498 1076 1581 rnoexnrgit
1097 1498 1147 1561 di-

72 1580 207 1644 stinctio
233 1578 388 1643 libertatis
408 1577 634 1663 indifferentiae
660 1582 694 1645 in
721 1578 902 1644 libertatem
924 1579 1146 1643 contradictio-

71 1660 125 1724 nis
147 1662 406 1737 contrarietatis,
428 1672 462 1725 et
480 1661 729 1744 specificationis.
753 1661 900 1725 Libertas
928 1660 1145 1725 contradictio-

71 1744 137 1819 nis,
153 1742 205 1806 vel
222 1741 367 1804 exercitii
380 1743 527 1807 consistit
550 1745 584 1808 in
606 1764 660 1821 eo,
683 1742 769 1828 qnod
794 1746 828 1808 in
849 1751 1007 1826 potestate
1033 1743 1147 1807 voluu-

72 1825 151 1889 tatis
172 1834 221 1888 est
247 1822 389 1897 elicere,
412 1822 463 1888 vel
492 1844 556 1887 nou
576 1824 699 1890 elicere
721 1824 865 1908 aliquem
886 1833 1021 1899 notum,
1044 1844 1074 1888 e.
1099 1845 1144 1908 g,

73 1926 180 1971 ornare
201 1903 252 1969 vel
272 1924 336 1968 non
356 1924 473 1981 amare,
494 1905 634 1989 aliquid;
658 1906 792 1971 libertas
813 1905 1046 1969 contrarietatis
1071 1926 1145 1969 con·

72 1988 159 2052 sistit
180 1989 214 2051 in
236 2007 287 2063 eo,
303 1984 391 2070 quod
412 1986 560 2050 noluntas
583 1997 689 2073 potest
710 1986 792 2051 velle
815 1984 945 2071 aliquod
968 1985 1147 2063 obiectum,

72 2081 132 2134 aut
150 2069 225 2133 eius
237 2069 437 2153 oppositum;
461 2066 593 2133 libertas
613 2068 854 2153 specificationis
876 2068 1025 2133 consistit
1044 2068 1077 2131 in
1093 2089 1145 2145 eo,

72 2149 161 2235 quod
183 2149 331 2215 voluntas
353 2157 457 2234 potest
477 2148 557 2213 velle
579 2150 656 2227 boc,
679 2160 736 2214 aut
756 2148 926 2234 quidpiam
947 2148 1048 2214 aliud.

112 2232 188 2298 218.
212 2234 255 2295 m
268 2252 357 2307 vero,
373 2229 611 2309 indifferentia,
626 2252 710 2316 quae
731 2231 988 2297 contradictionis
1010 2230 1145 2307 dicitur,

73 2311 115 2377 ad
138 2312 300 2379 libertatis
321 2314 494 2377 essentiam
516 2312 774 2379 constituendam
799 2312 939 2386 sullicit3
962 2334 1059 2389 unm,
1081 2313 1144 2379 etsi

72 2394 224 2459 voluntas
247 2415 310 2459 non
334 2394 436 2477 possit
450 2414 546 2478 agere
560 2396 773 2473 contrarium,
788 2391 838 2458 vel
853 2393 1024 2477 quidpiam
1038 2393 1143 2470 aliud,

71 2486 197 2553 tamen,
219 2473 394 2541 dnmmodo
417 2478 519 2561 possit
538 2478 682 2542 actiones
707 2498 781 2541 suas
801 2474 937 2553 elicere,
960 2475 1011 2540 vel
1034 2475 1075 2539 ab
1097 2476 1146 2541 eis

72 2556 252 2675 abstinepe,
274 2558 323 2622 sni
346 2558 430 2622 iuris
451 2570 510 2635 est,
533 2568 564 2623 et
585 2558 767 2623 dominium
783 2558 817 2622 in
840 2558 982 2623 actiones
1003 2558 1090 2644 ipsas
1110 2578 1145 2621 e-

71 2651 188 2705 xercet
224 2687 231 2701 .

113 2720 188 2786 219.
211 2720 393 2797 Praeterea,
411 2720 634 2787 indill'erentia
649 2719 848 2785 considerari
894 2728 977 2787 otest
991 2721 1090 2787 etiam
1105 2740 1146 2785 ex

72 2800 132 2866 illu
155 2811 259 2887 parte,
281 2814 438 2886 quatenns
459 2805 604 2868 actiones
625 2802 667 2867 ad
688 2802 841 2868 ultimum
864 2740 961 2867 linem
984 2824 998 2867 s
1040 2813 1144 2878 etant,

71 2903 193 2967 nempe
215 2907 233 2945 a
255 2884 287 2946 in
309 2894 467 2968 qnantum
488 2883 639 2949 voluntas
667 2894 773 2968 potest
800 2896 951 2969 appetere
976 2887 986 2950 i
1024 2932 1032 2963 ,
1079 2880 1146 2949 nod

71 2962 257 3030 secundnm
279 2966 448 3029 veritatem
470 2966 504 3030 in
525 2963 675 3030 debitum
696 2964 793 3029 linem
814 2966 999 3043 ordinatur,
1024 2906 1075 3032 sei
1097 2986 1146 3030 se-

71 3044 221 3111 cundum
243 3047 467 3131 apparentiam
494 3048 648 3114 tantnm⁸
672 3070 701 3111 n.
725 3049 758 3114 Si
781 3047 999 3121 indifferentia
1023 3070 1064 3119 ex
1086 3048 1147 3116 beo

109 3276 240 3330 ¹1nlib.
261 3280 374 3335 isset..
394 3274 461 3329 bisi.
481 3275 533 3335 xi,
553 3292 582 3341 q.
605 3276 632 3337 l,
653 3292 680 3328 a.
700 3278 715 3328 2
736 3281 785 3329 sol.
806 3276 908 3332 Exinde
928 3282 1011 3344 magis
1031 3284 1147 3344 patescit

68 3365 151 3405 error
170 3344 302 3407 consinii,
322 3352 385 3414 qni,
405 3355 435 3399 nt
453 3350 568 3400 diximus
586 3345 631 3417 (p.
654 3346 739 3421 itit),
759 3354 877 3405 sationes
902 3360 1062 3419 spontaneas
1081 3368 1144 3406 cnm
1233 3402 1234 3405 ,

68 3425 167 3477 liberis
185 3422 332 3472 contundit.
1233 3414 1234 3435 ¹

107 3496 191 3559 ὀρ.
210 3496 308 3558 dison..
329 3496 368 3545 lle
388 3495 463 3551 Ver..
482 3507 510 3555 q.
531 3488 615 3553 xxii,
636 3507 663 3545 a.
684 3496 701 3545 o
720 3510 746 3549 o.

108 3568 233 3618 ³conrr.
254 3568 342 3623 Geni..
360 3564 407 3615 lib.
428 3561 463 3623 ll,
482 3578 508 3613 c.
529 3564 574 3613 li.

109 3638 192 3704 ὅραι.
213 3640 311 3704 dispo„
333 3638 373 3690 De
395 3640 467 3697 Ver,
488 3637 540 3688 loc.
561 3638 609 3687 cit.
