2475 3909
494 200 673 247 rosaceum
1012 180 1082 247 ¹225

59 285 184 373 primo,
205 286 283 372 quia
304 287 332 351 si
356 307 461 352 sermo
483 297 595 370 sponte
616 306 674 350 sua
697 284 729 347 in
752 282 845 347 nobis
867 283 1035 361 oriretur,
1059 306 1120 349 nnn

59 382 181 434 tantum
203 370 302 432 unius
325 369 403 432 labii
425 388 536 431 omnes
550 368 697 433 homines
712 375 828 439 essent,
845 364 899 430 sed
916 386 955 429 ne
970 364 1037 431 ulla
1052 368 1123 452 qui-

59 452 131 516 dem
155 450 329 535 disciplina
351 449 533 534 indigerent
558 449 597 516 ad
621 446 911 525 sermocinandum,
927 468 990 532 qua
1012 469 1124 535 reapse

59 533 207 618 indigere
231 553 324 595 nemo
346 531 513 607 dillitetur;
532 530 685 607 secundo,
705 533 782 617 quia
806 528 934 593 sumum
957 539 1126 616 ratumque
1185 582 1192 593 .

58 625 105 679 est
119 614 283 680 bominem
299 635 362 677 non
377 614 479 697 loqui,
496 616 685 700 priusquam
708 612 788 677 alios
810 609 842 677 lo
866 621 977 676 nentes
1000 610 1123 677 audiat.

95 695 131 759 2⁰
154 695 228 760 Non
249 693 366 760 desunt
388 696 518 761 Philoso
542 697 573 759 hi
595 694 756 771 catholici,
771 694 826 780 qui
843 632 958 758 docent
979 695 1126 760 homiues

59 775 299 847 sermocinandi
326 779 447 843 virtute
475 798 493 841 a
518 716 588 845 beu
615 776 749 843 donatos
776 787 808 842 et
833 776 957 842 ratione
986 786 1125 854 utentes,

60 861 204 944 potuisse
223 879 280 941 per
302 880 335 923 se
357 860 504 924 invenire
518 878 711 925 sermonem.
729 860 793 945 lpsi
811 870 919 925 autem
933 860 1128 926 sententiam

58 962 151 1005 suam
167 938 339 1007 adstruunt
359 941 419 1005 boc
441 940 549 1007 modu:
567 945 601 1007 ln
618 942 733 1028 primis
747 940 890 1009 dubitari
908 943 1032 1039 nequit,
1047 942 1127 1027 quin

59 1024 178 1109 aliquis
192 1022 289 1087 homo
303 1045 373 1088 rem
388 1022 536 1089 sensibus
549 1033 771 1089 occurrentem
786 1021 925 1108 quodam
942 1045 1035 1109 signo
1051 1022 1125 1087 aliis

59 1105 298 1169 communicare
311 1107 466 1202 potuerit.
480 1105 562 1171 Cum
578 1115 684 1171 autem
701 1108 809 1171 innata
825 1107 856 1171 vi
866 1104 1023 1191 loquendi
1036 1127 1128 1253 prae·

61 1187 149 1253 ditus
171 1197 267 1265 esset,
289 1189 372 1253 ntbil
393 1201 553 1273 repugnat
574 1210 650 1253 eum
674 1189 846 1274 protulisse
867 1208 983 1253 sonum
998 1210 1033 1276 sy
1059 1188 1129 1253 abis

60 1267 258 1353 quibusdam
279 1269 491 1335 distinctum:
520 1271 585 1336 iarn
614 1274 705 1357 ipse,
732 1291 806 1335 cum
833 1270 958 1337 ratione
981 1272 1127 1358 polleret,

62 1353 169 1436 potuit
195 1354 411 1417 determinare
436 1352 528 1417 illum
555 1374 670 1417 sonum
692 1351 731 1417 ad
756 1374 821 1416 rem
848 1364 1129 1419 commonstratam

60 1432 330 1531 significandam,
351 1433 450 1520 idque
477 1453 517 1498 eo
537 1435 673 1499 consilio
697 1444 857 1532 praestare
881 1436 1006 1520 potuit,
1029 1446 1066 1501 ut
1087 1436 1128 1501 ab

60 1516 134 1582 altis
158 1517 410 1613 intelligeretun
432 1529 467 1583 et
485 1516 536 1594 bi,
559 1538 633 1581 cum
661 1528 759 1583 ettam
782 1516 906 1582 ratione
929 1516 1128 1595 fruerentur,

59 1608 237 1745 potuerunt
264 1599 458 1695 intelligere,
480 1618 545 1683 qua
569 1606 673 1663 mente
696 1600 777 1665 alter
797 1619 875 1663 sono
898 1599 954 1665 illo
977 1621 1053 1665 usus
1074 1602 1125 1667 sit.

90 1702 128 1747 ec
148 1680 328 1767 quidquam
350 1680 550 1745 dtllicultatis
572 1681 604 1743 iu
632 1680 850 1765 significandis
865 1679 962 1747 rebus
976 1682 1129 1769 spiritua-

61 1764 150 1829 libus
173 1764 313 1827 nancisci
337 1762 453 1849 potuit;
475 1782 549 1827 nam
572 1764 666 1839 sicut,
684 1763 789 1828 aiente
806 1783 831 1827 s.
848 1762 981 1840 Thomu,
997 1787 1014 1827 u
1031 1765 1130 1847 sensi·

59 1848 141 1911 bilia
165 1846 325 1911 intellecta
348 1844 568 1911 manuducunt
583 1845 616 1908 in
635 1844 852 1932 intelligibilia
868 1845 1123 1924 Divinorum¹u,

59 1932 104 1995 ita
128 1951 170 1994 ex
193 1927 379 1992 nominibus
401 1925 658 2011 significantibus
680 1949 732 1992 res
755 1928 937 1993 materiales
953 1927 1128 2011 procedere

60 2014 169 2097 potuit
190 2009 229 2074 ad
255 2011 396 2086 nomina,
411 2007 531 2093 quibus
545 2030 596 2073 res
611 2009 797 2095 spirituales
816 2007 1018 2087 denotantur,
1035 2028 1129 2093 prae·

58 2096 174 2159 sertim
202 2102 333 2177 propter
359 2090 532 2174 quamdam
559 2093 763 2178 analogiam,
792 2111 889 2175 quarn
916 2093 1012 2157 homo
1043 2095 1129 2159 inter

60 2189 154 2241 utras
179 2196 218 2239 ue
241 2194 293 2238 res
316 2174 464 2260 percipit.
641 2230 646 2243 ,

100 2256 137 2324 3⁰
155 2196 254 2333 bned
277 2258 302 2319 si
327 2256 461 2321 historia
476 2253 673 2331 consulatur,
695 2277 759 2321 una
781 2276 854 2319 cnm
878 2254 1006 2339 loquela
1021 2256 1130 2353 ipsum

61 2359 245 2405 sermonem
267 2340 374 2422 primo
396 2336 516 2401 bomini
540 2357 557 2401 a
580 2337 647 2403 Deo
675 2336 820 2403 inlusum
848 2334 947 2402 luisse
977 2337 1128 2414 dicimus,

60 2437 134 2489 tum
158 2418 246 2519 qnod
275 2443 316 2485 cx
343 2419 494 2505 pluribus
520 2420 635 2485 Sacrae
664 2421 852 2507 Scripturac
882 2418 961 2485 locis
991 2417 1023 2485 id
1052 2422 1129 2485 satis

60 2504 245 2590 colligitur3
262 2512 330 2567 tum
351 2501 437 2587 quod
461 2502 586 2586 primus
607 2503 715 2577 bomo,
731 2511 843 2586 utpote
865 2522 926 2565 non
952 2502 1055 2567 solum
1071 2522 1132 2565 au-

59 2599 157 2663 ctor,
182 2586 236 2651 sed
259 2586 356 2650 etiam
382 2584 549 2649 institutor
568 2584 668 2648 totius
690 2584 818 2681 generis
845 2582 1000 2660 bomani,
1023 2604 1040 2645 a
1063 2582 1131 2647 Deo

60 2668 218 2737 constitui
241 2666 355 2731 debuit
379 2674 481 2732 aetate
504 2665 669 2751 perlecta3
699 2666 804 2751 risque
832 2664 983 2731 omnibus
1011 2664 1131 2729 instru-

59 2765 157 2828 ctus,
180 2771 263 2835 quae
285 2748 325 2813 ad
347 2748 486 2813 aliorum
516 2749 786 2826 instructionem,
809 2755 842 2812 et
864 2745 1129 2829 gubernationem

62 2835 266 2921 pertinent²‚
295 2830 347 2896 ide
393 2851 432 2895 ue
459 2832 559 2897 etiam
584 2852 754 2907 sermone,
783 2829 876 2895 cuius
903 2829 998 2914 longe
1027 2829 1132 2893 maior

60 2916 241 2983 necessitas
263 2916 377 2999 ingruc
402 2925 434 2981 at
445 2914 468 2976 ⁸.

425 3142 761 3162 Q

96 3230 107 3265 ¹
132 3230 185 3289 Oq.
203 3228 302 3289 dtnpp„
324 3226 362 3275 Dr
385 3226 457 3281 Ver..
476 3238 503 3287 q.
526 3220 560 3281 ll,
581 3239 607 3275 a.
628 3224 644 3274 6
663 3226 697 3275 ad
716 3226 743 3275 Ξ,

96 3300 109 3337 ²
131 3294 169 3351 ct
184 3313 207 3349 s.
229 3293 336 3356 laon,
358 3294 379 3363 l,
399 3312 426 3361 q.
449 3292 541 3352 xctv,
561 3310 587 3347 a.
609 3298 626 3345 3
645 3311 671 3347 u.

95 3372 109 3409 ⁸
129 3366 190 3423 Nou
207 3371 302 3419 desunt
321 3372 400 3432 pauet
420 3370 488 3420 inter
508 3371 577 3429 ipsos
597 3364 757 3427 catholicos,
778 3370 823 3433 qui
842 3379 991 3417 sermonem
1010 3379 1025 3415 a
1047 3367 1134 3429 primo

61 3446 173 3495 bomine
198 3443 379 3505 excogitatum
407 3442 488 3493 luisse
511 3443 675 3504 opinantur,
695 3447 776 3506 atque
800 3440 870 3491 banc
896 3437 1054 3489 sententia
1074 3451 1088 3512 q
1109 3455 1132 3489 s.

61 3515 192 3580 Gregorio
210 3512 327 3578 Nysseno
346 3516 372 3564 in
393 3517 467 3567 orat.
491 3512 538 3565 Xll
559 3516 647 3566 contr.
668 3517 778 3567 Eorum.
799 3511 923 3563 traditam
949 3523 1007 3561 crte
1027 3516 1132 3576 putant.

61 3588 97 3640 tr
117 3590 153 3639 de
171 3589 252 3639 buius
271 3589 356 3637 sancti
377 3586 496 3639 Ductoris
515 3590 643 3643 sententia
664 3588 719 3638 vid.
739 3583 782 3639 lt.
803 3580 906 3638 Coletta
927 3587 952 3635 in
966 3584 1072 3649 egregio
1086 3596 1130 3649 op.

62 3664 238 3723 Sutt’ormtne
256 3661 297 3710 etet
315 3662 470 3724 ttnpunpqto,
490 3667 506 3722 s
526 3660 573 3717 lll,
593 3675 620 3725 p.
641 3662 676 3711 tt
696 3674 754 3725 sqq,
774 3656 866 3723 Napolt
890 3658 970 3711 ldil.

141 3740 250 3793 Parcus.
260 3736 369 3791 Cartsr.
381 3744 519 3805 compend.
536 3741 556 3792 Ι.
972 3736 1025 3790 ¹5⁶
