2475 3909
504 197 763 247 catrsutotosta

488 340 667 406 GAPVT
698 341 755 405 vl.

310 486 356 550 lie
376 488 581 551 auctoritate
603 484 737 550 humaui
757 484 943 550 testimonii

129 610 181 675 75.
204 607 324 685 Quanti
347 609 502 673 momenti
525 609 568 674 sit
588 608 657 671 vim
679 608 776 673 huius
797 608 923 673 criterii
947 620 1101 686 statuere,
1122 632 1159 677 ac

89 692 281 765 vindicare,
302 689 385 754 iiiud
411 696 554 755 maxime
581 689 801 767 demonstrat,
847 689 936 767 uod,
958 713 998 757 eo
1019 693 1159 770 subiato,

90 774 194 839 multa
216 793 276 837 nos
300 773 447 849 laterent,
469 793 553 857 quae
567 771 607 835 ad
623 770 808 837 Catholicae
860 774 1014 857 eiigionis
1037 774 1162 840 Divini-

89 866 189 921 tatem
210 852 446 941 agnoscendam
467 854 647 918 necessaria
670 864 757 930 sunt,
778 854 952 939 siquidem,
975 856 1023 922 uti
1045 878 1070 921 s.
1094 859 1161 921 du-

90 938 238 1023 gustiuus
260 934 501 1013 animadvertit,
516 934 663 1002 Christus
687 937 789 1019 ipsam
806 938 840 1000 in
854 935 1050 1021 quibusdam
1067 938 1161 1003 iactis

114 1018 234 1082 uhlicis
257 1016 429 1093 fundavit,
450 1038 479 1079 e.
504 1037 560 1100 g.,
590 1017 815 1082 inexistentia
844 1019 1102 1095 miraculorum,
1126 1020 1159 1083 in

89 1040 273 1188 diartyrum
295 1098 485 1175 constantia,
507 1098 660 1184 aliisque,
682 1118 766 1183 quae
787 1110 875 1164 certa
899 1100 991 1165 nobis
1012 1122 1158 1167 essenon

88 1194 237 1269 possunt,
260 1182 321 1245 nisi
345 1201 386 1244 cx
408 1178 547 1243 aliorum
570 1181 763 1246 auctoritate
779 1181 904 1257 ¹.Quin
926 1184 1038 1260 immo,
1053 1184 1160 1248 aiente

88 1261 205 1327 eodem
232 1273 341 1328 sancto
373 1260 536 1338 Doctum,
558 1285 577 1324 a
601 1262 702 1327 muita
725 1275 859 1348 possunt
878 1262 1012 1343 aiierri,
1039 1264 1159 1352 quihus

89 1342 277 1412 ostendatur
298 1343 377 1409 nihii
399 1344 531 1408 omnino
554 1343 713 1411 humanae
741 1345 904 1410 societatis
927 1346 1086 1412 incoiume
1109 1368 1162 1413 re·

88 1446 232 1505 manere,
254 1429 281 1490 si
298 1426 376 1490 nihii
398 1425 531 1491 credere
552 1427 774 1502 statuerimus,
795 1426 881 1510 quod
905 1447 966 1491 non
991 1448 1160 1513 possumus

88 1518 199 1573 tenere
221 1508 436 1596 perceptum²
452 1531 481 1569 a.

293 1635 361 1691 Aur.
382 1635 403 1687 Ι.
417 1634 594 1700 «Quaedam
614 1639 736 1689 notiones
755 1639 961 1702 praemittuntur

127 1746 180 1811 76.
203 1744 285 1810 Cum
307 1742 433 1829 aliquid
455 1742 643 1828 nosmetipsi
678 1765 741 1808 non
763 1743 998 1829 cognovimus,
1020 1743 1075 1808 sed
1099 1766 1160 1829 pro

88 1840 178 1894 certo
199 1825 357 1892 habemus
378 1847 418 1889 ex
441 1846 481 1889 eo
502 1823 693 1902 dumtaxat,
716 1825 802 1911 quod
830 1824 870 1889 ab
898 1826 972 1891 aliis
998 1834 1159 1905 narratur,

89 1922 166 1976 tunc
187 1911 307 1975 credere
321 1908 477 1974 dicimur.
501 1908 569 1971 lam
592 1908 650 1991 qui
673 1906 798 1994 aliquid
820 1917 984 1993 tamquam
1006 1928 1023 1971 a
1051 1930 1085 1973 se
1108 1928 1162 1974 co-

90 1993 218 2078 gnitum
240 1991 334 2057 alteri
356 1988 528 2073 significat,
552 1990 649 2065 testis,
672 1999 704 2053 et
725 1992 829 2065 actio,
853 2010 917 2073 qua
939 2011 1009 2055 rem
1032 1992 1161 2069 asserit,

88 2076 299 2140 testimoniam
321 2072 451 2138 dicitur.
476 2070 572 2138 Actio
593 2083 704 2137 autem
723 2118 731 2148 ,
753 2092 817 2157 qua
845 2073 917 2137 tosti
951 2074 1161 2151 assentimur,

87 2156 174 2305 pidea,
190 2157 332 2232 stratio,
348 2174 412 2239 qua
437 2152 484 2217 iiii
497 2155 704 2229 assentimur,
727 2155 795 2219 sive
816 2154 878 2230 vis,
901 2174 964 2239 qua
987 2156 1077 2220 testis
1093 2156 1163 2252 poi-

102 2251 146 2315 et,
171 2236 320 2304 movendi
343 2258 402 2300 nos
424 2233 464 2297 ad
487 2254 666 2311 assensum,
689 2236 861 2300 auctoritas
883 2235 985 2301 audit.
1006 2237 1164 2321 Gignrtur

89 2331 200 2387 autem
221 2319 400 2385 auctoritas
426 2316 567 2380 aiicuius
595 2318 685 2381 testis
712 2338 753 2381 ex
774 2320 844 2382 eius
867 2319 1013 2395 scientio,
1035 2330 1069 2384 et
1086 2336 1163 2401 pro-

89 2402 195 2477 ditote;
213 2422 287 2465 nam
311 2409 379 2466 tum
402 2398 473 2463 testi
496 2396 592 2462 iidem
614 2396 837 2484 adiungimus,
857 2421 930 2465 curn
954 2400 1026 2465 iure
1046 2402 1164 2466 existi-

89 2497 199 2551 matur
220 2484 328 2569 ipsum
349 2492 382 2547 et
404 2479 571 2545 veritatem
593 2490 779 2545 assecutum
799 2501 885 2557 esse,
907 2492 940 2545 et
960 2502 1034 2547 vera
1058 2485 1161 2567 ioqui.

90 2590 108 2627 a
131 2566 223 2644 Quod
246 2566 344 2631 alicui
367 2584 429 2627 non
445 2559 608 2639 credatur,
625 2583 665 2626 es
680 2560 808 2627 duobus
823 2565 994 2649 contingit,
1015 2574 1071 2630 aut
1085 2567 1164 2649 quia

90 2660 151 2726 est,
174 2649 223 2713 vel
248 2658 422 2734 reputatur
450 2644 624 2729 ignorans;
648 2652 704 2709 aut
729 2647 807 2729 quia
834 2655 893 2722 est,
916 2646 966 2710 vei
989 2656 1164 2731 reputatur

90 2729 230 2797 mendax
244 2731 256 2767 ⁸
272 2754 301 2792 n.
324 2731 462 2814 Insuper
482 2728 660 2791 auctoritas
687 2737 744 2793 aut
771 2726 913 2803 Divina,
938 2739 994 2793 aut
1022 2731 1161 2794 humana

90 2822 160 2887 est,
181 2832 285 2897 eaque
308 2832 382 2879 cum
405 2812 492 2875 circa
514 2807 692 2895 dogmata,
714 2820 785 2876 tum
812 2811 898 2876 circa
926 2808 1010 2878 iacta
1037 2815 1162 2877 versari

115 2904 208 2959 otest.

90 2915 181 3043 pv.
206 2974 253 3038 De
275 2972 470 3039 auctoritate
498 2970 616 3035 Divina
647 2971 786 3058 impium
808 2985 856 3041 est
878 2973 1060 3073 disputare,
1082 2978 1164 3061 quia

91 3080 165 3124 cum
187 3056 275 3121 Deus
296 3058 339 3120 sit
360 3076 403 3120 ex
424 3053 561 3118 essentia
582 3073 641 3117 sua
663 3074 780 3129 verax,
804 3056 904 3120 immo
927 3078 997 3143 ipsa
1018 3059 1164 3136 Veritas,

90 3141 177 3208 Eum
199 3138 250 3212 rel
273 3137 394 3223 decipi,
416 3134 466 3201 vel
490 3134 641 3219 decipere
663 3157 860 3223 quemquam
883 3151 1042 3227 repugnat
1062 3160 1165 3226 quam

127 3362 136 3397 ¹
160 3363 199 3411 De
217 3361 274 3410 otii.
294 3359 425 3415 credendi,
446 3371 472 3407 c.
489 3357 522 3406 id
541 3370 601 3420 sqq.
620 3371 646 3406 n.
662 3357 696 3409 at
710 3372 768 3424 sqq.
784 3356 849 3409 Hinc
864 3358 965 3409 iactum
980 3360 1030 3412 est.
1046 3362 1076 3405 ut
1088 3352 1167 3405 nulio

90 3447 144 3485 non
163 3438 283 3494 tempore
302 3433 392 3481 taoatea
410 3425 553 3493 Religionis
566 3423 734 3480 Christianae
753 3432 807 3481 rim
826 3431 993 3482 auctoritatis
1007 3430 1167 3491 impugnare

89 3518 138 3571 pro
156 3504 258 3554 viribus
276 3504 364 3553 conati
384 3504 447 3553 sint.
663 3516 667 3523 ·

127 3574 140 3612 ²
159 3576 209 3639 Op.
228 3576 284 3633 cit..
305 3589 331 3624 c.
353 3574 397 3631 ti,
419 3589 445 3623 n.
466 3573 513 3630 26,
533 3577 561 3621 et
581 3572 627 3623 28.
649 3570 685 3623 Εἰ
703 3578 740 3624 tie
760 3578 837 3634 Ord..
858 3576 905 3627 lib.
928 3573 960 3639 ΙΙ,
984 3588 1008 3625 a.
1024 3574 1051 3632 9,
1073 3586 1090 3621 u
1116 3572 1165 3623 26.

127 3646 140 3693 i
160 3649 192 3701 ia
210 3646 254 3698 tii.
275 3647 312 3697 Dc
332 3647 574 3703 visitatationis„
596 3660 621 3694 c.
645 3646 671 3705 d,
692 3650 755 3697 tect.
778 3646 798 3698 Ι.
