2475 3909
460 224 543 273 rans
563 224 669 272 amna
1028 210 1069 275 {li

49 324 104 370 esse
126 303 362 400 multiplicem¹
377 325 407 368 e.
425 326 469 390 g,
494 308 667 391 multiplex
689 315 738 373 est
758 306 815 371 illa
837 310 1037 387 enunciatio,
1053 312 1110 377 Sa·

48 400 148 462 natu,
171 409 227 473 qur
248 396 292 454 est
311 385 531 470 philosophus,
557 388 714 471 disputat,
736 387 815 474 quia
837 388 1000 466 incidens,
1024 411 1109 476 qnae

47 466 164 533 additur
184 467 347 541 subiecto,
370 488 433 531 non
456 468 598 552 pertinet
626 468 666 533 acl
687 470 860 533 essentiam
882 468 1046 549 subiecti,
1069 490 1108 535 ac

46 550 170 631 pminde
192 550 298 635 ipsum
322 546 494 633 multiplex
515 550 623 614 efficit.

140 672 334 728 alani-lla
352 677 528 739 oppositione,
548 682 576 727 et
595 678 769 727 conversione
788 678 1010 727 enunciationum

73 784 121 851 82.
144 783 319 868 Oppositio
341 784 489 849 consistit
512 785 804 860 inanimatione,
828 792 862 850 et
881 786 1052 870 negatione
1075 810 1109 853 e-

43 863 159 929 iusdem
185 863 363 948 praedicati
386 864 426 929 de
448 864 563 929 eodem
585 864 733 930 subiecto
755 865 932 930 secundum
960 866 1109 931 eamdem
1191 874 1194 886 '

42 946 203 1009 rationem.
228 946 313 1011 Hinc
336 946 505 1029 oppositae
528 960 604 1013 sunt
625 944 712 1010 duae
733 946 997 1024 enunciationes,
1025 968 1109 1033 qnae

42 1024 152 1090 habent
175 1024 263 1091 idem
285 1024 491 1105 subiectum,
514 1037 547 1093 et
569 1027 655 1092 idem
677 1024 927 1110 praedicatum,
950 1037 983 1091 et
1003 1030 1111 1110 quali-

43 1117 97 1171 tate
121 1109 210 1173 inter
232 1126 264 1170 sc
286 1106 465 1185 differunt,
495 1110 539 1174 ita
567 1118 604 1173 ut
631 1127 696 1170 una
724 1107 767 1171 sit
795 1104 979 1185 affirmans,
1006 1109 1109 1174 altera

42 1208 73 1251 ns
116 1210 167 1254 ns.

115 1318 123 1331 .
140 1270 212 1333 lam
227 1268 472 1333 enunciationes
486 1288 529 1350 op
553 1269 656 1333 ositae
669 1266 825 1331 dicuntur
838 1268 1108 1345 contradictoriae,

42 1352 63 1415 si
85 1372 148 1415 una
172 1370 287 1414 earum
310 1359 356 1414 est
378 1290 594 1425 universalis,
625 1348 725 1412 altera
754 1346 985 1432 particularis,
1007 1370 1037 1413 e.
1062 1372 1107 1435 g„

42 1434 146 1497 Omnis
171 1430 260 1493 loma
281 1444 324 1493 est
349 1432 473 1508 iustus,
499 1431 623 1515 Aliquis
644 1428 734 1491 inmo
753 1448 814 1491 uon
841 1439 883 1491 est
907 1430 1034 1508 iustus3
1057 1432 1108 1496 vel

42 1514 232 1588 contrariae,
255 1512 282 1575 si
306 1509 419 1576 ambae
442 1512 508 1577 sint
527 1510 738 1586 universales,
761 1530 791 1574 e.
816 1528 863 1604 g„
887 1510 998 1574 Omnis
1021 1512 1110 1575 lamo

42 1608 78 1657 est
98 1599 216 1669 tusam,
241 1592 359 1657 Nullus
379 1591 468 1655 lamo
490 1604 531 1656 est
554 1594 669 1655 iustus.
686 1588 782 1666 Quod
803 1610 831 1654 sa
853 1590 1109 1668 enunciationes,

43 1696 178 1757 quarum
200 1694 265 1739 una
286 1685 335 1740 est
349 1673 523 1753 affirmans,
539 1674 641 1739 altera
656 1691 794 1765 negans,
816 1669 881 1735 sint
901 1670 1016 1763 ambae
1038 1694 1111 1758 par·

44 1758 210 1834 tiaulares,
227 1756 318 1840 ipsae
339 1753 492 1820 dicuntur
512 1756 755 1828 subcontrariae
771 1774 800 1817 e.
818 1772 867 1835 g„
883 1751 1007 1834 Alaquis
1021 1752 1110 1817 tomo

42 1852 80 1901 est
99 1840 220 1913 iustus,
237 1835 361 1921 Aliquis
382 1835 470 1898 homo
490 1858 551 1901 uon
573 1846 616 1901 est
638 1835 754 1897 iustus.
771 1836 815 1897 At
827 1830 989 1895 eiusmodi
1010 1855 1111 1898 enun—

42 1920 207 1995 tiationes,
228 1914 504 2000 quamadmodum
526 1916 654 1981 monuit
674 1936 700 1978 s.
716 1912 892 1987 Thomas¹,
914 1915 943 1977 si
966 1916 1109 1997 proprie,

41 2014 68 2066 at
87 2002 201 2065 stricte
224 1998 488 2075 considerentur,
511 2018 574 2063 non
596 2006 671 2061 sunt
692 1994 876 2080 oppositae,
901 1994 981 2078 quia
1004 1994 1111 2060 subie-

42 2094 138 2157 ctum,
162 2100 241 2144 cum
264 2080 298 2143 in
320 2078 476 2143 ambabus
497 2100 539 2143 ex
560 2088 650 2164 parte
671 2083 827 2152 sumatur,
851 2095 917 2139 non
939 2084 988 2141 est
1008 2075 1109 2154 idem,

41 2164 89 2225 sed
111 2162 319 2225 diversumi.

76 2243 129 2309 st.
153 2243 224 2305 lam
245 2238 332 2325 qnod
355 2248 477 2337 spectat
496 2239 536 2305 ad
558 2238 806 2305 enunciationes
824 2235 1109 2315 contradictorias,

41 2323 117 2389 nihil
141 2321 246 2386 medii
269 2323 353 2387 inter
376 2342 462 2405 ipsas
484 2332 543 2398 est,
566 2321 621 2385 sed
644 2321 671 2383 si
694 2340 758 2382 una
781 2318 927 2403 ipsarum
949 2330 999 2385 cst
1020 2340 1109 2395 vera,

42 2405 140 2469 altera
163 2402 246 2467 falsa
267 2423 336 2469 esse
357 2402 464 2468 debet.
488 2405 525 2469 Ε.
544 2423 588 2486 g,
610 2402 726 2466 harum
749 2399 889 2464 duarum
910 2401 1111 2465 enunciatio-

42 2506 128 2563 anm,
152 2485 266 2551 onais
286 2484 374 2549 ltomo
394 2494 438 2548 cst
457 2484 588 2561 animal,
604 2481 729 2568 Aliquis
743 2480 832 2545 inmo
846 2501 908 2545 acu
921 2492 963 2543 eat
977 2482 1109 2559 animal,

43 2586 112 2629 cnm
135 2565 245 2650 prima
266 2566 310 2630 sit
332 2586 420 2643 vera,
435 2565 536 2631 altera
559 2565 641 2629 ialsa
661 2584 730 2629 esse
752 2560 858 2627 debet.
883 2564 911 2629 E
932 2563 1110 2640 contrario,

43 2646 155 2712 harum
179 2644 336 2724 duarum,
360 2648 478 2711 Nullus
500 2648 589 2712 loma
611 2656 655 2709 cst
677 2648 798 2721 iustus,
820 2643 865 2707 ali
885 2645 937 2708 uis
959 2643 1049 2707 homo
1070 2655 1112 2707 est

42 2728 155 2806 iustus,
171 2728 329 2812 quoniam
352 2728 492 2793 secunda
506 2738 554 2794 est
570 2748 656 2804 vera,
674 2726 780 2812 prima
796 2746 854 2810 pro
867 2662 950 2789 lalsa
963 2725 1112 2791 habenda

384 2860 718 2877 ..φ-Μ

76 2938 83 2973 ¹
106 2940 139 2988 lu
157 2938 205 2987 ιιιι.
225 2940 413 3000 ιΡιιιιιινιη.,
435 2941 497 2990 loct.
520 2937 566 2990 lll.

76 3008 87 3044 ²
103 3006 165 3059 Non
186 3011 265 3072 pauet
279 3015 399 3061 recentes
413 3013 482 3062 inter
493 3014 695 3063 enunciationes
707 3012 843 3074 opporttno
856 3015 1018 3061 enumerent
1030 3011 1113 3060 etiam

44 3080 224 3141 mammas,
245 3095 290 3132 eas
310 3096 424 3146 nempe,
444 3097 513 3147 quac
532 3086 662 3147 qualitate
680 3096 773 3133 accam
792 3082 971 3140 conveniant,
992 3086 1020 3130 et
1039 3081 1113 3132 otne-

45 3158 101 3201 rant
120 3153 212 3202 solum
232 3156 391 3216 quantitate,
412 3170 437 3205 c.
452 3170 491 3219 a„
513 3158 604 3207 Omatr
623 3158 700 3205 tomo
715 3163 752 3207 ast
768 3156 861 3212 luctus,
874 3154 975 3216 Aliquis
987 3155 1063 3202 homa
1076 3160 1113 3204 ast

45 3224 141 3283 ιιιικι,
163 3226 207 3275 rel
226 3226 317 3275 Nullus
334 3228 410 3277 laomo
429 3235 466 3277 cst
483 3230 583 3287 turma,
612 3228 712 3291 Aiiqaia
735 3228 813 3276 acmo
838 3240 891 3274 uon
910 3232 946 3273 est
964 3227 1055 3274 tuctur.
1078 3225 1112 3273 At

45 3298 243 3345 manciationea
261 3296 430 3347 subalternae
454 3299 525 3349 nnita
547 3301 650 3349 ratione
668 3300 806 3362 oppositae
831 3297 883 3345 dici
903 3300 1023 3357 possunt.
1044 3292 1111 3344 Nam

45 3366 71 3413 ad
89 3368 289 3430 oppositionem
307 3370 523 3419 enunciationnm
537 3371 751 3423 constituendam
764 3369 950 3431 expostulatur
963 3366 1113 3416 differentia

46 3440 189 3489 mnndum
209 3438 379 3501 qualitatem,
404 3442 442 3489 lta
461 3446 490 3491 ut
509 3442 535 3490 ln
555 3455 606 3492 una
627 3445 745 3505 ipsarum
768 3441 801 3489 de
825 3440 946 3489 subtecto
964 3438 1112 3488 affirmetur

45 3512 213 3567 attributum,
233 3511 303 3573 quod
322 3511 355 3561 ale
374 3512 466 3561 eodem
493 3513 613 3564 subiecto
633 3518 659 3564 in
678 3514 764 3562 altera
782 3511 969 3561 enunciatione
989 3514 1112 3572 negatum

46 3584 111 3643 alani
133 3582 339 3633 enunciationcs
357 3582 520 3634 subalternae
544 3586 674 3646 qualitate
693 3597 784 3635 ascum
803 3582 874 3632 haud
895 3586 1028 3645 pugnant3
1049 3593 1113 3642 erpo

46 3650 110 3711 ipsae
131 3654 183 3703 sitsi
204 3656 342 3717 oppositae
362 3654 470 3706 minime
489 3656 616 3711 dicendae
635 3662 707 3713 sunt.
867 3722 885 3757 ι
