2475 3909
192 203 232 269 36
605 184 787 276 oiuoaooii

151 308 321 376 dividitur.
347 304 499 371 Pulcrum
521 305 732 373 artificiosum
761 319 808 376 est
831 309 922 392 illud,
943 313 1030 401 quud
1053 320 1088 385 in
1108 326 1212 410 operi.

150 392 212 459 hus
233 389 418 458 artificiosis
439 389 572 454 humani
601 391 724 474 ingenii
748 393 912 478 splendet3
935 398 1012 463 haec
1040 404 1151 485 enim,
1175 420 1211 473 ut

149 473 301 540 omnihus
320 472 522 559 experientia
544 483 744 555 compertum
767 486 826 550 est,
850 478 876 540 si
898 484 1140 564 proportionem
1162 491 1209 553 in·

149 568 199 623 ter
222 566 351 642 partes,
374 550 555 637 exquibus
577 563 733 628 constant,
779 577 833 620 rae
855 578 888 622 se
911 558 1041 638 ierunt,
1064 569 1207 635 animum

148 638 368 725 cognoscentis
389 634 553 719 voluptate
575 634 728 701 alliciunt.
754 572 906 703 luterum
927 643 1047 710 morale
1062 648 1096 711 in
1112 654 1208 718 actio-

149 726 245 791 nibus
265 720 415 787 humanis
438 717 613 793 invenitur,
636 728 793 801 quatenus
814 720 873 784 hae
895 743 969 788 cum
991 732 1147 809 aeternis,
1172 755 1206 797 ac

147 800 409 873 immutabilibus
423 798 545 886 regulis
560 819 688 863 morum
703 802 945 887 proportionem
961 806 1079 876 hahent
1093 812 1116 874 ¹.
1134 815 1207 879 Pul-

146 912 238 954 crnm
260 895 367 952 autem
382 881 540 958 naturale,
560 880 599 945 ad
615 880 702 965 quod
718 882 795 947 haec
810 886 960 950 tractatio
974 891 1114 958 maxime
1136 916 1207 982 spe-

145 984 221 1047 ctat,
246 968 327 1036 illud
348 977 407 1044 est,
445 962 507 1029 uod
522 974 590 1028 tum
607 962 641 1026 in
656 964 792 1047 singulis
812 969 938 1031 naturis
952 990 1072 1050 rerum,
1090 986 1161 1041 tum
1174 978 1206 1042 in

145 1052 277 1129 mundo,
299 1050 357 1135 qui
371 984 492 1113 exlllis
505 1044 880 1142 ¹compon·itu·r,·eliulget.
898 1049 1026 1116 Etenim
1042 1074 1205 1142 unaquae-

143 1156 207 1219 que
230 1144 346 1199 natura
366 1151 408 1195 ex
429 1126 576 1216 pluribus
598 1145 770 1210 principiis
789 1140 925 1206 constat,
945 1152 1028 1217 quae
1051 1138 1206 1207 unitatem

143 1217 214 1281 eins
235 1216 399 1290 alliciunt,
421 1228 595 1305 omnesque
616 1217 749 1303 naturae
767 1209 816 1304 ¹ita
839 1210 923 1277 inter
943 1234 977 1278 se
999 1216 1204 1303 colligantur,

142 1308 180 1364 ut
193 1320 277 1364 unus
291 1294 430 1363 mundus
445 1314 486 1357 ex
497 1293 578 1377 ipsis
591 1297 718 1355 existat.
732 1290 817 1354 ilinc
853 1294 961 1359 ulcrae
973 1295 1126 1366 dicuntur
1140 1309 1205 1371 sin-

142 1383 238 1467 gulae
259 1379 382 1467 species
403 1395 526 1453 rerum,
541 1382 574 1437 et
587 1371 723 1459 pulcher
740 1391 818 1437 mun
843 1394 892 1451 us,
908 1379 964 1462 qui
981 1399 1023 1443 ex
1038 1381 1103 1447 illis
1116 1405 1204 1451 com-

165 1466 286 1531 unitur.

143 1484 163 1549 p
182 1549 252 1615 104.
276 1542 429 1609 Diximus
450 1537 499 1600 iiii
518 1535 586 1600 iilos
606 1534 717 1618 species
739 1555 859 1613 rerum3
881 1560 955 1603 iiam
970 1544 996 1607 si
1011 1565 1063 1610 res
1084 1549 1198 1612 nonin

140 1630 225 1696 notis
247 1628 315 1694 suis
336 1556 566 1709 singularitlus,
590 1616 644 1682 sed
660 1617 759 1713 insui
777 1621 914 1713 essentia
929 1637 1124 1707 spectentur,
1142 1630 1203 1693 du-

140 1708 310 1780 bitandum
330 1712 468 1781 nonest,
484 1701 564 1787 quin
579 1698 763 1785 pulcritudo
778 1711 820 1765 sit
834 1704 979 1769 omnium
1001 1729 1110 1774 rernm
1127 1732 1201 1796 pro

139 1796 271 1879 pristas.
294 1792 342 1856 lle
363 1785 497 1874 quidem
525 1803 624 1861 vera,
647 1802 722 1846 cum
745 1780 831 1845 Deus
858 1785 901 1847 sit
929 1800 1117 1855 naturarum
1146 1815 1201 1857 au-

138 1888 219 1957 ctor,
242 1874 398 1942 horinon
420 1873 535 1955 potest,
558 1873 594 1929 ut
614 1864 648 1928 in
668 1862 736 1927 nlla
758 1873 871 1929 natura
890 1867 941 1932 vel
955 1871 1088 1959 aliquod
1110 1879 1203 1972 prin-

137 1960 282 2045 cipium,
303 1951 390 2041 quod
413 1951 452 2016 ad
475 1949 579 2032 ipsam
600 1942 800 2010 alliciendam
821 1950 1021 2045 requiritur,
1043 1956 1093 2020 vel
1115 1973 1204 2025 inter

137 2040 311 2128 principia,
326 2056 409 2121 quae
423 2034 526 2119 ipsam
541 2028 695 2103 efficiunt,
710 2026 789 2123 urdo
803 2026 1017 2125 desideretur.
1034 2038 1203 2115 Quamob-

136 2146 206 2189 rem
235 2144 275 2187 ne
296 2120 366 2185 lieri
387 2113 518 2201 quidem
542 2119 656 2197 potest,
679 2118 714 2173 ut
728 2129 889 2195 quispiam
912 2129 1062 2183 naturam
1077 2122 1126 2186 rei
1143 2144 1203 2207 pe-

135 2206 224 2272 nitus
245 2209 436 2289 cognoscat,
460 2216 517 2259 nec
540 2206 647 2289 tamen
668 2212 686 2255 e
708 2194 891 2277 cognitione
919 2199 991 2265 eius
1018 2202 1118 2267 uttam
1142 2226 1202 2269 vo.

134 2286 293 2375 luptatem
315 2281 442 2348 sentiat.
466 2281 509 2341 At
529 2276 555 2339 si
578 2296 609 2338 in
627 2272 723 2338 relius
738 2278 894 2369 essentiae
910 2300 974 2346 non
989 2284 1200 2351 consideren-

134 2381 189 2439 tur
210 2391 270 2456 per
290 2388 335 2443 se,
359 2361 412 2428 sad
436 2368 533 2447 prout
555 2377 613 2442 per
627 2368 718 2423 notas
732 2358 913 2442 singulares
934 2364 1197 2445 indiridnantur,

133 2455 223 2539 ipsae
244 2449 296 2518 vel
317 2448 460 2535 pulcrae,
485 2440 534 2505 vel
557 2439 719 2535 deformes
731 2458 801 2502 esse
816 2456 959 2525 possunt.
975 2448 1107 2513 Etenim
1120 2471 1201 2516 cau-

133 2556 187 2600 sae
217 2534 406 2620 proximae,
434 2546 471 2590 ac
500 2518 706 2587 immediatae
734 2541 845 2586 rerum
873 2527 1092 2614 singularium
1121 2546 1201 2600 sunt

133 2616 214 2681 aliae
234 2637 286 2681 res
308 2608 505 2699 singulares,
529 2605 597 2701 sive
619 2622 734 2668 causae
756 2606 928 2672 naturales.
951 2614 1050 2698 Atqui
1074 2637 1196 2681 causae

132 2698 293 2763 naturales
315 2696 360 2761 ita
383 2711 489 2759 secum
511 2686 586 2750 colli
612 2695 720 2757 antur.
737 2689 871 2753 utactio
893 2694 990 2758 unius
1012 2694 1053 2759 ah
1067 2701 1197 2765 actione

131 2780 266 2845 alterius
288 2773 462 2861 impediri,
487 2778 543 2834 aut
564 2705 676 2832 saltem
698 2766 825 2833 turbari
850 2776 950 2857 possit
963 2778 987 2839 ².
1011 2778 1099 2863 Ergo
1120 2779 1199 2847 lieri

131 2870 246 2946 potest,
268 2872 306 2925 ut
326 2878 377 2922 res
400 2851 580 2940 singulares
594 2849 703 2935 aliqua
718 2862 867 2917 notarum
887 2870 1030 2937 careant,
1052 2882 1138 2945 quae
1152 2864 1198 2928 ad

130 2940 385 3029 pulcritudinem
407 2932 665 3001 constituendam
686 2934 898 3017 requiruntur
912 2942 935 3004 ⁸.

730 3120 824 3132 anan—u

161 3223 172 3259 i
192 3218 260 3271 ilinc
278 3230 301 3267 a.
322 3207 437 3263 Thomas
455 3208 487 3257 de
507 3207 557 3256 hoc
577 3202 672 3267 pulcro
691 3204 813 3267 loquens,
832 3206 929 3270 inquit:
954 3227 965 3254 i
988 3206 1016 3260 ln
1035 3209 1086 3262 hoc
1104 3218 1204 3265 oonsi-

125 3296 181 3354 itti,
201 3292 270 3358 qnod
290 3282 456 3339 conversatio
475 3276 601 3336 hominii,
622 3277 677 3327 iiio
695 3278 766 3327 actio
784 3279 854 3338 eins,
867 3280 902 3329 iit
913 3279 980 3332 hone
993 3285 1199 3346 proportionau

125 3366 270 3418 secuudum
290 3357 454 3424 spirituatem
474 3354 582 3402 rationis
601 3349 762 3402 claritatem.
776 3348 833 3402 lloc
851 3357 942 3403 autem
961 3357 1076 3417 pertinet
1093 3358 1128 3407 ad
1148 3373 1200 3409 ra-

125 3441 223 3488 tionem
241 3433 361 3491 honesti,
381 3425 451 3493 quod
469 3424 583 3474 diximus
601 3423 670 3472 idem
689 3434 747 3471 esic
765 3425 874 3483 virtuti,
893 3438 962 3489 quia
980 3429 1129 3480 iocundum
1149 3445 1202 3481 ra.

124 3511 224 3560 tionem
242 3506 395 3557 moderatur
412 3510 504 3550 onina·
522 3510 564 3546 res
582 3495 713 3545 humanas
735 3511 759 3554 ·;
779 3495 810 3545 2·
827 3495 878 3557 2⁸²,
899 3511 928 3561 q.
947 3493 1054 3562 CLXV,
1074 3515 1101 3552 a.
1122 3501 1142 3552 2
1161 3518 1195 3557 c.

159 3580 172 3618 ²
191 3576 227 3633 Ci
242 3576 383 3634 Critolai„
402 3586 428 3624 c.
449 3568 494 3630 tv,
514 3582 541 3619 a.
560 3568 588 3628 2,
609 3580 637 3631 p.
655 3564 787 3627 250-251,
805 3569 860 3619 rol.
880 3566 902 3620 1.

163 3652 175 3691 ³
194 3646 271 3704 Circi
283 3662 362 3712 opera
377 3643 528 3701 artificiosa,
542 3646 623 3704 atque
635 3640 753 3690 actiones
765 3640 895 3693 huminis
906 3646 979 3705 pitet
988 3657 1055 3708 opus
1067 3646 1199 3701 deforme

124 3725 249 3784 evadere,
271 3724 292 3773 si
311 3720 405 3773 artilex
425 3715 489 3767 illud
507 3728 559 3765 non
579 3711 702 3763 conficiat
720 3714 865 3764 secundnm
885 3717 954 3780 teges
971 3720 1053 3780 irtio,
1073 3734 1146 3783 quae
1166 3727 1197 3772 ci·
