2475 3909
452 188 727 276 aaruuorococra
993 208 1054 275 257

47 308 159 377 diaute
182 309 288 375 oculo.
312 308 541 375 Communicat
562 321 670 375 tamen
687 311 719 375 in
734 330 772 374 ea
787 310 976 394 operatione
997 332 1116 396 corpus

46 416 87 458 ex
110 403 199 478 parte
219 390 354 468 obiecti;
371 410 444 455 nam
462 392 683 477 phantasmata
705 392 773 457 aine
797 392 926 477 organis
948 393 1116 479 corporeis

45 497 116 540 esse
140 496 203 539 non
227 474 385 559 possunt‘
403 496 432 535 a.

283 596 352 648 Aac.
367 594 426 648 Vll.
443 624 476 633 -
491 592 632 647 llelutatur
651 597 881 659 phrenotogirmus

89 706 159 771 160.
185 704 226 770 Ut
247 703 327 789 quid
350 704 410 768 hoc
431 714 568 791 systema
590 704 644 780 sit,
668 702 799 772 facilius
825 702 1054 788 explicemus,
1080 702 1119 767 il-

49 788 107 852 lud
130 788 164 851 iu
187 787 302 872 primis
329 803 572 864 memoramus,
595 807 614 849 a
636 782 926 883 diligentioribus,
949 794 981 849 et
1002 788 1117 871 peritis

46 881 184 935 naturae
207 867 469 943 scrutatoribus,
493 876 628 965 propter
650 867 802 934 intimum
825 887 964 942 nexum,
987 870 1046 952 qui
1070 870 1118 932 in·

47 966 101 1017 ter
123 952 278 1025 animam,
301 959 334 1016 et
356 970 475 1035 corpus
498 949 681 1025 intercedit,
707 972 749 1014 ex
769 952 867 1016 huius
888 948 1118 1015 conforrnatio-

48 1054 104 1108 ne,
127 1042 160 1097 et
181 1031 372 1097 habitudine
395 1032 547 1097 nonnulla
570 1052 634 1095 non
657 1032 790 1115 quidem
812 1042 912 1109 certa,
929 1032 984 1097 sed
1001 1030 1118 1118 proba·

48 1114 133 1178 bilia
153 1111 275 1179 indicia
297 1113 451 1191 de,illius
465 1114 615 1179 interiori
631 1123 717 1179 statu
732 1125 901 1213 perspecta
915 1113 1028 1179 fuisse.
1053 1116 1119 1179 Ex-

48 1194 127 1260 inde
154 1203 264 1260 ortum
289 1196 404 1261 babuit
450 1196 675 1279 deiopaomia.
697 1195 788 1271 Quae
812 1208 897 1263 mter
917 1208 1041 1264 veteres
1064 1198 1119 1262 ba-

48 1276 124 1342 buit
146 1275 286 1343 cultores
307 1280 391 1363 Emp
433 1216 548 1355 oclem,
570 1278 755 1354 Platonem,
779 1280 999 1355 Aristotelem,
1023 1278 1118 1345 Gale-

49 1380 143 1434 num,
165 1359 323 1445 aliosque;
347 1357 456 1423 medio
470 1380 552 1425 aevo
567 1380 645 1445 prae
660 1360 774 1427 ceteris
789 1361 1000 1436 hvicennam,
1016 1369 1049 1425 et
1063 1362 1119 1425 hl-

48 1439 182 1505 bertum
205 1443 384 1526 Magnum
408 1442 440 1505 iu
464 1444 587 1508 recenti
619 1451 724 1507 aetate
757 1462 953 1528 magnopere
981 1441 1119 1509 adaucta

50 1521 119 1618 fuit
137 1524 422 1668 anostrohloanne
445 1524 588 1610 Baptista
610 1524 719 1602 Porta,
743 1523 895 1601 Lavater,
915 1523 1064 1610 Compar,
1087 1546 1121 1590 a·

50 1605 398 1763 ¹¹¹1lleillirinrliibte
420 1686 481 1751 boc
502 1686 654 1763 saeculo,
677 1686 761 1764 Gall,
783 1685 917 1773 eiusque
939 1685 1121 1772 discipulus

49 1768 243 1851 Spurzbeim
267 1766 473 1862 usqueadeo
496 1779 745 1864 processerunt,
769 1778 805 1835 ut
825 1781 964 1918 spatema
985 1769 1121 1855 phreno-

50 1848 221 1934 logicum,
244 1870 304 1914 seu
331 1870 577 1937 eronwscoprom
603 1850 810 1927 invexerint,
865 1873 922 1916 aec
945 1851 1121 1937 praecipue

50 1939 251 1996 statuentes:
279 1929 311 1995 1⁰
333 1931 513 1997 Cerebrum
542 1952 607 1996 non
630 1941 680 1997 est
700 1931 832 1997 unicum
859 1953 1040 2017 organum,
1064 1932 1121 1998 sed

51 2034 97 2077 ex
119 2014 230 2078 multis
251 2014 385 2098 organis
410 2016 503 2079 inter
536 2035 605 2080 sese
628 2014 790 2078 distinctis
817 2025 950 2081 constat..
973 2010 1009 2077 2⁰
1034 2016 1122 2081 llaec

51 2115 199 2179 organa,
224 2106 322 2181 prout
343 2096 470 2181 magis,
492 2096 641 2162 minusve
665 2095 891 2180 explicantur,
914 2107 946 2162 et
968 2096 1124 2163 evolvun-

51 2187 122 2252 tur,
145 2179 309 2254 maiores,
332 2188 389 2243 aut
410 2179 553 2243 minores
576 2177 887 2251 circumvolutiones
915 2182 947 2242 in
973 2178 1121 2258 cerebro,

51 2257 255 2344 totidemque
280 2262 312 2323 in
334 2260 478 2323 calvaria
497 2259 759 2357 protuberantias
772 2262 845 2326 istis
858 2260 1123 2329 circumvolutio·

51 2340 152 2406 nibus
174 2339 403 2427 respondentes
422 2343 577 2409 efficiunt.
593 2341 627 2409 3⁰
643 2340 776 2425 Singula
790 2342 868 2408 baec
883 2362 1016 2427 organa,
1034 2342 1124 2409 ideo-

52 2443 121 2505 que
143 2424 290 2507 singulae
309 2423 469 2489 calvariae
491 2423 758 2509 protuberantiae
783 2435 857 2491 suut
879 2424 1123 2509 primitivarum

51 2506 159 2569 animi
183 2504 374 2571 facultatum
396 2504 510 2583 sedes,
532 2508 598 2571 imo
622 2507 630 2570 i
658 2526 711 2570 sae
735 2504 905 2573 facultates
926 2526 1123 2590 organorum

52 2588 187 2651 nomine
209 2587 367 2672 appellari
391 2598 536 2673 possunt.
558 2586 594 2653 d⁰
648 2588 757 2653 omine
772 2588 961 2656 facultatum
983 2588 1125 2672 primiti·

52 2688 173 2732 varum
204 2689 268 2733 uon
291 2670 427 2736 veniunt
447 2669 547 2747 illae,
569 2690 654 2755 quae
677 2691 695 2735 a
716 2670 927 2759 Psycbologis
952 2668 1052 2754 vulgo
1073 2690 1125 2734 re-

50 2761 241 2837 censentur,
264 2771 379 2834 nempe
403 2750 541 2817 facultas
565 2751 749 2828 sentiendi,
773 2745 987 2838 imaginandi,
1012 2750 1125 2815 volun-

53 2844 128 2907 tas,
150 2842 183 2897 et
204 2832 288 2897 aliae
310 2832 521 2910 huiusmodi,
544 2833 599 2900 sed
624 2834 732 2918 potius
751 2835 913 2899 naturales
936 2834 1125 2929 propensio-

51 2933 128 2989 nes,
148 2934 229 2998 quas
249 2914 388 2999 quisque
411 2918 569 2994 sortitur,
591 2917 640 2981 uti
666 2937 725 3002 pro
749 2915 840 2980 eosio
863 2918 897 2981 iu
917 2924 1066 3013 poesim,
1091 2916 1125 2979 in

54 2996 252 3073 amicitiam,
275 2996 309 3060 in
331 2997 601 3063 mathematicam.
623 2996 715 3063 Unde
729 2936 927 3083 l’hrenologr
943 2998 977 3060 iu
992 2994 1126 3060 cerebro

53 3075 264 3163 distinguunt
284 3097 323 3141 or
345 3098 443 3142 anum
466 3080 671 3154 matheseos,
694 3079 875 3161 amicitiae,
906 3075 1124 3153 iracundiae,

53 3158 227 3226 homicidii
248 3169 310 3225 etc.
363 3160 518 3227 aeultates
540 3183 617 3227 vero
640 3182 659 3225 a
681 3160 914 3257 Metaphysieis
946 3160 1126 3223 recensitae
1189 3203 1192 3210 -

55 3261 123 3305 non
144 3247 241 3318 sunt,
266 3240 331 3305 nisi
359 3241 596 3318 secundariae,
619 3244 688 3308 sive
713 3243 880 3308 subrectae
914 3239 1127 3307 facultatibus

54 3318 262 3469 primitivis,
281 3321 463 3421 harumque
485 3324 588 3390 veluti
614 3323 771 3392 attributa
819 3324 975 3389 eneralia.
998 3318 1033 3386 5⁰
1056 3322 1126 3387 Hae

74 3403 230 3471 acultates
250 3401 462 3471 mcundanae
485 3416 534 3471 tot
554 3405 682 3472 vicibus
695 3408 728 3473 in
744 3426 782 3471 eo
806 3426 857 3469 em
879 3405 1011 3469 bomine
1033 3422 1068 3467 re
1111 3438 1127 3453 -

55 3488 137 3554 titae
160 3481 380 3563 inveniuntur,
402 3497 482 3573 quot
503 3485 715 3555 facultatibus
736 3487 914 3573 primitivis
935 3486 994 3551 iste
1014 3422 1126 3572 pollii.

94 3702 106 3743 ¹
128 3705 177 3769 Ως,
196 3707 293 3773 dlrpp„
313 3720 341 3772 q.
363 3720 408 3757 on.
431 3707 469 3759 De
487 3707 590 3767 duim„
611 3722 637 3759 a.
663 3708 671 3758 t
694 3708 727 3758 ad
751 3706 792 3756 tl.

133 3782 519 3855 retrodescendere.
535 3789 568 3841 ΙΙ.
935 3788 989 3841 ppa
