2475 3909
152 147 212 213 332>
466 171 652 220 runonoorn
678 171 870 221 nnncnnnrs

151 248 186 315 3⁰
207 249 241 312 lu
263 252 450 333 cognitione
465 252 659 328 discursive,
675 275 770 339 quae,
788 264 823 319 ut
845 254 991 318 diximus
1004 255 1029 327 ¹,
1045 251 1182 338 quidem
1227 267 1228 270 ’

112 345 217 425 motus
243 345 302 407 est,
328 335 506 401 intellectus
530 359 572 402 ex
601 337 767 434 potentiali
795 336 834 402 ad
862 336 1021 400 actualem
1051 335 1184 400 conciu-

112 414 214 476 sionis
228 414 446 498 cognitionem
463 419 684 504 progreditur,
699 431 795 504 utque
811 419 891 484 hunc
913 437 975 482 uon
997 417 1116 482 eodem
1132 439 1186 479 ac-

114 507 160 567 tu,
176 516 213 558 ec
229 498 430 580 praemissas,
446 499 500 564 sed
526 522 608 564 novo
632 514 717 575 notu,
734 504 791 585 qui
819 501 866 564 iiii
890 498 1045 572 succedit,
1062 521 1186 584 cngne

113 578 207 642 scit².
224 581 321 662 niqui
347 599 450 664 neque
466 582 589 667 nfiquid
613 586 646 646 in
671 584 825 668 potentin,
842 603 944 666 noque
959 594 1093 646 actuum
1113 582 1186 666 pfu-
1227 639 1228 670 ,

113 659 222 723 rafitns
247 662 277 723 in
302 658 369 725 Deo
391 661 516 729 admitti
540 677 654 749 potest.
679 666 765 748 Ergo
793 665 925 728 scientia
950 663 1009 727 Dei
1039 686 1106 726 non
1137 675 1184 726 est
1227 683 1228 744 t

112 741 302 805 discursive.
331 744 593 810 Praestatverba
618 747 655 810 Ι).
680 746 818 810 Thomne
843 745 1005 831 proferre:
1029 770 1047 806 n
1073 747 1186 811 Scien-
1227 747 1228 836 Q

113 823 180 899 tin,
204 845 288 908 quae
312 826 345 888 in
366 826 460 890 nobis
482 828 658 901 invenitur,
680 827 774 892 habet
795 827 918 912 atiquid
942 827 1182 912 perfectionis.
1227 839 1228 896 Q

111 917 143 967 et
168 906 292 990 aliquid
318 907 581 990 imperfectionis.
604 911 653 973 Ad
678 910 908 994 perfectionem
935 911 1009 973 eins
1040 912 1182 995 pertinet
1227 959 1228 972 2

112 985 272 1052 certitudo
298 989 410 1072 ipsius,
433 993 510 1075 quie
533 991 620 1076 quod
642 995 756 1066 scitur,
772 989 1046 1056 certitudinnfiter
1065 1013 1184 1078 cogni»

113 1069 230 1141 scitum
253 1068 307 1132 sed
335 1070 373 1133 ed
398 1072 676 1157 imperfectionem
702 1076 840 1159 pertinet
861 1073 1029 1137 discursus
1059 1073 1185 1138 intefic-

113 1163 182 1213 etus
205 1173 222 1211 n
246 1153 416 1245 principiis
431 1155 464 1217 in
478 1157 713 1231 concfusiones,
729 1176 867 1252 quorum
889 1165 937 1219 est
956 1155 1117 1229 scientim
1134 1154 1181 1218 hic

113 1234 199 1295 enim
222 1231 388 1299 discursus
412 1256 475 1299 nou
501 1239 669 1322 contingit,
693 1240 754 1302 nisi
775 1236 952 1302 secundum
974 1237 1065 1319 quod
1090 1235 1183 1301 intef-

115 1315 214 1377 fectns
235 1336 431 1400 cognoscens
453 1320 628 1404 principia,
644 1321 808 1406 cognoscit
830 1321 862 1383 in
886 1319 1030 1403 potentin
1053 1329 1177 1382 tantuin

113 1396 351 1472 ‹·onctusi0nes;
374 1400 399 1462 si
424 1401 511 1463 enim
533 1410 608 1465 actu
630 1412 848 1487 cognosceret,
865 1421 926 1463 non
949 1409 1037 1463 esset
1061 1399 1110 1463 ibi
1134 1398 1183 1460 di·

113 1499 263 1551 seorsus,
286 1500 361 1542 cum
383 1492 488 1545 motus
515 1484 653 1558 nonsit,
678 1486 738 1547 nisi
768 1485 875 1546 exitus
902 1481 942 1544 de
969 1483 1119 1564 potentin
1147 1479 1181 1542 ed

113 1571 230 1624 ectum.
255 1560 385 1625 Dicitur
409 1583 487 1646 ergo
512 1568 546 1628 in
569 1565 636 1628 Deo
664 1566 800 1630 scientie
822 1565 946 1628 ratione
970 1563 1183 1626 certitudinis

112 1643 152 1705 de
175 1641 271 1705 rebus
292 1645 441 1728 cognitis,
465 1665 527 1709 non
549 1657 656 1711 eutem
680 1650 803 1714 ratione
825 1643 989 1709 discursus
1006 1646 1057 1705 ³».

114 1919 184 1967 ninia
204 1930 327 1980 quaeque
346 1917 488 1978 perspiciat
508 1912 591 1971 liene,
612 1913 677 1962 nihii
697 1919 785 1963 tamen
804 1920 878 1966 extra
898 1928 925 1966 se
945 1916 1120 1980 intettigere,
1141 1917 1183 1967 ned
1227 1977 1228 1982 Ἰ

113 1990 216 2052 singula
237 1991 263 2038 in
282 2002 310 2038 se
329 1992 424 2038 intueri
444 1987 543 2036 dicitur
561 2005 591 2044 η
612 1989 697 2036 Tract.
717 1990 746 2034 in
765 1989 853 2051 symb.
871 2025 878 2045 ,
898 2002 925 2038 c.
947 1985 967 2038 Ι.
988 1985 1094 2039 Exinde
1121 1991 1183 2039 tttnt
1227 1985 1228 1994 ³

113 2064 193 2113 etiem
212 2065 405 2124 consequitor,
425 2060 494 2124 quod
516 2055 584 2108 Deus
607 2072 649 2108 res
668 2062 803 2120 cognoscit
822 2075 875 2109 nnn
893 2062 976 2110 cotum
995 2070 1124 2126 perintime
1153 2066 1185 2112 tiz-¹

113 2139 159 2194 itt,
180 2139 246 2199 qnod
264 2149 396 2183 comicum
415 2139 451 2182 cst
469 2132 609 2188 omnibns,
630 2133 674 2180 aed
693 2137 770 2182 etiam
788 2142 911 2197 qnantum
930 2136 964 2182 cri
983 2149 1024 2190 en.
1045 2138 1184 2184 secundun

113 2224 177 2272 qnae
195 2221 237 2256 ree
255 2209 452 2269 distinguuntur.
470 2201 586 2260 Etenim,
604 2223 614 2246 ι
631 2217 693 2253 cum
714 2201 782 2254 Deus
803 2207 828 2254 in
848 2219 875 2254 se
894 2219 986 2256 omnes
1006 2206 1184 2267 perfectiones

114 2282 267 2336 continent,
288 2283 460 2340 comparatur
479 2273 524 2325 Dei
544 2272 666 2325 Esseutia
685 2277 717 2325 ad
737 2291 829 2326 omues
849 2291 939 2327 rerum
959 2283 1111 2336 essentias,
1135 2296 1182 2329 non

114 2355 184 2402 sicut
201 2363 343 2401 commune
367 2351 399 2400 ad
420 2351 547 2413 propria,
568 2351 597 2397 ut
618 2350 704 2398 unitns
723 2349 756 2398 ad
776 2363 924 2408 numeros,
946 2351 986 2402 tel
1006 2359 1133 2402 centrum
1152 2353 1181 2400 ad

115 2427 213 2480 tinem
229 2423 274 2474 sed
295 2425 364 2472 sicut
383 2421 516 2485 perfectus
534 2423 610 2470 actus
629 2420 661 2469 nd
676 2421 861 2482 imperfectos,
876 2427 905 2473 ut
924 2425 944 2474 si
958 2423 1089 2480 dicerem,
1106 2424 1183 2473 homo

114 2500 148 2546 ad
167 2498 286 2552 animm
307 2497 348 2545 nef
368 2497 498 2546 senarius.
518 2495 563 2556 qui
582 2497 624 2542 est
643 2507 769 2544 numerus
789 2497 937 2557 perfectus,
957 2497 990 2545 ati
1012 2496 1182 2558 imperfectos

115 2571 163 2619 sub
176 2571 232 2632 ipso
251 2573 399 2618 contentos.
414 2565 586 2616 Manifestum
604 2571 646 2614 eet
664 2573 765 2625 autem,
781 2569 850 2632 quod
869 2581 917 2630 per
929 2573 1020 2618 actum
1034 2569 1182 2630 perfectum

115 2643 238 2705 cognosci
257 2647 365 2704 possunt
384 2646 461 2690 actus
478 2637 639 2702 imperfecti,
654 2653 705 2688 nou
724 2639 810 2688 sotum
831 2641 856 2690 in
875 2641 1021 2698 communi,
1036 2639 1083 2690 set!
1102 2643 1181 2690 etiarn

116 2715 219 2778 proprie
241 2715 401 2777 cognitione.
422 2710 496 2762 Sicut
519 2712 565 2774 qui
593 2712 728 2773 cognoscit
748 2711 905 2770 hominem,
925 2714 1063 2776 cognoscit
1085 2713 1181 2762 animat
1227 2727 1228 2750 Ι

116 2787 220 2850 propria
247 2788 412 2849 coguitione;
432 2790 459 2834 et
476 2785 522 2850 qui
550 2785 686 2846 cognoscit
709 2786 863 2842 senarium.
883 2786 1017 2848 cognoscit
1045 2785 1180 2835 trinarium
1227 2769 1228 2848 Q

116 2860 220 2924 propria
241 2860 404 2921 cognitione.
424 2854 468 2908 Sic
488 2857 582 2918 igitur,
604 2869 666 2905 cnm
687 2851 808 2906 Essentia
828 2855 874 2908 Dei
895 2857 993 2907 habeat
1013 2859 1038 2906 iu
1059 2871 1089 2907 se
1108 2859 1180 2920 qnic-
1227 2861 1228 2888 t

115 2934 177 2997 quid
197 2931 367 2993 perfectionis
387 2931 467 2981 hebet
484 2929 596 2978 eserntia
617 2929 810 2993 cuiuscumque
839 2930 877 2979 rei
895 2931 1006 2978 atterius
1023 2967 1029 2988 ,
1049 2935 1079 2979 et
1096 2931 1179 2979 adhuc-
1227 2959 1228 3000 Q

116 3006 247 3066 emption
264 3002 331 3054 fieus
352 3005 378 3052 in
397 3005 484 3065 seipso
503 3004 588 3064 potest
607 3003 696 3050 omnia
717 3005 820 3064 propria
840 3003 990 3065 cognitione
1010 3015 1178 3065 cognoscere.
1227 3001 1228 3064 Q

115 3077 223 3141 Propria
241 3079 312 3126 enim
332 3082 426 3126 natura
447 3075 655 3136 uniuscuiusque
675 3075 806 3133 consistit,
826 3075 972 3125 secundum
997 3075 1070 3138 quod
1091 3089 1138 3139 per
1155 3089 1179 3124 a·
1227 3067 1228 3086 ³

117 3153 217 3215 liquem
240 3150 349 3199 modum
376 3146 496 3198 Divinam
525 3145 715 3209 perfectionem
742 3149 893 3210 participat.
913 3144 973 3199 Non
996 3153 1092 3197 autem
1115 3145 1178 3198 lires

116 3223 235 3284 perfecte
254 3223 372 3284 scipsum
393 3223 574 3284 cognosceret,
595 3219 645 3268 nisi
659 3224 840 3282 cognosceret,
860 3219 1113 3284 quomodocumque
1125 3235 1179 3284 par·
1227 3233 1228 3252 Ι

115 3295 259 3356 tietpabitii
277 3299 319 3342 ost
337 3294 371 3342 ab
389 3293 449 3343 aliis
468 3306 515 3341 sua
526 3290 655 3352 perfectio
672 3309 695 3349 't
711 3288 732 3350 i,
747 3305 774 3355 q.
786 3288 857 3353 xiv,
872 3305 898 3342 a.
913 3292 930 3342 6
944 3305 970 3341 c.
984 3287 1019 3344 Cf
1031 3292 1094 3342 ibini.
1109 3295 1140 3344 att
1155 3294 1177 3342 Ι.

151 3366 280 3426 flecte..
299 3379 328 3427 p.
349 3363 369 3423 i,
389 3379 415 3415 c.
436 3362 480 3420 ΙΙΙ,
501 3377 526 3413 a.
549 3363 575 3419 Ι,
595 3376 623 3425 p.
643 3362 678 3413 37
695 3364 749 3413 rol.
771 3361 791 3414 Ι.
1227 3369 1228 3372 ’

150 3433 163 3469 ²
183 3429 218 3482 Cf
234 3437 372 3493 triformi..
392 3451 418 3486 c.
441 3432 486 3491 fV,
507 3449 533 3484 a.
554 3433 582 3486 ³.
604 3449 630 3496 p.
651 3435 704 3485 253
723 3449 754 3498 sq
773 3437 826 3485 voi.
846 3433 867 3485 f.
1227 3455 1228 3490 3

152 3502 232 3566 ³Qq·
250 3508 349 3569 diapp..
370 3509 409 3558 Da
433 3510 503 3557 Ver..
524 3521 551 3568 q.
575 3503 607 3558 ΙΙ,
629 3520 655 3564 p.
681 3508 689 3554 t
713 3507 745 3556 ad
765 3508 793 3557 t.
816 3505 948 3571 idipsum
974 3509 1028 3556 iana
1048 3523 1072 3559 a.
1093 3507 1177 3572 engu-
1227 3511 1228 3530 ³

116 3572 201 3620 atinus
219 3577 399 3627 adnotaverat.
416 3598 427 3621 ι
444 3575 511 3628 Cum
524 3579 675 3638 dempsero,
691 3579 786 3642 inqnit,
807 3581 838 3630 de
857 3581 972 3630 humana
993 3581 1104 3630 scientia
1125 3597 1177 3631 mu·

11 3698 12 3707 .
117 3642 294 3703 tabilitatem,
314 3651 340 3695 et
360 3651 486 3699 transitus
514 3649 643 3713 qrrosiinru
669 3665 682 3698 a
704 3654 863 3714 cogitatione
891 3655 915 3701 in
940 3653 1176 3714 cogitationem...
