2475 3909
457 190 689 240 nunnumoom
1009 171 1066 238 161

61 292 151 344 sensns
172 297 235 341 non
251 276 314 341 nisi
330 274 505 360 singulare,
522 284 555 341 et
568 294 762 360 corporeum
782 273 1024 358 apprehendere
1039 286 1109 360 pot-

61 369 97 422 est
114 362 135 424 ¹.
158 361 185 424 E
208 358 388 432 contrario,
411 357 593 425 intellectus
615 355 780 441 cognoscit
807 356 979 421 essentiam
1002 357 1109 442 quali-

61 441 162 507 tatibus
184 440 356 506 sensilibus
371 440 539 516 exutam¹‚
562 448 595 504 et
617 436 691 504 ideo
713 435 876 503 obiectum
892 438 965 502 eius
986 450 1034 504 est
1049 440 1110 503 im-

60 523 209 589 materiale
224 523 247 597 ³,
263 531 295 586 et
308 521 492 587 universale
504 522 530 596 ⁴3
546 520 730 605 quinimmo
745 541 786 584 ox
800 517 990 584 notionibus
1003 540 1110 588 essen-

60 604 164 672 tiarum
192 625 315 681 rerum,
339 624 422 688 quae
444 599 646 669 habentem
669 601 703 664 in
726 600 874 675 materia,
897 600 939 665 ad
961 605 1111 668 notiones

59 707 165 763 rerum,
182 705 264 770 quae
287 705 384 771 snpra
408 685 579 749 materiam
601 691 687 760 sunt,
711 683 854 767 assurgit
868 684 892 744 ⁸.
915 685 1003 768 Ergo
1018 683 1110 751 obie-

60 777 131 832 ctum
156 765 337 832 intellectus
359 765 400 831 ab
422 764 550 831 obiecto
573 786 684 830 sensus
705 766 838 829 omnino
861 763 982 829 diilert.

91 851 154 916 183.
182 849 341 914 Probatur
360 847 395 910 2⁸
421 868 505 932 pars.
530 849 649 912 Anima
674 867 727 911 res
756 845 939 931 intelligere
967 867 1030 911 non
1051 870 1112 946 po·

59 940 119 1006 test,
139 932 202 996 nisi
226 950 286 1016 ope
310 930 448 994 alicuius
469 930 518 994 vis
541 929 677 1005 activae,
701 949 766 1012 qua
788 949 840 992 res
861 939 935 994 actu
956 928 1114 1016 intelligi-

59 1009 127 1078 biles
147 1011 257 1087 ellicit,
282 1012 360 1094 quia
382 1011 543 1088 essentia,
566 1010 780 1095 qualitatibus
802 1010 975 1075 sensilibus
996 1024 1112 1088 exuta,

58 1114 109 1158 non
129 1105 216 1171 octo,
239 1093 292 1158 sed
315 1093 485 1160 dumtaxat
503 1093 641 1174 potentio
664 1093 698 1156 in
720 1091 819 1156 rebus
840 1093 927 1169 est‘;
949 1113 967 1156 e
990 1105 1115 1161 contra-

59 1176 100 1240 rio
118 1178 227 1241 anima
248 1173 288 1240 ad
312 1197 364 1240 res
385 1173 567 1239 sentiendas
587 1193 653 1237 non
676 1173 801 1259 indiget
823 1172 890 1238 ulla
907 1176 940 1242 vi
955 1175 1116 1242 sentiendi

58 1258 165 1336 activa,
189 1279 272 1343 quae
295 1277 346 1322 res
369 1267 443 1322 actu
458 1254 629 1320 sensibiles
643 1254 795 1320 officiati.
811 1257 999 1334 Praeterea,
1021 1259 1115 1324 intel·

58 1335 160 1414 lectus,
185 1339 324 1403 cumali
351 1338 407 1403 uid
433 1336 599 1421 intelligit,
621 1337 684 1420 pati
708 1335 831 1404 dicitur
845 1335 1017 1404 dumtaxat
1037 1343 1116 1425 quia

57 1418 91 1482 ab
111 1421 240 1486 obiecto
256 1361 459 1504 intelligibili
476 1417 645 1512 reducitur
659 1439 676 1480 a
692 1418 838 1504 potentia
852 1418 893 1483 ad
907 1429 1029 1496 actum;
1045 1443 1115 1488 sen-

58 1521 103 1565 sus
122 1514 245 1574 autem,
266 1522 339 1565 cum
362 1499 490 1585 aliquid
505 1507 614 1577 sentit,
628 1503 694 1586 pati
711 1500 835 1564 dicitur
848 1502 948 1566 etiam
963 1504 1041 1587 quia
1057 1505 1117 1568 im-

58 1594 192 1651 mutatur
224 1603 406 1668 organum,
428 1583 462 1645 in

487 1601 549 1676 'uo
571 1578 709 1646 facultas
737 1581 878 1647 sentiens
899 1591 958 1648 est.
981 1586 1057 1649 lnsu
1082 1605 1118 1649 er

57 1665 253 1731 vehementia
274 1664 393 1728 obiecti
410 1601 575 1729 sensil>ilis
594 1683 724 1728 sensum
747 1664 948 1747 corrumpit3
971 1674 1004 1730 at
1026 1606 1119 1732 veie-

57 1749 167 1812 mentia
183 1746 302 1812 obiecti
327 1740 548 1828 intelligibilis
563 1742 691 1829 perlicit
704 1745 906 1810 intellectum
920 1747 944 1806 ⁸.
962 1745 1012 1811 Ad
1027 1747 1117 1826 haec,

55 1847 99 1905 ea,
120 1850 205 1914 quae
227 1826 392 1893 intellectu
415 1825 548 1913 pollent,
571 1824 710 1903 diversa,
728 1827 794 1890 imo
817 1827 965 1911 opposita
988 1830 1121 1914 operari

57 1920 202 1992 possuut;
218 1907 414 1974 econtrario
435 1904 599 1985 animalia,
615 1929 700 1992 quae
722 1906 890 1973 intellectu
911 1919 1121 1984 carentrnon

55 2004 213 2068 exercent,
237 1991 299 2054 nisi
317 2013 333 2052 u
350 1989 580 2054 determinatas
593 1988 749 2074 quasdam
768 1988 985 2074 operationes,
1002 2001 1035 2056 et
1048 1994 1122 2058 uni-

56 2069 171 2139 formes
187 2073 220 2137 in
235 2070 345 2136 eadem
370 2071 491 2156 specie,
514 2070 599 2137 sicut
613 2073 720 2136 omnis
740 2070 879 2135 hirundo
899 2072 1053 2138 similiter
1072 2077 1122 2140 ni·

57 2151 225 2221 dificat⁸n
250 2152 398 2237 Denique
421 2171 533 2216 sensus
556 2173 597 2216 ex
619 2174 672 2230 eo,
693 2152 780 2238 quod
803 2164 851 2219 est
871 2151 1008 2220 facultas
1029 2177 1124 2242 orga-

56 2237 135 2314 nica,
152 2257 251 2322 snper
271 2255 303 2299 se
327 2236 435 2319 ipsum
451 2235 592 2299 converti
609 2256 673 2299 non
685 2244 801 2321 potest,
818 2234 1019 2321 proindeque
1034 2235 1122 2302 idem

55 2336 163 2383 sensus
178 2317 385 2402 operationes
402 2335 476 2380 suas
490 2335 683 2399 cognoscere
704 2337 767 2380 non
782 2327 897 2400 potest.
914 2318 1042 2382 Etenim
1064 2319 1124 2383 ali·

54 2399 130 2482 qnid
150 2399 193 2466 ad
217 2397 343 2483 aliquid
358 2397 571 2473 convertitur,
587 2399 614 2461 si
635 2406 739 2464 totum
754 2419 828 2462 cum
843 2407 911 2464 toto
929 2398 973 2462 ita
988 2402 1124 2463 coniun-

55 2481 153 2562 gitur,
177 2488 217 2545 ut
229 2501 270 2544 ex
286 2489 424 2563 utroque
445 2497 549 2542 unum
563 2477 618 2544 liat
632 2498 641 2558 ;
656 2480 745 2564 atqui
758 2499 919 2565 organum
940 2481 1122 2544 sensorium

53 2567 167 2648 nequit
188 2583 221 2626 se
244 2569 347 2626 totum
368 2581 442 2625 cum
465 2569 532 2625 toto
553 2562 774 2647 coniungere,
797 2561 874 2646 quia
897 2559 995 2626 habet
1015 2570 1125 2646 partes

53 2655 144 2710 extra
166 2651 287 2731 partes;
303 2661 382 2726 ergo
404 2661 582 2719 sensus,ex
598 2642 741 2728 eoquod
761 2661 884 2726 organo
906 2642 1055 2727 corporis
1077 2644 1126 2706 in-

55 2720 153 2810 diget,
167 2746 233 2790 non
255 2732 360 2809 potest
381 2744 415 2788 se
437 2723 476 2788 nd
493 2724 538 2788 sei
544 2743 637 2808 psum
651 2735 839 2791 convertere
855 2724 893 2787 ⁴⁰.
917 2724 945 2788 Ε
960 2723 1126 2790 contrario

54 2807 252 2883 intellectus,
267 2807 344 2892 quia
358 2815 408 2870 est
421 2806 566 2891 potentia
580 2808 783 2892 inorganica,
795 2826 859 2870 non
875 2805 980 2870 solum
1003 2828 1055 2872 res
1077 2807 1128 2870 in-

55 2890 186 2975 telligit,
209 2886 262 2954 sed
285 2889 385 2952 etiam
408 2887 442 2952 in
464 2909 498 2953 se
520 2887 661 2963 rediens,
685 2909 743 2952 seu
765 2909 803 2952 su
826 2908 862 2957 er
883 2909 916 2953 se
939 2886 1126 2962 reflectens,

53 2973 211 3059 seipsum,
224 2978 257 3036 et
278 2970 515 3036 intellectiones
536 2991 608 3035 suas
626 2968 789 3054 intelligit.
804 2909 895 3055 llrgo
918 2970 1123 3066 operationes

54 3071 210 3120 sensuum
228 3051 270 3118 ab
284 3051 533 3138 operationibus
551 3051 734 3118 intellectus
755 3053 889 3116 omnino
911 3049 1077 3116 drileront.

432 3229 762 3244 Ἣ

86 3335 161 3393 ¹cr
176 3355 204 3402 p.
225 3337 363 3389 rin-²
382 3333 418 3390 cr
433 3351 459 3400 ρ.
484 3338 546 3388 tat.
561 3337 622 3375 -τ
641 3335 677 3390 cr
691 3355 718 3402 ρ,
743 3337 1061 3403 mr.-⁶crp.1as.

86 3407 161 3464 5οῐ
177 3427 204 3475 p.
228 3410 361 3462 lats-⁶
381 3403 418 3460 Cl
433 3425 459 3473 p.
482 3410 548 3460 tttt.

87 3484 100 3520 7
121 3480 163 3536 Ct'
177 3499 200 3534 a.
221 3479 329 3543 Tuom„
350 3479 372 3540 l,
393 3496 420 3545 q.
440 3477 570 3543 LXXXV,
591 3497 617 3534 ι.
640 3484 652 3534 l
674 3484 708 3535 ad
728 3483 755 3533 a.

86 3557 100 3592 ⁸
120 3551 163 3607 Gt
179 3557 266 3607 com.
288 3556 374 3617 orm,
397 3555 449 3604 loc.
469 3555 590 3604 oin-⁹
609 3557 677 3606 told.

89 3627 114 3664 ¹⁰
135 3623 175 3679 Gt
190 3640 212 3677 s.
233 3623 328 3678 l’lrom.
350 3629 382 3677 tn
399 3627 444 3676 tro.
466 3627 581 3688 Idaea,
601 3625 670 3678 [list.
687 3625 784 3688 xviri,
804 3643 832 3692 q.
853 3627 875 3689 l,
895 3644 922 3680 a.
943 3631 961 3678 5
979 3629 1014 3677 ad
1032 3628 1059 3679 3.

128 3717 240 3771 Panos.
253 3715 518 3787 Cnlsr.dompend.
534 3719 555 3778 l.
972 3721 1000 3770 tt
1012 3721 1024 3759 θ
