2475 3909
145 148 209 215 2d0
513 162 768 211 sparsurosoora

306 289 373 339 dar.
384 274 474 339 ttt.'-
486 286 648 353 Quibusdam
665 290 864 341 diffleuttattbus
884 290 976 341 satisfit

148 402 201 464 st.
224 397 334 465 Obiic.
359 396 391 459 1⁰
413 398 513 481 Saepe
542 396 753 475 dubitamus,
780 408 890 463 utrum
913 397 1050 475 abiectio,
1073 420 1171 483 quam

105 482 310 569 experimur,
333 480 468 553 sitista,
491 500 532 543 au
554 480 627 557 itta,
655 502 683 544 e.
708 502 753 565 g,
778 493 887 546 utrum
910 479 950 543 ab
972 480 1069 557 odio,
1091 503 1173 547 aua

107 563 328 651 praeiudicata
350 561 524 645 opinione,
549 583 588 625 an
611 560 653 625 ab
675 584 783 629 amore
806 562 973 638 iustitiae,
996 584 1033 627 ao
1055 569 1173 631 verita·

107 650 150 711 tis
173 657 339 710 moveatur
365 641 405 707 ad
427 643 551 727 aiiquid
579 643 752 728 agendum.
777 648 864 729 Ergo
891 646 1076 711 testimonio
1098 668 1174 713 con·

106 730 261 794 scientiae
283 727 414 792 omuino
440 723 603 791 fidendum
627 736 771 791 nonest.

148 811 200 877 25.
224 810 336 894 liesp,
360 809 441 873 Dist.
465 818 544 886 eut,
567 808 756 873 dubitamus
777 809 817 873 de
838 818 951 873 natura
974 810 1170 887 affectionis,

106 913 203 979 quam
225 892 437 976 experimur,
465 904 519 957 aut
547 889 586 955 de
615 890 875 957 denominatione
904 889 951 955 iiii
983 890 1170 967 tribuenda,

104 996 190 1039 cour.
213 983 293 1048 aas,
315 972 355 1036 de
379 976 574 1058 praesentia,
595 994 661 1055 sup.
677 984 740 1036 out.
759 974 836 1055 Nep.
855 995 937 1037 cous.
962 974 1002 1039 Et
1024 995 1101 1039 sane
1124 988 1171 1041 to-

106 1059 297 1121 stimonium
323 1053 539 1119 conscientiae
573 1056 659 1119 eirca
693 1076 808 1140 puram
836 1053 913 1121 facti
942 1059 1171 1141 praesentiam,

68 1142 72 1150 '
107 1160 171 1202 non
194 1159 270 1202 vero
290 1138 377 1203 eirca
401 1148 572 1213 naturam,
596 1148 651 1202 aut
674 1157 787 1203 causas
812 1137 884 1201 eius
906 1147 1068 1215 versatum
1091 1160 1172 1223 qua-

107 1232 241 1305 propter
259 1220 339 1284 baec
361 1239 419 1317 per
439 1217 519 1283 alias
540 1220 610 1285 sias
634 1218 854 1303 investiganda
876 1230 960 1285 sunt.

146 1304 199 1367 26.
223 1304 300 1367 inst.
324 1299 508 1387 Aliquando
529 1300 730 1376 dubitamus,
753 1312 862 1366 utrum
886 1322 985 1367 necne
1006 1301 1169 1387 quaedam

105 1386 292 1450 affectiones
316 1386 350 1449 iu
372 1384 466 1447 nobis
487 1384 560 1449 sint.
586 1386 673 1465 Ergo
694 1398 754 1450 etc.

147 1470 199 1533 27.
225 1468 336 1552 Resp,
360 1467 440 1531 Dist.
456 1474 535 1542 out„
550 1465 750 1540 dubitamus,
775 1477 898 1543 utrum,
920 1486 1020 1531 necne
1043 1466 1169 1550 aiiquas

106 1550 295 1615 affectiones
317 1550 350 1613 in
372 1546 467 1612 nobis
489 1549 616 1633 experti
640 1546 812 1623 fuerimus,
836 1568 920 1612 cour.
944 1560 1022 1622 out.;
1045 1558 1169 1625 utrum,

105 1654 206 1698 necne
233 1630 377 1716 aliquam
405 1630 607 1696 affectionem
636 1628 783 1695 innubis
810 1630 1048 1727 inpraesentia
1070 1652 1172 1715 expe-

106 1716 243 1792 riamur,
264 1734 330 1797 nep.
354 1724 418 1777 unt.
440 1713 519 1798 Nep.
542 1734 623 1777 cons.
648 1712 735 1775 Haec
754 1710 894 1777 obiectio
917 1712 985 1778 vim
1006 1714 1171 1777 conscien-

105 1799 170 1863 tiae
187 1798 304 1863 nedum
319 1795 470 1870 destruit,
484 1796 586 1879 magis
598 1793 777 1859 confirmat.
792 1794 865 1859 Nou
878 1795 1007 1859 destruit
1021 1794 1169 1879 quidem,

105 1900 179 1945 narn
202 1880 365 1947 dubitatio
386 1899 451 1943 non
470 1880 557 1941 eirea
578 1876 782 1954 affectiones,
805 1897 888 1962 quas
922 1878 957 1944 iu
986 1878 1172 1962 praesentia

103 1960 369 2060 experimonsed
383 1964 471 2026 eirca
486 1960 677 2044 praeteritas
697 1958 882 2025 affectiones
897 1968 1056 2036 versatum
1073 1978 1171 2044 prae-

104 2057 220 2111 teritae
235 2057 343 2110 autem
364 2043 559 2116 affectiones,
583 2044 631 2107 uti
655 2043 718 2106 iam
741 2042 927 2107 monuimus
943 2042 967 2116 ¹,
984 2038 1023 2105 ad
1046 2062 1170 2107 memo-

104 2128 200 2204 riam,
223 2148 286 2192 non
308 2148 386 2191 vero
412 2124 453 2189 ad
475 2125 706 2189 conscientiam
734 2124 906 2206 pertinent.
930 2122 1037 2205 Mopis
1058 2124 1171 2203 coaafir-
1216 2138 1224 2151 ’

104 2220 181 2286 mut,
203 2210 278 2294 quia
301 2230 375 2272 cum
396 2206 596 2281 dubitamus,
611 2218 738 2280 utrum,
755 2226 855 2271 necne
877 2205 1003 2289 aliquas
1024 2204 1173 2273 affectio-

104 2312 162 2357 nes
182 2292 309 2376 experti
331 2290 511 2363 fuerimus,
532 2288 611 2353 baec
632 2286 806 2365 dubitatio,
829 2308 913 2372 quae
934 2299 982 2353 est
1002 2288 1171 2372 quoddam

104 2373 226 2441 factum
249 2376 426 2450 internum,
441 2381 537 2456 atque
559 2390 720 2456 praesens,
736 2390 773 2434 ao
796 2368 931 2455 proinde
947 2368 987 2435 ad
1001 2373 1170 2437 conscien-

103 2459 183 2521 tiam
210 2466 377 2544 spectans,
400 2476 441 2519 ex
462 2454 648 2519 testimonio
677 2453 893 2517 conscientiae
922 2464 1087 2537 comperta
1110 2475 1172 2518 no-

104 2540 327 2692 ι11118151111110.
355 2618 390 2685 2⁰
412 2616 615 2684 Conscientia
644 2614 849 2693 amentibus,
871 2626 905 2680 et
930 2614 1172 2682 somniantibus

691 2764 774 2777 *-

103 2852 153 2899 bus
179 2847 282 2895 animae
306 2845 449 2908 quamdam
476 2845 705 2895 ratiocinationem
731 2842 843 2903 contisi,
864 2856 915 2891 non
935 2842 1041 2905 qiidam
1063 2844 1170 2895 eteius

103 2919 242 2972 existentia
262 2923 397 2980 urgeatur,
411 2917 479 2968 haee
497 2920 579 2975 enim,
594 2922 624 2967 ut
637 2917 761 2970 diximus.
782 2921 823 2965 est
841 2916 942 2965 tautum
960 2929 1007 2978 par
1024 2930 1051 2963 sa
1063 2918 1169 2975 nutum,

104 2993 198 3044 redut
223 2994 362 3042 evincatur
387 3000 447 3038 eam
471 2992 550 3039 nuttis
574 2992 752 3052 scepticorum
779 2987 989 3038 caviliationibus
1014 2987 1171 3037 tanetacaart

102 3079 191 3133 posse.
205 3062 243 3116 tu
256 3079 279 3113 s.
294 3062 456 3125 Augustinus
475 3064 590 3125 primum
609 3062 703 3111 statuit
719 3075 768 3109 uos
786 3064 896 3111 asistere
915 3064 1051 3122 tamquam
1067 3058 1171 3110 iactum

103 3152 152 3203 per
170 3152 198 3189 se
217 3142 331 3195 notum,
360 3134 523 3198 proindeque
549 3138 673 3184 certum:
698 3153 708 3179 ι
732 3129 792 3182 Sine
815 3132 868 3181 uita
895 3132 1104 3194 phantasiarum,
1125 3133 1172 3181 vet

103 3213 319 3275 phantasmatum
339 3207 527 3270 imaginatione
546 3206 721 3257 indideatoris
743 3204 808 3254 mibi
828 3216 885 3255 esse
905 3216 958 3262 me,
979 3203 1058 3267 idque
1076 3216 1168 3265 nosse,

103 3291 131 3334 et
149 3299 239 3334 amare
263 3282 440 3333 certissimum
465 3285 506 3329 est
528 3298 539 3323 ι
560 3276 610 3346 (De
635 3280 688 3328 Ctu.
709 3280 773 3336 Dei,
793 3276 840 3327 tit.
866 3272 922 3334 Xi,
943 3294 968 3326 u.
989 3276 1046 3341 26).
1068 3272 1170 3328 Deinde

102 3358 228 3407 adversus
247 3353 393 3419 Sceptieos,
413 3353 594 3415 obstrepentes
612 3362 774 3414 quemquam
794 3362 870 3413 posse
890 3348 915 3398 tu
935 3347 985 3397 boe
1000 3348 1065 3405 tatii,
1079 3354 1173 3399 osteu-

103 3431 153 3487 dit,
167 3433 205 3480 uti
225 3435 303 3478 antea
323 3428 518 3481 adnotavimus,
540 3424 604 3474 itiud
624 3423 725 3473 tactum
747 3424 801 3485 ipso
820 3434 909 3471 errore
928 3422 1020 3472 asseri:
1044 3440 1054 3465 ι
1078 3418 1104 3471 Si
1118 3420 1173 3472 ial-

102 3503 155 3559 ior,
175 3516 245 3561 sum;
265 3514 326 3551 nam
346 3500 391 3563 qui
411 3512 462 3548 uon
481 3503 531 3557 est,
551 3497 644 3560 utique
665 3510 713 3545 neo
733 3494 788 3547 tatu
808 3499 903 3558 potest,
918 3508 948 3545 ao
969 3508 1015 3556 per
1029 3494 1079 3542 boc
1092 3507 1169 3551 sum,

103 3573 126 3626 si
147 3573 225 3624 [attor
247 3590 272 3632 ³3
292 3567 328 3622 Ct
345 3586 371 3633 p.
392 3570 456 3629 237,
477 3576 533 3620 not.
553 3570 581 3621 2.

143 3649 151 3683 ¹
172 3645 233 3708 Peg.
255 3644 319 3705 sto,
339 3650 396 3694 net.
421 3644 444 3692 1.
