2475 3909
471 197 746 246 aurunoeouoom
1062 179 1121 244 221

82 271 242 352 diximus,
265 281 391 345 nonnisi
415 281 624 347 accidentalis
645 291 705 358 est3
727 302 802 344 nam
824 283 893 366 ipsa
915 301 956 344 ex
979 301 1018 345 eo
1039 284 1162 358 oritur,

81 356 172 440 quod
193 357 356 424 interdum
383 374 472 427 actus
498 364 664 448 appetitus
691 363 840 428 sensitivi
868 372 942 427 sunt
965 360 1045 426 adeo
1067 362 1163 428 vehe-

82 446 218 514 mentes,
234 451 271 506 ut
292 444 452 509 rationem
472 442 513 509 ad
535 465 568 508 se
590 446 716 510 trahere
739 453 898 509 conentur
912 445 935 506 ¹.
959 447 1001 509 Αῑ
1025 444 1086 528 ipsi
1106 465 1162 508 na·

82 530 157 615 tura
173 541 230 586 sua
252 521 292 587 ad
314 536 405 590 actus
426 527 590 611 appetitus
612 525 779 591 rationalis
805 524 953 589 ordinem
979 524 1161 601 laboratae

83 599 221 694 proinde
244 625 308 671 non
330 606 432 671 solum
455 608 574 671 rationi
597 607 800 686 subduntur,
825 605 880 671 sed
903 607 1003 671 etiam
1030 605 1159 672 liberta-

83 692 125 745 tis
148 685 321 754 voluntatis
342 687 581 772 quodammodo
605 690 777 774 participes
803 698 878 752 sunt
897 689 921 752 ².

125 765 177 830 78.
201 766 360 847 Secundo,
384 790 492 867 pugna
516 773 601 835 inter
624 780 712 835 actus
740 771 903 856 appetitus
933 769 1092 844 sensitivi,
1115 779 1161 834 at·

83 859 261 928 quoactus
287 862 449 937 appetitus
482 853 649 918 rationalis
684 851 856 916 animismo
888 849 984 916 favet.
1012 850 1158 928 Revera,

83 945 161 989 cum
183 949 222 1014 ap
249 933 347 998 etitus
368 933 544 999 sensitivus
571 936 604 998 in
626 933 756 998 homine
788 943 899 998 contra
928 934 1085 998 rationem
1111 933 1161 996 in-

83 1010 202 1093 surgit,
224 950 320 1078 domo
341 1015 410 1079 sive
432 1015 610 1080 secundum
634 1016 754 1101 ipsum,
780 1017 849 1080 sive
867 1025 979 1080 contra
1000 1014 1107 1110 ipsum
1128 1034 1160 1079 a·

84 1099 151 1237 gat,
175 1112 277 1158 unum
299 1105 405 1160 actum
429 1095 604 1163 humanum
627 1097 743 1174 exerit,
765 1098 824 1194 qui
846 1119 863 1158 u
887 1096 1087 1192 principium
1106 1094 1160 1160 ha·

108 1179 141 1234 et
161 1170 195 1236 in
218 1175 289 1271 ipso
313 1177 485 1262 appetitu,
507 1190 541 1245 et
568 1179 742 1243 terminum
774 1200 808 1243 m
834 1180 984 1242 ratione⁸
1008 1196 1042 1254 »3
1067 1176 1159 1261 isque

84 1262 177 1318 actus
203 1254 326 1324 dicitur
358 1259 507 1338 vitiosus,
535 1261 564 1324 si
586 1258 621 1323 lit
653 1267 763 1324 contra
789 1259 971 1334 rationem,
993 1258 1158 1336 honestus,

84 1333 113 1398 si
136 1333 172 1402 fit
197 1339 375 1406 secundum
401 1343 572 1407 rationem.
595 1341 696 1426 Atqui
730 1361 793 1404 non
821 1350 929 1426 posset
953 1362 1036 1405 unus
1067 1350 1159 1406 actus

83 1413 245 1484 humanus
259 1441 301 1484 ex
315 1433 453 1508 utroque
469 1425 616 1511 appetitu
630 1442 807 1507 exurgere,
830 1423 892 1487 nisi
920 1423 1054 1487 unicum
1077 1433 1160 1488 essct

83 1496 257 1590 ptriusque
285 1504 492 1582 subiectum
525 1506 649 1651 quippe
682 1503 769 1589 quod
796 1503 824 1567 si
856 1502 946 1568 aliud
978 1515 1062 1570 esset
1082 1502 1159 1571 sub-

83 1588 205 1672 rectum
227 1587 389 1669 appetitus
403 1586 573 1664 sensitivr,
597 1585 687 1652 aiud
719 1585 898 1650 subiectum
925 1586 1088 1671 appetitus
1108 1607 1159 1651 ra-

85 1661 230 1739 tionalis,
256 1686 342 1731 unus
367 1669 527 1753 appetitus
553 1677 660 1754 posset
681 1667 813 1752 quidem
835 1669 868 1732 in
890 1667 1026 1733 alterum
1047 1689 1063 1731 a
1089 1688 1156 1744 ere,

84 1740 140 1804 sed
157 1743 252 1809 ambo
267 1751 429 1834 appetitus
444 1771 544 1815 unum
560 1763 668 1817 uotum
683 1770 815 1816 exerere
831 1769 894 1812 non
916 1758 1052 1832 possent.
1068 1689 1158 1834 llrgo

84 1843 221 1914 pugna,
244 1848 327 1913 quae
356 1834 441 1898 inter
462 1841 552 1896 actus
583 1834 755 1918 utriusque
788 1831 953 1918 appetitus
974 1831 1007 1895 in
1029 1830 1157 1898 homino

84 1906 310 1995 conspicitur,
334 1915 492 1979 unitatem
515 1913 672 1999 principii
695 1913 802 1979 vitalis
824 1915 858 1978 in
879 1911 1008 1978 homine
1035 1913 1155 1999 arguit3

84 1997 210 2055 tantum
232 1989 333 2072 abest,
356 2006 391 2061 ut
415 1995 478 2079 ipsi
501 1993 700 2061 adversetur.

125 2069 177 2134 79.
200 2071 308 2138 Obiic.
331 2074 366 2139 2⁰
394 2077 503 2140 Homo
535 2083 642 2162 potest
670 2097 731 2141 usu
758 2073 862 2140 intelli
888 2074 993 2139 entiae
1020 2095 1156 2152 carere,

85 2150 168 2234 quin
188 2154 288 2219 vitam
310 2159 448 2224 amittat.
472 2160 573 2243 Atqui
587 2157 621 2222 id
637 2157 837 2223 demonstrat
857 2095 947 2221 aliud
970 2157 1004 2221 in
1023 2156 1155 2221 homine

85 2251 155 2382 {sse
190 2237 392 2324 principium
425 2238 683 2326 intelligentiae,
711 2237 799 2305 aliud
827 2238 1029 2325 principium
1057 2237 1154 2303 vitae.

117 2334 185 2378 ro.

126 2333 178 2462 8gll.
202 2397 300 2484 llesp.
325 2398 419 2464 Coae.
443 2404 539 2480 mai.;
559 2423 626 2486 nep.
650 2403 728 2466 min.
753 2401 831 2483 Nep.
854 2422 936 2465 cous.
960 2400 1009 2466 lle
1023 2397 1156 2484 quidem

85 2495 174 2554 vera,
196 2477 293 2545 homo
315 2483 418 2560 vivit,
441 2482 597 2566 quamdiu
628 2485 736 2549 anima
761 2503 835 2548 oum
864 2502 999 2569 corpore
1022 2484 1158 2548 coniun-

86 2559 188 2656 gitur,
211 2564 301 2646 quia,
324 2563 372 2628 uti
395 2575 559 2628 ostensum
581 2576 642 2644 est,
658 2566 765 2629 anima
787 2585 826 2628 ex
850 2585 901 2640 eo,
928 2562 1016 2649 quod
1038 2583 1156 2649 corpus

85 2640 254 2720 roformat,
271 2645 371 2710 vitam
393 2646 457 2730 ipsi
474 2646 625 2730 largitur.
642 2649 774 2733 Atqui«
791 2647 912 2723 anima,
932 2647 1039 2711 aiente
1055 2647 1157 2730 Aqui·

85 2735 173 2803 nate,
195 2746 257 2791 non
280 2728 394 2794 unitur
407 2731 538 2812 corpori
553 2739 590 2793 ut
604 2728 708 2793 forma
724 2727 944 2792 mediantibus
964 2729 1031 2792 suis
1046 2739 1156 2812 poten—

85 2806 153 2884 tiis,
177 2807 231 2872 sed
256 2830 315 2894 per
336 2810 508 2874 essentiam
523 2811 671 2875 suumin.
697 2812 783 2894 Ergo
806 2809 884 2873 nihil
905 2817 1005 2884 vetat,
1029 2810 1156 2895 quomi-

85 2909 148 2954 nus
169 2891 275 2954 anima
298 2913 374 2955 cum
396 2910 533 2976 corpore
555 2892 699 2970 uniatur,
715 2903 810 2976 atque
833 2892 928 2956 homo
950 2890 992 2956 ob
1015 2892 1096 2956 hano
1119 2911 1156 2954 u-

84 2971 217 3038 nionem
239 2975 342 3049 vivat,
358 2977 436 3058 qnin
458 2992 556 3038 usum
577 2973 717 3038 alicuius
731 2995 807 3038 suae
823 2972 988 3039 facultatis
1002 2973 1118 3041 habeat
1129 2973 1152 3032 ⁵.

121 3281 130 3316 ¹
152 3275 189 3332 Cl
206 3281 333 3345 Dauom„
353 3297 379 3332 a.
400 3279 433 3341 V,
453 3295 480 3332 a.
501 3282 528 3334 Ξ.
548 3297 575 3345 p.
598 3281 727 3340 tut-ltu,
748 3280 802 3332 rol.
823 3278 844 3334 l.

120 3347 188 3404 ²Cl
202 3353 335 3403 tota—³
354 3354 381 3403 1³
400 3353 452 3413 2²⁸,
473 3369 501 3420 q.
521 3351 589 3413 llll,
611 3367 637 3404 a.
657 3353 673 3403 2
693 3367 720 3404 o.

121 3419 202 3490 loq.
221 3427 321 3491 dtapp„
342 3425 381 3476 Da
402 3429 476 3486 Van,
495 3441 522 3491 q.
543 3424 616 3485 xltt,
635 3438 662 3475 a.
684 3427 745 3476 lo.

121 3497 135 3533 ⁵
152 3498 270 3548 Attrutua
279 3498 419 3561 saretrude,
434 3501 578 3563 tuqntmns,
592 3511 646 3548 non
658 3512 721 3548 vero
734 3500 860 3558 amatum,
874 3497 948 3561 quia,
963 3509 1026 3548 aum
1040 3497 1153 3548 virentia

85 3581 140 3620 non
158 3569 229 3628 sint,
249 3571 299 3619 nist
318 3584 382 3634 quaa
399 3585 427 3622 aa
445 3578 524 3636 upum
541 3573 576 3622 ad
594 3573 770 3635 operationem
788 3567 827 3637 (l,
848 3585 875 3634 q.
896 3566 998 3629 llVlll,
1019 3583 1045 3624 a,
1068 3570 1078 3619 t
1102 3567 1154 3636 o),

84 3642 177 3700 homo,
192 3643 319 3707 quamdiu
338 3644 413 3705 vivit,
433 3658 483 3695 usu
503 3645 624 3695 omniurn
644 3657 752 3696 suarum
771 3641 931 3694 facultatum
945 3656 1037 3696 oarera
1051 3641 1152 3708 nequit.
