2475 3909
470 125 553 171 rins
576 128 680 174 eninm
1042 105 1091 171 39-

56 211 184 275 uomine
206 208 427 293 consequentis,
450 209 526 290 quia
550 207 761 291 consequitur
780 225 823 269 ex
844 206 1045 288 praemissis.
1063 210 1129 269 An-

57 290 222 367 tendens,
244 299 278 353 et
299 308 514 373 consequens,
538 288 597 353 boc
619 298 668 353 est
690 297 754 351 tres
775 287 1019 351 enunciationes
1040 307 1129 350 seor-

55 394 122 437 sum
150 369 399 446 consideratae,
428 370 632 435 constituunt
659 369 823 433 materiem
854 367 1125 433 ratiocinationis.

55 453 187 528 Nesus,
212 452 270 537 qui
299 452 383 515 inter
405 448 621 527 antecedens,
650 459 683 514 et
710 468 910 533 consequens
937 448 1071 527 existit,
1096 460 1128 515 et

54 537 143 599 cuius
167 533 275 618 gratia
297 532 357 595 boc
379 531 419 596 ab
444 532 500 596 illo
523 528 675 606 insertur,
697 530 926 613 consequentiae
941 550 1057 594 nomen
1074 530 1129 593 ba-

56 614 115 689 bet,
139 623 175 679 et
195 614 294 678 efficit
314 615 445 695 [ormam
467 612 736 689 ratiocinationis,
751 632 847 696 quae,
872 612 900 674 si
920 611 1013 688 desit,
1030 611 1129 676 ratio-

54 696 172 760 cinatio
197 714 331 780 prorsus
344 695 520 768 evanescit,
536 693 668 758 etiamsi
682 693 926 757 enunciationes
941 692 1006 758 sint
1018 711 1125 759 verae.

293 828 360 881 bur.
383 829 503 881 ll.—lle
523 832 665 893 speciebus
685 832 895 881 ratiocinationis

89 942 141 1007 92.
169 938 264 1003 Duae
288 949 361 1003 sunt
383 939 644 1004 ratiocinationis
665 941 801 1024 specieS,
821 940 1019 1024 syllogismus
1033 949 1067 1004 et
1080 939 1129 1002 in·

54 1022 168 1085 ductio.
192 1018 289 1097 Quod
312 1021 340 1083 si
363 1040 426 1083 vox
454 1020 655 1085 ratiocinatio
683 1021 864 1085 secundum
892 1022 959 1083 vim
987 1021 1128 1084 nominis

54 1103 157 1183 graeci
184 1100 392 1175 adhibeatur,
415 1102 508 1181 prior
528 1102 726 1185 syllogismus
747 1102 939 1179 deductione,
968 1102 1129 1183 posterior

54 1182 249 1276 syllogismus
272 1182 453 1247 inductiones
475 1181 543 1247 dici
567 1194 683 1267 potest.
698 1183 906 1326 Sptlopismus
929 1192 978 1245 est
1000 1181 1055 1246 illa
1077 1203 1129 1245 ra-

56 1265 237 1341 tiocinatio,
261 1284 326 1347 qua
342 1286 432 1327 mens
447 1272 553 1329 nostre
576 1285 595 1327 a
617 1274 718 1331 totoa
757 1274 877 1348 partes,
895 1265 962 1327 sire
977 1283 995 1325 a
1011 1284 1128 1346 genere

55 1344 91 1407 ad
115 1345 276 1429 speciem,
301 1344 350 1409 vel
374 1365 391 1407 a
414 1345 522 1429 specie
537 1344 577 1409 ad
593 1343 766 1409 individua
789 1342 1007 1431 progreditur.
1024 1344 1063 1407 Ε.
1081 1364 1126 1427 g.,

55 1426 147 1489 Omne
170 1426 295 1489 onimol
310 1427 489 1509 praeditum
506 1436 548 1488 est
563 1426 714 1502 sensibus·
728 1427 817 1510 utqui
831 1447 925 1510 equus
939 1437 980 1488 est
994 1424 1128 1501 animab
1159 1433 1162 1439 '

54 1526 119 1587 erpo
140 1528 241 1603 specus
259 1508 423 1590 praeditus
450 1518 492 1571 cst
521 1506 672 1571 sensibus.
695 1507 843 1573 Inductio
872 1514 980 1569 autem
1003 1515 1051 1569 est
1073 1506 1129 1571 illa

55 1590 275 1663 ratiocinatio,
295 1590 327 1651 in
351 1610 415 1672 qua
430 1609 519 1652 mens
535 1587 746 1685 progreditur
759 1608 778 1651 a
793 1584 943 1672 partibus
957 1584 997 1649 ad
1013 1594 1126 1663 totum,

55 1688 169 1752 nempe
193 1668 234 1733 ab
256 1668 435 1735 individuis
456 1668 497 1733 ad
520 1690 677 1754 speciem,
700 1679 757 1734 cut
776 1690 797 1732 a
817 1664 989 1752 speciebus
1011 1665 1051 1729 ad
1074 1688 1128 1747 ge·

57 1770 121 1811 nus.
147 1750 188 1813 E.
205 1770 252 1833 g.,
279 1750 350 1827 Bos,
373 1772 477 1833 equus,
500 1752 600 1827 conis,
625 1752 680 1827 leo,
704 1762 860 1832 ceteraque
879 1748 1127 1830 brutoproedito

9 1882 10 1885 ,
56 1842 121 1891 sunt
144 1829 308 1907 tensione
328 1832 417 1914 atqui
439 1829 503 1906 bos,
526 1852 636 1915 epuns,
657 1833 755 1907 conis,
780 1830 838 1910 leo,
859 1840 1014 1912 ceteroque
1036 1827 1128 1891 bruta

56 1920 121 1971 suut
147 1932 237 1973 omne
264 1912 408 1975 animans
436 1910 561 1975 brutum
573 1934 585 1989 ;
611 1931 682 1994 erpo
710 1932 796 1975 omne
826 1911 971 1976 animans
999 1908 1126 1971 brutum

54 1992 229 2070 praeditum
251 2004 292 2053 cst
317 1990 467 2055 sensibus.

91 2072 140 2139 93.
167 2072 270 2136 Porro
294 2071 449 2147 inductio,
473 2093 575 2156 aeque
592 2094 629 2137 ac
644 2070 860 2159 syllogismus,
876 2077 1057 2136 constater
1072 2071 1128 2135 tri·

58 2149 112 2215 bus
133 2154 300 2229 terminis,
322 2166 355 2219 et
376 2174 417 2217 ex
440 2154 545 2219 tribus
559 2155 856 2231 enunciationibus;
873 2162 922 2217 ast
938 2151 993 2216 illa
1009 2150 1049 2215 ab
1066 2152 1126 2217 isto

56 2252 91 2295 en
112 2244 253 2317 utroque
275 2236 382 2319 capite
405 2234 667 2313 discriminatur,
691 2237 737 2300 ita
759 2250 796 2305 ut
815 2239 933 2302 harum
955 2254 1127 2316 argumen-

57 2315 212 2379 tationum
237 2312 339 2379 lorma
362 2316 406 2380 sit
425 2315 567 2381 diversa.
585 2317 775 2393 Enimvero,
798 2314 886 2402 quod
909 2312 949 2376 ad
972 2315 1127 2380 terminos

57 2398 177 2469 attinet,
201 2394 270 2471 ille,
290 2397 346 2478 qui
370 2406 418 2461 est
440 2399 599 2461 terminus
614 2396 743 2463 medius
766 2400 799 2462 in
823 2396 1023 2469 inductione,
1041 2407 1077 2461 ut
1093 2398 1127 2460 in

57 2474 149 2541 allato
171 2476 336 2561 exemplo,
360 2476 424 2553 bos,
447 2489 653 2562 epaeneto,
675 2490 724 2545 est
746 2480 905 2544 terminus
920 2476 1039 2552 minor,
1057 2477 1126 2542 sire

59 2556 239 2622 subiectum
257 2564 288 2622 in
304 2558 543 2642 syllogismmet
557 2570 681 2636 contra,
698 2561 868 2634 terminus,
884 2556 942 2642 qui
957 2565 1007 2620 est
1020 2561 1128 2623 minor

61 2639 87 2701 in
108 2638 176 2713 illa,
201 2649 238 2702 ut
260 2640 292 2702 iu
314 2637 427 2702 eodem
448 2640 609 2736 exemplo,
629 2662 716 2704 omne
738 2640 871 2714 animal,
886 2648 935 2702 est
949 2638 1077 2703 medius
1093 2641 1127 2705 in

59 2719 252 2805 syllogismo.
277 2718 372 2783 Ratio
393 2730 466 2796 est,
495 2740 574 2815 quia
604 2720 748 2785 inductio
769 2740 789 2784 a
810 2716 1064 2807 particularibus
1085 2721 1126 2790 ad

60 2800 239 2866 universale
263 2798 483 2885 progreditur,
500 2800 585 2867 idest
606 2802 639 2864 in
661 2803 733 2864 eius
749 2800 957 2884 consequenti
973 2803 1127 2866 enuncia-

60 2893 108 2947 tur
128 2882 170 2947 de
193 2890 273 2958 toto,
297 2903 413 2967 nempe
435 2881 475 2946 de
498 2902 629 2965 genere,
652 2882 704 2945 rel
727 2880 767 2946 de
789 2882 914 2967 specie,
930 2879 1023 2959 illud,
1038 2883 1125 2967 quod

60 2964 88 3027 in
109 2960 312 3029 antecedenti
333 2964 472 3047 singulis
493 2964 565 3028 eius
588 2963 749 3046 partibus,
770 2962 855 3028 idest
875 2962 1060 3057 speciebus,
1077 2964 1126 3029 vel

60 3042 248 3119 individuis,
269 3047 443 3109 convenire
457 3055 660 3128 compertum
681 3054 742 3120 est;
766 3064 803 3108 ac
825 3042 963 3129 proinde
977 3044 1126 3129 singulae

60 3136 160 3207 partes
183 3134 259 3189 sunt
280 3124 439 3189 terminus
461 3124 600 3200 medius,
615 3134 649 3190 et
664 3134 768 3189 totum
781 3138 829 3191 est
844 3122 1040 3201 subiectum,
1057 3128 1125 3191 sive

60 3208 215 3271 terminus
238 3204 355 3267 minor.
379 3208 406 3271 Ε
429 3208 616 3282 contrario,
645 3205 854 3291 syllogismus
880 3205 922 3269 ab
949 3207 1127 3271 universali

60 3287 91 3350 ad
113 3284 313 3371 particulare
336 3284 514 3363 descendit,
535 3288 597 3351 hoc
619 3298 680 3361 est,
704 3287 739 3355 iu
761 3287 833 3352 eius
855 3288 1065 3371 consequenti
1085 3287 1126 3352 de

58 3368 161 3453 aliqua
183 3366 305 3449 specie,
328 3366 380 3431 vel
402 3367 441 3432 de
464 3368 575 3453 aliquo
598 3365 768 3432 individuo
785 3367 980 3433 enunciatur
993 3367 1125 3451 aliquod

59 3448 247 3515 attributum
261 3467 303 3511 ex
317 3468 370 3524 eo,
386 3450 474 3545 quod
491 3457 695 3544 compertum
710 3458 758 3513 cst
773 3450 806 3512 in
821 3445 1022 3515 antecedenti
1039 3449 1126 3514 istud

59 3529 248 3599 attributum
272 3548 446 3597 convenire
470 3550 597 3617 generi,
621 3530 673 3595 vel
696 3530 840 3616 speciei,
862 3530 918 3597 cui
941 3526 1125 3596 subiectum

1110 3795 1228 3855 A.
