2475 3909
510 210 689 260 musteum
1028 194 1092 262 209

62 292 159 359 levari
184 314 249 357 non
273 303 398 380 potest,
421 296 483 361 nisi
510 308 572 361 toto
594 296 752 360 cucumim
779 297 948 361 intellectos
970 300 1004 362 in
1027 297 1132 363 Deum

62 375 218 439 intendens
240 399 257 439 a
279 378 397 442 ceteris
423 380 598 523 gotentiis,
627 400 663 442 ac
686 378 820 463 proinde
843 400 861 444 a
882 381 1036 465 potentiis
1058 401 1132 444 sen*

61 458 166 523 silisis
189 460 322 523 omnino
344 480 377 524 se
404 483 421 526 a
447 460 568 525 strahat
583 461 607 536 ¹3
632 482 724 539 nam,
746 480 820 525 cnm
843 462 930 525 llcus
952 461 1133 527 0111010111-

61 539 151 621 gibile
169 541 483 621 uehementissimum,
500 564 562 608 non
586 551 691 628 potest
714 552 822 608 noster
843 544 1026 609 intellectus
1047 546 1132 609 Eum

62 620 184 698 videre,
202 624 263 687 nisi
285 634 350 686 toto
371 628 442 691 eius
463 626 589 692 intentio
609 626 644 689 iu
658 626 735 689 hunc
756 623 906 689 visionem
927 626 1091 709 colligatur
1104 628 1131 701 ²3

62 713 106 780 ct,
129 704 405 788 quemadmodum
428 708 507 773 alibi
531 705 731 771 ostendimus
746 709 774 783 ³,
797 710 926 792 quoties
953 710 1062 774 anima
1085 718 1134 774 10-

63 798 127 851 tam
143 788 210 849 vim
226 808 316 852 suam
335 793 365 853 in
381 791 612 857 exercitatione
634 789 774 853 alicuius
797 793 960 874 potentiae
981 790 1130 867 intendit,

62 866 183 930 nullam
206 870 304 934 aliam
320 874 498 957 potentiam
520 892 673 937 exercere
687 871 781 937 valet.
798 873 897 958 Atqui
922 875 955 937 in
969 872 1028 936 hoe
1043 881 1133 941 statu

61 950 160 1024 vitae,
176 950 209 1013 in
224 974 289 1036 quo
313 956 421 1018 anima
443 976 517 1020 cum
538 973 673 1039 corpore
695 954 914 1051 coniungitur,
937 955 1133 1021 naturaliter

63 1030 133 1094 lieri
156 1036 281 1115 nequit,
294 1048 331 1101 ut
348 1038 455 1101 anima
470 1060 488 1101 a
505 1036 658 1124 potentiis
679 1038 842 1102 sensitivrs
863 1038 995 1102 omnino
1010 1058 1044 1102 sc
1059 1037 1133 1101 ahs-

63 1112 291 1258 trglhat.‘Ergo
315 1116 384 1183 fieri
407 1141 469 1183 non
492 1130 607 1206 potest,
625 1128 660 1183 ut
681 1119 789 1185 anima
813 1119 1005 1185 naturaliter
1026 1119 1131 1185 Deum

64 1217 94 1260 vr
120 1205 173 1260 eat
206 1246 212 1260 .

102 1280 154 1343 46.
179 1278 338 1366 Denique,
353 1280 380 1346 si
399 1282 504 1348 anima
524 1285 667 1349 humana
689 1281 842 1366 gauderet
865 1283 920 1347 illa
935 1284 1069 1367 perenni
1085 1286 1135 1346 vi-

63 1362 174 1437 sione,
195 1384 292 1448 qunm
315 1365 466 1449 Ontologi
488 1366 799 1441 comminiscuntur,
822 1363 951 1431 destitui
977 1386 1039 1428 000
1062 1386 1134 1450 pos·

63 1454 113 1509 set
134 1448 331 1511 conscientia
358 1446 454 1512 huius
479 1449 554 1529 facti
582 1448 712 1512 interni.
737 1448 834 1512 0101
863 1468 958 1512 nemo
984 1449 1135 1512 conscius

64 1524 129 1589 sihi
153 1538 256 1593 estse
280 1528 337 1591 hac
359 1530 481 1595 visione
510 1527 662 1613 gaudere.
686 1530 774 1612 Ergo
818 1550 890 1605 aec,
914 1550 1011 1614 quam
1032 1529 1135 1594 0010-

64 1608 131 1693 logi
155 1610 456 1691 comminiscuntur,
478 1614 561 1677 visio
585 1614 670 1677 inter
691 1610 823 1675 calentis
844 1632 921 1675 suae
943 1612 1134 1697 phantasiae

64 1688 217 1774 figmenta
239 1690 440 1759 amandanda
461 1708 520 1760 est.
538 1694 600 1760 Cui
623 1716 660 1759 ar
683 1704 816 1758 umento
838 1694 943 1757 maius
965 1693 1067 1757 robur
1082 1712 1135 1757 ac-

64 1770 151 1837 cedit
173 1794 215 1838 cx
236 1795 287 1849 eo,
309 1773 419 1860 quod,
446 1775 624 1841 secundum
652 1714 851 1860 dntologos‚
874 1776 1026 1860 perennis
1047 1776 1132 1841 visio

63 1854 125 1919 Dei
147 1866 196 1921 est
211 1858 426 1943 principium,
448 1878 488 1925 ex
510 1880 577 1944 quo
596 1858 818 1955 coguitionem
839 1876 950 1921 rerum
975 1876 1064 1920 meus
1078 1877 1136 1923 no·

63 1947 131 2003 stra
154 1938 524 2023 011101001100.10000000
547 1941 602 2005 illa
626 1938 707 2004 vasio
729 1939 929 2024 principium
951 1950 1135 2004 nostrarum

63 2021 287 2105 cognitionum
308 2042 376 2087 esse
400 2044 462 2087 000
485 2034 613 2109 posset,
636 2022 700 2086 nisi
729 2041 818 2086 mens
840 2022 912 2085 eius
933 2022 1064 2085 conscia
1086 2042 1135 2086 es-

63 2115 124 2178 set,
139 2104 217 2187 quia
232 2105 327 2187 origo
349 2105 546 2189 cognitionis
567 2126 627 2191 per
648 2104 849 2191 principium
870 2104 969 2168 menti
987 2105 1136 2189 ignotum

63 2184 225 2270 explicari
250 2206 311 2250 non
335 2199 449 2273 potest.

149 2312 216 2363 dar.
231 2312 301 2365 1111.
314 2312 488 2367 —Nonnulla
509 2317 676 2367 consectaria
696 2311 868 2376 Ontologismi
887 2316 1056 2375 exponuntur

105 2426 160 2491 47.
184 2424 425 2508 Ontologismus
448 2446 489 2489 cx
509 2444 549 2491 eo
564 2426 663 2490 etiam
686 2421 886 2489 reiioiendns
907 2430 966 2498 est,
981 2420 1067 2507 qnod
1085 2443 1136 2486 ra-

62 2506 270 2582 tionalismo,
292 2517 324 2570 et
345 2508 543 2594 panthcismo
566 2508 756 2573 latissimam
777 2506 865 2569 viam
887 2504 1011 2571 sternit.

107 2593 215 2673 Atque
236 2590 268 2652 in
293 2591 419 2673 primis,
434 2591 678 2657 rationalismns
691 2598 741 2653 est
752 2585 834 2652 illud
857 2597 1005 2673 systema,
1021 2585 1137 2670 inquo

63 2672 217 2757 dogmata
249 2672 430 2758 Religionis
458 2673 660 2739 Christianae
686 2673 732 2737 ita
757 2668 989 2755 explicantur,
1012 2677 1135 2732 utnon

62 2754 157 2819 aliud
179 2751 375 2833 exhibeant,
401 2777 497 2841 qnam
519 2753 604 2839 quod
630 2755 714 2819 intra
736 2751 871 2817 rationis
891 2750 1013 2815 limites
1034 2750 1138 2815 inclu-

62 2838 168 2903 ditur.
186 2836 254 2901 lnm
277 2858 318 2901 ex
363 2839 505 2925 rincipio
528 2836 664 2901 visionis
686 2835 747 2902 Dei
770 2832 868 2898 facile
891 2833 1007 2897 inierri
1031 2844 1137 2916 potest

65 2920 174 2985 llenm
197 2921 229 2983 in
246 2939 278 2983 se
294 2858 399 2985 viddri
424 2940 486 2985 non
503 2940 612 3007 posse,
629 2920 690 2985 uisi
716 2915 867 2982 videatur
889 2936 928 2980 eo
950 2914 1057 3010 modo,
1070 2936 1136 3012 quo

64 3023 182 3089 reapse
205 3000 374 3077 subsistit,
398 3024 434 3068 ac
458 3003 593 3088 proinde
617 3002 782 3077 veritates,
805 3019 941 3083 quaem
966 3008 1063 3061 steria
1087 2997 1134 3061 dr-

65 3094 200 3161 cuntur,
215 3106 246 3148 e.
260 3106 306 3165 g.,
327 3085 470 3152 Trinitas
482 3084 676 3150 Divinarum
697 3084 928 3155 Personarum,
944 3018 1139 3145 huiusmodi

63 3189 149 3245 esse,
167 3166 251 3232 utin
268 3162 463 3253 [leuesque
486 3187 523 3231 ac
546 3167 699 3233 veritates
721 3164 929 3241 naturales,a
952 3172 1059 3227 mente
1081 3184 1138 3225 no-

64 3264 134 3319 stra
158 3249 348 3318 naturaliter
369 3259 606 3337 cognoscantur
619 3252 643 3311 ⁵.

422 3396 750 3412 w

101 3470 115 3577 ἑ
137 3470 193 3590 gg}
208 3472 306 3577 alsugo..
328 3470 365 3518 Da
388 3470 459 3526 Ver„
480 3464 600 3591 01.11111,
621 3482 648 3518 a.
669 3468 730 3591 3⁰0.

104 3607 172 3663 «0
187 3542 514 3677 ,1011121οῗ01
530 3542 662 3673 teht.
678 3542 744 3672 ll.
763 3627 792 3665 0.
811 3613 858 3669 27,
878 3627 906 3663 2..
927 3612 974 3665 0.

104 3686 117 3720 ³
139 3704 150 3729 ι
173 3682 282 3736 Summa
296 3682 403 3736 llonitas
424 3684 480 3747 1101,
502 3686 586 3751 inquit
599 3702 622 3738 a.
637 3682 765 3750 Thomas,
784 3687 932 3739 secundnm
951 3685 1071 3749 modum,
1085 3696 1139 3747 qur

145 3765 375 3823 1000001000.
393 3774 530 3837 corrosuri.
548 3770 567 3824 1.
938 3770 995 3821 tt‘
