2475 3909
139 141 197 208 luo
520 156 749 205 urnaurnnora

98 245 150 308 cio
172 243 352 309 intellectus
373 259 456 326 opus
476 262 568 320 esse,
595 252 633 306 ut
652 261 882 326 cognoscamus
908 256 1040 324 utrum,
1062 268 1165 314 necne

101 347 164 402 res,
181 346 262 411 quas
282 326 512 410 imaginamur,
533 323 636 389 reales
657 325 730 388 sint.
752 325 861 402 Quare
881 327 1041 412 quidquid
1063 331 1166 416 impe-

99 407 160 482 dit,
183 409 355 492 quominus
379 406 560 472 intellectus
579 405 740 471 indicium
756 406 838 474 illud
852 419 1012 487 exerceat,
1036 413 1069 476 in
1091 433 1169 477 cau·

100 510 134 553 sa
157 499 214 566 est,
238 487 447 575 quamohrem
468 510 532 554 non
547 488 706 574 imagines
727 509 849 568 rernm,
872 490 929 555 sed
943 512 993 556 res
1008 494 1096 579 ipsas
1110 506 1167 560 no-

101 571 152 635 bis
173 582 413 656 repraesentare
442 569 624 636 videamur.
648 569 717 633 lam
743 569 929 637 huiusmodi
952 574 1166 661 impedimen-

105 665 173 720 tum
195 653 326 718 evenire
358 653 431 737 quit
462 662 530 716 tum
552 673 594 716 ex
616 662 706 737 parte
739 656 892 731 animae,
920 665 990 720 tum
1010 678 1053 721 ex
1073 669 1168 743 parte

104 735 261 820 corporis.
285 735 336 798 En
358 742 448 821 parte
470 736 597 800 animae
620 733 739 811 evenit,
762 739 889 819 quoties
913 737 984 832 ipsa
1009 739 1043 802 in
1069 739 1170 836 phan-

103 828 236 883 tasmate
251 814 462 902 contingendo
484 837 611 882 omnem
627 817 693 880 vim
708 835 799 879 suam
819 816 969 895 intend1t3
991 821 1168 905 siquidem,

104 910 140 966 ut
161 897 241 964 alihi
262 897 407 963 diximus
421 900 447 976 ¹,
469 899 601 976 anima,
629 898 757 983 quoties
778 919 907 964 omnem
929 901 994 965 vim
1016 923 1108 968 snam
1133 905 1171 970 in

104 981 243 1047 alicuius
270 979 433 1046 facultatis
451 980 716 1047 exercitationem
739 979 888 1057 intendit,
909 982 1052 1067 reliquas
1067 983 1172 1050 lacul-

104 1073 183 1129 tates
205 1084 359 1128 exercere
379 1084 443 1128 non
465 1073 579 1149 potest.
602 1063 819 1146 Quapropter,
840 1064 967 1149 quoties
989 1067 1109 1142 anima,
1125 1067 1171 1131 oh

105 1146 325 1210 vehementem
354 1145 497 1230 aliquam
519 1145 741 1219 affectionem,
763 1154 862 1209 totam
884 1146 951 1210 vim
971 1165 1063 1211 snam
1086 1147 1120 1211 in
1143 1151 1173 1213 i-

105 1229 268 1312 maginem
290 1228 410 1292 ohiecti
429 1229 598 1302 convertit,
614 1225 795 1291 intellectus
810 1247 873 1292 non
911 1238 993 1292 otest
1007 1227 1172 1295 iudicium

107 1308 259 1375 adhihere
270 1320 323 1385 ,ut
337 1307 536 1395 distinguere
558 1310 663 1373 valeat
677 1308 854 1392 imaginem
869 1247 910 1374 al
925 1312 995 1395 ipsa
1010 1332 1057 1389 re,
1071 1332 1173 1397 quam

106 1414 140 1458 re
165 1402 335 1457 raesentat.
358 1393 409 1456 Ex
429 1401 519 1476 parte
543 1391 689 1477 corporis
710 1400 819 1454 antem
841 1390 928 1456 idem
950 1395 1068 1471 evenit,
1091 1393 1174 1479 quia

108 1414 162 1540 vel
180 1472 221 1539 oh
244 1494 393 1559 soporem
415 1494 580 1550 sensuum,
598 1473 645 1538 uti
667 1470 702 1536 lit
724 1475 758 1537 in
781 1474 926 1549 somniis,
951 1474 999 1539 vel
1022 1475 1063 1540 oh
1085 1495 1174 1540 mor-

106 1555 184 1621 bum
208 1555 349 1642 aliquem
377 1557 539 1640 corporis,
554 1555 603 1622 uti
626 1555 659 1619 in
680 1553 788 1639 aegris
808 1563 841 1620 et
861 1554 1069 1640 phreneticis,
1085 1559 1174 1623 actio

108 1639 290 1706 intellectus
313 1634 492 1782 impeditur
506 1640 531 1702 ².
617 1680 622 1689 ,

147 1721 197 1787 85.
222 1718 317 1797 Quod
338 1739 356 1782 a
400 1719 538 1785 alterum
566 1727 711 1804 spectat,
735 1717 924 1801 phantasia,
947 1729 983 1784 nt
1003 1718 1173 1796 diximus,

111 1805 236 1885 species
257 1800 423 1867 sensilium
445 1802 576 1878 retinet;
600 1803 669 1887 ipsa
691 1809 811 1875 autem,
834 1801 895 1866 etsi
919 1819 983 1864 non
1009 1803 1109 1887 possit
1130 1805 1174 1868 ad

110 1897 217 1950 actum
234 1884 360 1960 reduci,
376 1884 438 1950 nisi
461 1908 478 1950 a
500 1904 595 1950 sensu
616 1890 796 1958 moveatur,
812 1891 930 1960 tamen,
946 1895 1116 1968 postquam
1131 1887 1175 1950 ah

110 1987 149 2029 eo
173 1978 258 2032 mota
280 1977 339 2043 est,
363 1977 467 2051 potest
488 1989 530 2030 ex
552 1986 584 2030 se
607 1965 675 2030 sola
689 1962 813 2049 aliquid
829 1985 935 2049 agere,
951 1966 1027 2048 quia
1042 1967 1075 2030 in
1089 1987 1174 2030 som-

109 2049 186 2124 niis,
210 2050 311 2113 immo
335 2049 497 2114 interdum
512 2050 545 2113 in
562 2053 631 2132 ipsa
654 2045 778 2131 vigilia,
794 2058 937 2112 cessante
952 2067 1060 2123 sensu,
1075 2048 1176 2134 phan-

110 2130 193 2225 pasia
213 2139 383 2195 exercetur
394 2131 416 2195 ⁸.
439 2131 611 2208 Quocirca,
633 2129 661 2192 si
684 2129 863 2214 phantasia,
886 2128 1043 2212 imagines
1063 2151 1176 2196 rernm

110 2231 144 2274 ιιι
166 2231 199 2276 se
221 2213 347 2287 retinet,
370 2212 507 2296 eiusque
524 2215 609 2279 actio
624 2231 698 2274 cum
720 2212 847 2276 actione
863 2229 1015 2276 sensnum
1029 2232 1091 2276 non
1105 2233 1177 2278 ces-

108 2303 180 2371 sat,
203 2292 283 2358 nihil
304 2303 390 2358 certe
412 2295 571 2381 impedit,
594 2293 769 2378 quominus
797 2293 865 2378 ipsa
890 2312 988 2378 super
1015 2294 1176 2378 imagines

109 2385 277 2460 operetur,
301 2384 397 2460 atque
418 2397 459 2440 ex
480 2376 612 2452 multis,
636 2373 798 2458 variisque
824 2395 921 2439 novas
943 2374 1078 2452 coutlet,
1101 2377 1178 2461 qui-

110 2457 171 2523 hus
193 2457 273 2523 nihil
294 2457 481 2523 huiusmodi
505 2459 538 2522 in
562 2479 672 2522 rerum
694 2466 808 2520 natura
831 2463 1015 2541 respondet

312 2591 379 2643 dur.
392 2589 438 2643 lll.
449 2586 526 2640 -llc
546 2587 729 2645 Aestimatlva,
749 2601 795 2638 sen
816 2583 963 2651 cogitativa

151 2706 202 2769 86.
225 2703 430 2767 aestimativa
451 2710 499 2766 est
521 2697 577 2763 illa
598 2697 755 2774 facultas,
779 2718 843 2782 qua
868 2699 902 2763 in
930 2699 1027 2765 rehns
1048 2699 1182 2765 sensili-

112 2784 174 2850 hns
197 2783 466 2871 apprehendimus
486 2780 612 2866 aliquas
625 2779 807 2866 qualitates,
845 2800 906 2846 uae
921 2801 1105 2867 persensus
1119 2803 1181 2846 ex-

112 2879 221 2932 ternos
244 2865 337 2930 nohis
359 2885 422 2930 non
444 2863 659 2940 innotescunt,
680 2883 711 2926 e.
737 2883 785 2946 g.,
809 2801 880 2927 illas
902 2883 971 2929 esse
993 2863 1089 2929 nohis
1109 2865 1180 2930 uti-

114 2949 172 3026 les,
195 2956 250 3012 aut
271 2947 395 3012 noxias
422 2944 562 3012 Vocatur
585 2954 695 3010 autem
715 2943 934 3024 aestimativa,
980 2950 1036 3011 uia
1058 2965 1117 3030 per
1138 2945 1182 3009 il-

114 3030 179 3096 lam
200 3031 418 3105 oestimamus,
440 3048 497 3092 seu
524 3026 709 3093 iudicamus
729 3025 856 3112 aliquid
877 3027 911 3090 in
932 3050 968 3093 re
993 3049 1032 3094 us
1052 3026 1182 3093 sensili-

116 3113 175 3178 bus
195 3131 275 3190 esse,
298 3109 384 3196 quod
405 3107 552 3174 sensibus
578 3130 641 3176 non
663 3108 945 3195 apprehendimus.

155 3197 206 3262 87.
230 3195 326 3281 Prop.
351 3190 554 3258 Aestimatiuu
579 3211 641 3256 nou
664 3202 708 3255 est
732 3189 863 3271 facultas
888 3191 1096 3269 intellectiva,
1126 3194 1183 3257 sed

115 3279 256 3342 sentiens.

154 3477 161 3512 ¹
184 3475 213 3528 Ρ.
236 3477 297 3528 tot.
313 3474 370 3512 —2
388 3470 424 3526 Ct
439 3489 462 3525 s.
476 3473 558 3537 nug..
580 3475 617 3524 Dc
635 3473 721 3532 Prin,
741 3469 789 3520 nn.
805 3466 852 3529 lll,
873 3483 899 3520 c.
916 3471 942 3528 7,
962 3473 989 3519 et
1008 3470 1046 3519 De
1064 3467 1130 3519 Gen.
1146 3470 1186 3518 nd

116 3547 424 3682 ‘ll'olbllllilifij
441 3633 468 3684 q.
484 3614 626 3677 ιιιιιιι,
645 3617 705 3667 ..ι
724 3630 762 3677 a,
783 3620 810 3668 a
822 3629 850 3679 q.
865 3609 1006 3674 ιιιιιιι,
1019 3626 1048 3663 ι.
1063 3611 1079 3662 a
1096 3610 1131 3661 aa
1150 3610 1184 3661 a.
