2475 3909
171 179 233 248 102
461 199 647 248 rnroroore
670 199 855 250 nirinitrs

132 297 197 361 tur,
212 305 296 382 quae
310 282 398 382 ileos
411 285 605 382 appellator,
616 283 806 383 perfleirmi
821 285 951 382 nomine
972 283 1165 371 designatae
1175 285 1196 348 l.

132 367 200 430 lam
222 385 348 432 insania
370 365 461 442 haee,
482 377 542 432 etsi
565 378 790 453 antiquissima
812 379 867 444 sit,
882 377 990 433 tamen
1013 368 1073 432 hae
1096 380 1198 434 nostra

131 460 238 546 aetate
258 449 321 546 late
342 446 502 533 longeque
525 459 699 535 pervagata
721 461 780 527 est,
796 471 833 514 ao
855 450 955 515 veluti
976 450 1108 515 eulmen
1131 453 1200 516 atti·

132 530 491 688 grsgzvrgptrpamsz’
508 627 606 710 atque
628 613 753 700 aliquos
775 611 902 678 mediae
923 613 1038 678 aetatis
1060 625 1200 700 praeter-

131 697 299 761 mittamus
312 695 337 771 ⁸,
353 694 486 780 pessimi
508 695 607 760 horus
628 699 752 762 erroris
772 697 867 780 origo
885 699 916 759 in
934 693 1143 780 philosophia
1156 716 1202 760 re·

168 919 174 950 ¹
196 914 252 968 lloe
273 920 329 980 ipra
350 916 511 980 pantheirmi
531 929 591 974 vor,
612 930 626 965 a
649 915 732 966 verhir
752 926 804 968 παν
822 918 849 962 et
867 909 935 973 Θεος
952 914 1057 972 ellecta.
1082 917 1201 969 lnenlen

129 993 171 1038 ter
188 989 318 1040 declarat.

166 1058 294 1113 ‘²0mner
313 1061 395 1111 ierme
416 1061 537 1110 indorum
558 1059 775 1124 philosophorum
795 1053 906 1108 Scholae
926 1060 1129 1121 panthetnnnm
1149 1077 1201 1114 ma-

128 1136 177 1194 gis,
199 1137 318 1185 minorve
338 1133 467 1192 redolent,
487 1133 532 1182 red
551 1145 625 1189 eom.
645 1133 717 1181 omni
737 1136 837 1182 remota
858 1131 984 1194 ambage,
1003 1133 1099 1183 docuit
1120 1135 1201 1198 philo·

128 1206 220 1267 rophia
238 1205 371 1265 Vedanta,
384 1218 454 1270 qnae
472 1218 534 1254 curn
555 1206 628 1254 iihrir
647 1206 739 1261 racrir,
759 1205 841 1253 Vednr
853 1203 1002 1266 appellatis,
1021 1214 1199 1258 consentanea

130 1279 175 1337 sit,
195 1281 341 1330 orthodorrn
359 1282 478 1343 putator.
500 1275 636 1328 Vedantlei
651 1275 799 1338 philosophi
812 1277 973 1326 contendunt
985 1279 1101 1328 uniennr
1113 1286 1201 1330 extare

127 1363 175 1402 ene
195 1352 326 1402 inlinitum
343 1351 449 1400 nomine
463 1351 590 1407 Bretina,
606 1361 700 1413 reaque
715 1349 887 1410 multiplicer,
900 1356 927 1398 et
943 1352 1199 1417 compositamque

130 1431 236 1486 praeter
255 1426 320 1474 iilud
339 1424 450 1474 existere
470 1421 605 1478 dicuntur.
626 1433 684 1472 esre
703 1421 812 1470 calentis
832 1419 984 1483 phantasiae
997 1422 1127 1474 indibria.
1143 1423 1198 1474 inde

126 1501 216 1546 ortum
236 1497 312 1546 duxit
330 1493 438 1546 allatum
459 1495 523 1544 iliud
542 1493 650 1544 scholae
670 1491 850 1546 Vedaotiena:
871 1494 987 1544 Brolrma
1010 1497 1084 1546 rotor
1103 1499 1199 1554 existit,

128 1575 152 1616 rt
169 1571 291 1633 qartdqutd
309 1583 363 1616 non
380 1576 417 1618 ert
435 1567 561 1626 Redime,
581 1571 622 1615 est
634 1567 763 1615 humanae
782 1569 871 1615 meotis
889 1565 1117 1631 indomitae
1130 1585 1199 1620 men·

127 1649 180 1690 tem
206 1655 283 1700 epam
310 1637 447 1691 Vedantiei
475 1639 575 1689 olarios
599 1639 781 1700 explicarent,
808 1635 849 1686 hie
876 1637 1032 1701 imaginihur
1056 1643 1102 1690 nai
1129 1649 1197 1692 sont.

124 1709 239 1762 lirahma
258 1718 299 1764 ert
317 1713 390 1762 velut
408 1725 504 1761 aranea
530 1715 658 1766 aeterna,
684 1723 752 1773 qnae
775 1708 857 1759 talam
876 1713 1016 1760 creationis
1034 1725 1050 1760 e
1069 1715 1135 1765 riou
1154 1727 1198 1764 roo

124 1786 250 1835 continno
267 1787 368 1844 educit,
384 1788 411 1837 et
430 1785 543 1834 vicissim
562 1783 589 1832 in
607 1796 636 1833 re
656 1783 768 1840 reducto
782 1789 830 1831 aut
849 1783 931 1832 molor
949 1784 1109 1845 argillaeea.
1123 1789 1198 1837 enine

125 1857 227 1906 formae
245 1863 308 1908 runt
326 1861 439 1908 eonetae
459 1868 501 1906 rer
519 1854 681 1919 ringelem„
701 1860 748 1903 ant
766 1867 901 1913 oceanus,
925 1856 1001 1905 eninr
1027 1870 1068 1906 rer
1089 1865 1198 1910 creatae

124 1934 187 1979 eunt
203 1929 311 1990 iloetnr,
330 1943 451 1993 rpumae,
471 1932 578 1993 guttae,
598 1927 750 1990 quaelicet
772 1925 841 1977 aliae
863 1927 896 1976 ab
915 1927 974 1978 aliie
997 1928 1143 1981 distinctae
1163 1935 1200 1980 ri-

122 2003 247 2061 deantur,
263 2008 352 2052 tamen
370 2014 461 2052 revera
481 2000 514 2050 ah
532 2013 633 2050 oceano
652 2013 704 2050 non
717 1999 913 2063 distinguuntur
932 1993 1009 2067 (rid.
1031 1999 1102 2066 llug.
1124 2002 1198 2056 Win-

124 2074 311 2134 dirohmaoni,
332 2077 371 2126 ile
390 2075 595 2137 Theologumentr
618 2075 834 2131 Vrdontieorom,
861 2067 967 2122 Bonnae
994 2073 1101 2142 1833).
1131 2075 1198 2126 lnter

123 2143 260 2207 Graecos,
279 2148 475 2210 panthelrmnm
495 2146 671 2209 propugnavit
688 2141 783 2195 Schola
808 2145 941 2200 eleatiea.
961 2159 1050 2209 quae,
1070 2160 1089 2198 a
1112 2143 1196 2200 Xeno

125 2219 211 2282 phane
228 2224 298 2280 orta,
320 2218 513 2278 Parmeniden,
530 2213 675 2275 Zenonem,
690 2213 825 2267 Melinum
845 2213 963 2268 Samium
990 2219 1136 2282 magistron
1154 2222 1196 2271 ha-

123 2289 191 2341 huit.
211 2287 323 2351 Ceteris,
342 2291 477 2343 hrevitatie
495 2302 569 2353 orgo,
589 2290 792 2353 praetermirrir,
812 2287 995 2340 Parmenidem
1015 2295 1194 2348 nominamur,

122 2365 200 2414 eninr
218 2365 282 2415 illud
303 2369 395 2415 notato
418 2364 527 2426 dignum
552 2367 616 2420 ert.
641 2363 710 2425 quod
737 2367 871 2425 tamqmm
896 2363 1032 2424 proprium
1057 2364 1194 2416 inventura

121 2435 244 2487 hodierni
262 2435 430 2488 Pantheirtae
449 2434 497 2485 ribi
522 2435 677 2492 vindicant;
703 2436 769 2497 qnod
792 2437 899 2498 nomint,
925 2444 949 2484 rt
972 2439 1040 2498 quod
1058 2441 1193 2500 cogitatur,

122 2523 202 2558 unum
219 2512 334 2574 idemque
351 2517 398 2560 ert.
420 2506 560 2571 Portquam
578 2507 611 2557 ah
631 2503 767 2568 Evangelii
780 2505 955 2568 praeconibus
972 2509 1117 2560 creationis
1135 2510 1195 2574 dog-

122 2595 178 2638 ma,
198 2596 251 2645 qno
270 2581 450 2644 pantheirmue
468 2581 575 2630 omnino
592 2579 758 2637 destruitur.
779 2579 974 2641 promulgatum
994 2579 1056 2638 init.
1082 2579 1194 2646 Neoph-

121 2655 271 2703 ionicorum
286 2651 393 2710 Schola.
404 2666 472 2715 qnae
486 2653 600 2715 primurn
613 2647 723 2709 hornae,
734 2655 760 2699 et
774 2647 961 2708 Alexandriae,
972 2651 1068 2704 deinde
1080 2652 1194 2705 Athenis

121 2727 225 2788 viguit.
244 2726 440 2788 pantheirmum
466 2726 534 2774 tueri
553 2737 600 2788 pro
620 2722 719 2774 viribus
744 2723 834 2774 adnisa
853 2727 903 2772 ert.
924 2721 1024 2779 [lorum
1056 2731 1193 2790 praeripui
1235 2745 1236 2778 i

121 2797 204 2848 hahiti
222 2804 284 2849 runt
304 2797 431 2856 Plotinae,
453 2793 622 2861 l'orphgrim,
642 2793 794 2853 lamblieus,
815 2801 842 2846 et
861 2793 979 2846 Pronior.
999 2795 1041 2848 lsti
1062 2799 1192 2850 doeehant
1234 2831 1235 2884 p

119 2872 227 2921 unicam
246 2872 360 2921 existere
379 2869 564 2927 rnhrtantiam,
584 2881 680 2931 nempe
701 2865 842 2924 Divinam.
863 2872 1018 2932 ceteraeque
1039 2885 1082 2921 ror
1102 2884 1192 2922 omnes

121 2955 173 2993 noo
191 2956 249 2995 erre
268 2944 316 2994 nisi
335 2943 453 3008 affirmes,
473 2946 521 2990 ant
539 2945 725 2994 emanationes.
739 2946 786 2990 ant
803 2943 894 2990 rodier
912 2941 982 2990 iiiior
1003 2939 1114 2994 llirinae
1132 2946 1189 2994 soh
1233 2929 1234 2990 l

119 3019 245 3067 stantiae.
266 3014 316 3066 Sed
335 3015 461 3071 tandem,
479 3013 591 3063 relatui
610 3015 671 3064 lene
691 3010 846 3075 Evangelii,
873 3026 990 3076 paganae
1012 3015 1192 3082 philosophiae
1232 3027 1233 3094 p

120 3089 237 3139 tenebris
255 3087 389 3152 dirpnlrir,
410 3087 578 3138 teterrimam
597 3090 743 3136 monstrum
761 3085 924 3148 pantheirmi
943 3089 1049 3149 penitus
1068 3091 1192 3141 interem-

121 3167 178 3211 tom
196 3168 246 3213 eat.

155 3232 168 3268 ³
188 3232 294 3284 Praeter
313 3229 423 3288 hraher.
444 3233 472 3280 et
491 3227 601 3282 ledaeos
620 3219 738 3281 Kabalae
758 3229 888 3280 studiorna
907 3225 1009 3298 (otii.
1024 3230 1142 3292 Franek,
1157 3237 1189 3284 la

118 3305 246 3361 Belide,
266 3320 301 3354 oe
317 3305 345 3353 la
366 3302 528 3365 Philosophia
546 3303 680 3368 religionen
698 3305 743 3354 der
762 3303 895 3362 Hebraeae,
916 3317 978 3367 para
998 3302 1031 3364 ii.
1053 3319 1080 3356 e.
1094 3308 1126 3365 l.
1146 3305 1191 3358 Pa-

118 3377 155 3424 rir
176 3372 257 3440 1713)
279 3377 320 3424 vir
339 3388 428 3431 onor,
449 3378 476 3421 et
494 3373 582 3433 alter,
603 3380 666 3440 pota
688 3374 837 3426 limerioor
856 3369 1044 3436 Carnotenrir,
1063 3384 1092 3428 et
1112 3376 1190 3428 liarid

119 3445 152 3492 de
173 3443 290 3495 llinando
310 3442 360 3511 (oi
376 3460 402 3508 p.
423 3444 494 3503 3117,
515 3451 571 3496 not.
593 3445 643 3510 l),
664 3447 690 3496 in
711 3447 797 3496 media
816 3452 904 3498 aetate
923 3450 1023 3500 inventi
1042 3456 1128 3508 sont.
1148 3453 1189 3515 goi

119 3515 320 3572 pantheirmnm
341 3517 529 3567 iortaorarent.
550 3515 664 3568 Saeculo
683 3525 773 3570 autem
792 3513 864 3577 iitV,
881 3516 954 3570 Frat.
973 3518 1121 3580 Bokartns.
1137 3529 1189 3585 post

118 3577 230 3634 Scotum
253 3583 405 3648 Erigonam,
426 3591 619 3649 mgrtr'er'rmnm.
635 3592 679 3653 qui
695 3590 861 3653 pantheirmo
880 3593 955 3643 ratde
972 3593 1058 3645 allinit
1076 3599 1130 3654 ert.
1149 3609 1189 3648 er·

116 3650 213 3703 eololt.
235 3654 318 3706 Porro
339 3659 518 3722 mystieirmus
535 3667 575 3712 ert
596 3662 640 3712 ilia
661 3662 861 3727 philorophaodi
882 3665 1044 3727 mohodm,
1064 3681 1137 3731 qnae
1149 3681 1189 3718 rn-
