2475 3909
449 203 723 256 anrunoeouocrn
1008 187 1068 252 uit

85 286 119 354 4⁰
133 285 282 374 Denique
305 288 399 355 liceat
419 299 623 373 argumento,
639 287 725 374 quod
747 285 860 352 dicunt
881 287 921 350 ud
940 286 1107 366 tomitem,

42 371 245 436 adversarios
265 371 431 456 impetere,
454 381 549 454 atque
571 381 740 454 utramque
765 380 892 434 nostrae
916 372 1110 455 propositiu-

41 453 97 518 nis
117 466 239 538 partem
259 453 459 518 confirmare.
482 453 560 516 Pura
580 454 739 537 corporis,
762 453 816 515 cui
841 452 948 515 anima
969 461 1016 517 est
1038 453 1109 518 alli·

44 544 130 619 gau,
146 548 202 601 aut
213 544 263 600 est
274 546 431 621 punctum
453 533 666 612 indivisibile,
681 544 712 598 et
733 535 950 612 inextensum,
966 546 1022 600 aut
1036 555 1110 620 pers

43 627 186 681 extensa.
202 618 348 682 Primum
362 616 428 682 dici
441 619 566 701 nequit,
580 627 650 683 tum
671 615 748 702 quia
769 614 936 700 quaelibet
952 637 1025 701 pars
1039 637 1110 680 cor-

44 699 134 782 poris
155 711 204 764 est
224 709 379 777 extensa,
402 711 469 764 tum
495 699 571 783 quia
596 698 829 774 nervulorum,
851 696 1042 762 fibrillerum
1069 721 1109 764 ue

43 781 272 846 concussiones
291 783 324 846 in
343 795 461 866 puncto
482 779 674 845 indivisibili
694 779 783 844 coire
804 801 865 845 uon
888 791 1031 864 possunt.
1046 721 1112 866 igi-

44 874 101 928 tur
122 862 199 926 haec
221 883 306 948 pars,
328 863 420 928 sedes
440 862 558 938 animi,
581 874 713 928 extensa
734 881 803 926 esse
825 859 929 926 debet.
955 863 985 928 si
1009 862 1111 948 igitur

45 946 138 1009 iuxta
153 947 238 1030 ipsos
251 945 451 1011 adversarios
464 964 528 1008 non
544 954 705 1030 repugnat
725 944 767 1008 ali
792 963 867 1008 uam
890 944 1109 1010 extensionem

45 1024 87 1089 nl)
108 1027 217 1091 anima
245 1027 439 1105 iniormnri,
461 1047 501 1090 ne
523 1037 685 1111 repugnat
711 963 843 1111 quidem
866 1026 1109 1104 extensionem,

46 1128 145 1192 quam
166 1109 235 1192 ipsa
259 1108 424 1184 informat,
446 1129 515 1176 esse
538 1118 642 1174 totum
664 1127 793 1192 eorpus.

86 1190 138 1256 90.
161 1191 308 1276 Prop.2'.
325 1193 440 1257 Animo
455 1192 490 1254 in
503 1190 638 1285 sinpuiis
654 1188 800 1274 portibus
818 1190 957 1274 eorporis
978 1200 1020 1252 eet
1036 1201 1109 1256 totu.

88 1271 245 1338 Probatur
266 1295 307 1339 ex
328 1294 380 1352 eo,
424 1273 488 1338 uod
510 1293 630 1347 anima,
646 1292 719 1336 cum
741 1272 784 1336 sit
803 1272 953 1358 simplex,
979 1294 1042 1336 non
1064 1286 1112 1339 est

45 1356 292 1442 circumscripta
313 1357 396 1420 loco.
449 1377 467 1421 e
489 1352 621 1441 quidem
643 1373 731 1430 vera,
756 1352 851 1430 illud,
872 1352 959 1440 quod
980 1363 1029 1419 est
1049 1358 1112 1420 cir·

43 1439 266 1523 cumscriptiee
279 1441 312 1503 in
327 1437 416 1514 loco,
433 1456 609 1520 numquam
629 1435 664 1500 in
685 1434 820 1520 singulis
842 1435 987 1520 partibus
1003 1450 1051 1502 est
1065 1450 1111 1503 te·

45 1533 128 1594 tum,
150 1521 239 1604 qnia,
261 1522 353 1585 utin
375 1517 538 1602 Outelopio
558 1517 703 1583 diximus
719 1516 743 1594 ¹,
765 1539 784 1581 n
807 1517 895 1594 loeo,
917 1518 950 1581 in
971 1538 1036 1602 quo
1051 1531 1110 1595 est,

44 1615 258 1686 exaequatur,
280 1603 326 1668 ita
346 1612 385 1666 ut
405 1621 480 1686 pars
504 1602 537 1665 in
559 1611 667 1687 parte,
691 1612 723 1667 et
743 1609 846 1665 totum
868 1601 902 1664 in
924 1611 990 1666 toto
1011 1603 1069 1676 sit;
1093 1623 1111 1666 e

44 1685 221 1761 contrario,
244 1704 470 1769 quaecumque
490 1681 562 1748 loco
584 1703 648 1747 non
670 1690 745 1748 sunt
766 1684 1023 1768 circumscripta,
1046 1685 1112 1748 sin-

46 1766 134 1854 guiis
156 1765 304 1851 partibus
329 1776 394 1832 tota
421 1765 518 1830 simul
545 1763 669 1828 adsunt.
693 1766 794 1848 Atqui
821 1767 951 1843 anima,
974 1785 1046 1830 eum
1070 1769 1112 1831 sit

44 1847 209 1994 simplex,
233 1869 298 1912 non
319 1849 365 1915 itu
385 1848 518 1932 corpori
540 1845 752 1931 adiungitur,
777 1855 813 1911 ut
833 1845 874 1910 ab
897 1846 953 1911 illo
975 1849 1114 1912 circum·

46 1932 111 1996 seri
138 1940 224 2006 ntur3
249 1954 266 1992 α
289 1930 349 1996 hoc
369 1930 457 1994 enim
478 1930 629 1995 convenit
650 1929 781 2012 corpori
804 1929 923 2007 locato,
947 1940 1044 2013 prout
1064 1943 1112 1995 est

44 2022 205 2098 quantum
227 2013 408 2097 quantitate
429 2009 608 2076 dimensiva
623 2011 635 2047 ²
652 2030 681 2085 »3
698 2007 783 2075 unde
806 2011 875 2095 ipsa
890 2034 908 2072 u
923 2020 972 2074 est
993 2011 1027 2074 in
1042 2031 1111 2075 cor·

45 2115 147 2180 pore,
168 2103 206 2158 ut
226 2095 414 2171 continens,
442 2103 472 2158 et
501 2112 565 2157 non
586 2100 624 2156 ut
644 2101 793 2157 contenta
808 2092 819 2128 ⁸
833 2115 860 2158 u.
888 2093 974 2178 Ergo
996 2114 1038 2156 ex
1059 2113 1110 2169 eo,

43 2176 135 2262 quod
157 2176 267 2240 anima
288 2185 336 2241 est
358 2175 507 2259 simplex,
522 2193 560 2237 ec
575 2173 711 2258 proinde
727 2193 790 2237 non
805 2185 853 2240 est
867 2174 1112 2261 circumscripta

44 2258 140 2337 loeo,
165 2278 304 2355 pronum
330 2268 379 2323 est
399 2255 580 2342 intelligere
609 2274 680 2319 enm
703 2275 772 2320 esse
794 2265 893 2321 totam
916 2257 950 2321 in
974 2257 1113 2343 singuiis

44 2360 194 2424 corporis
217 2337 366 2425 partibus
379 2340 404 2403 ⁶.

86 2424 140 2488 91.
156 2420 192 2486 ld
208 2423 312 2505 magis
326 2420 535 2507 perspicuum
557 2439 598 2483 ex
621 2439 660 2484 eo
681 2417 727 2497 iit,
743 2417 829 2505 quod
851 2419 960 2484 anima
975 2430 1023 2486 est
1037 2423 1113 2485 sim·
1218 2405 1220 2410 ⁸

44 2503 325 2650 plex,⁰pnatenus
345 2513 437 2569 extra
459 2522 560 2588 genus
579 2501 770 2586 quantitatis
793 2502 1025 2580 constituitur,
1049 2524 1112 2567 non

43 2605 127 2650 vero
205 2583 330 2648 modum
351 2584 567 2670 simplicitatis
583 2584 734 2668 pererit
751 2584 844 2660 Sane,
866 2604 916 2661 ea,
938 2597 1114 2668 quaesunt

45 2818 94 2870 sed
115 2815 180 2866 iliud
200 2819 255 2865 tota
274 2814 355 2864 sentit
373 2811 472 2865 anima,
491 2806 561 2871 qued
581 2807 608 2858 iu
627 2808 758 2870 partionis
778 2809 807 2860 iit
819 2811 905 2874 pedis,
918 2817 946 2862 et
960 2813 994 2865 ibi
1007 2821 1111 2869 tantum

44 2891 140 2946 sentit,
162 2888 205 2937 ubi
225 2887 254 2936 flt
275 2905 300 2945 »e
321 2887 361 2938 De
376 2887 491 2934 imecurt.
512 2881 609 2939 anim„
631 2882 683 2930 lec.
698 2881 745 2931 cit·

81 2960 94 2999 ¹
113 2956 179 3023 Cap.
201 2956 234 3017 ii,
254 2973 281 3008 a.
305 2958 330 3015 i,
350 2971 378 3020 p.
399 2949 601 3010 tert-²1,
622 2966 649 3016 q.
665 2948 720 3012 ili,
741 2967 768 3003 s.
791 2953 801 3004 i
824 2967 851 3004 c.

81 3032 95 3070 ⁸
114 3031 179 3083 ibid.
201 3026 237 3082 et
251 3045 276 3081 s.
296 3028 431 3088 Damaso„
451 3029 489 3078 De
506 3025 568 3076 Fide
585 3027 665 3084 ortt„
681 3025 727 3074 lib.
748 3023 770 3083 i,
791 3041 817 3077 c.
840 3026 884 3078 13.

81 3103 95 3142 ⁴
114 3102 168 3155 iias
181 3107 309 3160 rationes,
329 3101 424 3166 quibus
442 3097 633 3162 explicavimus
646 3099 779 3161 quomodo
791 3101 879 3151 anima
894 3106 948 3153 tota
962 3102 989 3153 in
1004 3103 1114 3168 singuiis

43 3179 167 3241 eorporis
186 3176 303 3239 partibus
321 3187 378 3226 esse
397 3171 489 3236 possit,
510 3181 558 3221 nos
576 3169 667 3220 docuit
686 3167 824 3223 Nemeeius
842 3172 883 3224 iris
902 3176 1005 3238 paucis:
1022 3195 1033 3220 ι
1051 3177 1114 3228 Ant.

42 3266 108 3309 rna,
127 3250 198 3314 qnod
217 3249 336 3312 corporis
354 3250 394 3296 est
411 3257 520 3307 expers,
539 3255 628 3305 neque
647 3243 706 3292 ineo
724 3243 863 3305 delinitur,
884 3251 939 3297 tota
959 3262 1008 3310 per
1026 3253 1112 3301 toturn

41 3329 73 3376 st
93 3325 185 3374 iumen
203 3335 293 3379 snum,
312 3326 340 3370 et
359 3331 455 3381 eorpus
469 3318 589 3380 permeat
604 3333 629 3373 'r
645 3317 684 3365 iis
696 3323 752 3366 ont.
767 3317 849 3378 tom,
869 3332 895 3368 e.
911 3317 957 3370 iii.
978 3319 1035 3370 iiuc
1055 3336 1115 3385 spe-

42 3401 103 3448 ctat
120 3395 202 3447 etism
222 3393 286 3443 iiind
305 3407 328 3442 s.
349 3388 560 3441 Beneventurae:
577 3405 588 3431 ι
604 3383 669 3451 Quia
690 3387 816 3452 simplex,
837 3404 888 3440 nnn
908 3398 947 3444 est
966 3394 1112 3444 seeundum

42 3474 152 3535 partem
171 3473 198 3518 et
216 3472 319 3531 partem
339 3465 448 3519 sut...,
468 3473 520 3510 non
539 3459 619 3509 hahet
638 3459 729 3518 sitnm,
749 3467 776 3511 et
797 3461 854 3512 ideo
874 3476 923 3514 nee
942 3471 981 3515 est
1001 3469 1027 3517 in
1046 3482 1114 3531 pun-

42 3549 103 3601 cto,
124 3554 174 3596 nee
192 3542 218 3590 in
237 3545 312 3608 parte
328 3533 504 3587 determinate
521 3552 545 3592 η
562 3535 592 3582 iu
610 3531 654 3584 tit.
670 3532 685 3583 1
695 3534 777 3593 Seni,
792 3531 858 3586 illst.
873 3533 944 3598 Viii,
958 3553 985 3603 p.
999 3539 1028 3603 Ξ,
1042 3555 1068 3592 a,
1086 3542 1112 3605 1,

42 3631 75 3683 q.
96 3613 114 3664 3
134 3614 161 3662 in
178 3613 257 3663 rseoi.

81 3688 95 3725 ⁵
114 3687 165 3753 Qu.
183 3687 281 3750 etspp„
299 3697 328 3748 q.
348 3697 394 3735 un.
416 3682 455 3735 De
472 3681 576 3738 inim,
596 3693 622 3731 a.
646 3678 678 3729 to
697 3679 729 3731 ad
750 3679 794 3730 18.
912 3751 933 3791 ἡ
