2475 3909
130 158 193 225 278
498 174 749 227 cannamomum

91 263 254 327 minorum
275 259 518 355 comparatione
537 260 781 348 perspiciuntur
801 258 922 347 absque
943 262 1009 329 uiio
1031 260 1152 328 medio.

90 343 203 490 Attpui,
217 352 254 408 ut
274 341 352 407 aiibi
369 340 593 409 adnotavimus
607 346 632 417 ¹,
652 345 686 408 in
709 344 762 421 iis,
784 364 867 429 quac
888 366 980 410 mens
1000 346 1069 411 sine
1083 343 1155 409 uiio

90 449 140 494 mc
163 428 196 491 io
217 426 393 511 cognoscit,
417 426 520 490 errori
549 425 638 491 iocus
659 446 808 492 essenon
832 440 943 511 potest.
966 429 1064 513 Ergo.
1088 425 1157 492 iid-

90 512 130 575 de
151 508 211 585 his,
234 507 318 593 quod
341 506 524 573 huiusmodi
549 507 709 607 principia
732 508 772 574 ad
794 508 957 576 obiectum
979 511 1154 595 proprium

88 591 272 660 intellectus
293 601 495 657 revocantur.
519 591 604 657 Hinc
625 613 651 655 s.
668 591 815 656 Thomas:
832 616 850 653 n
866 590 1052 658 inteiiectus
1069 613 1157 657 sem·

89 696 149 762 per
170 684 219 740 est
242 684 366 751 rectus,
393 672 569 739 secuudum
591 673 677 759 qnod
703 684 751 740 est
774 675 1038 760 principiorum,
1065 676 1155 739 circa

89 778 173 845 quae
196 777 259 821 non
282 755 445 853 decipitur
465 778 507 822 ex
528 756 641 822 eadem
663 776 784 833 causa,
810 777 874 842 qua
897 778 961 821 non
993 755 1156 842 decipitur

90 842 177 906 circa
198 835 285 923 quod
308 838 385 923 quid
408 840 480 905 cst²
498 862 526 902 n.

133 920 203 987 125.
228 920 433 1009 protutura·
449 943 533 1007 pars.
558 920 607 985 iid
631 920 797 1006 proxime,
818 931 853 987 et
874 919 970 985 facile
991 919 1155 986 deducen-

91 1004 169 1069 dum
190 1003 315 1089 aiiquid
337 1024 377 1068 ex
401 1003 618 1090 pronuntiatis
646 1024 705 1089 per
726 1022 760 1065 se
781 1003 867 1067 notis
894 1024 952 1067 nec
978 1022 1094 1087 magna
1118 1003 1153 1066 vi

89 1087 226 1172 ingenii,
244 1106 302 1152 nec
324 1086 425 1152 muita
447 1087 622 1153 attentione
643 1105 725 1171 opus
746 1094 805 1160 est;
824 1095 1025 1171 quapropter
1045 1086 1072 1148 si
1088 1086 1153 1148 cir-

90 1191 128 1233 ca
149 1166 334 1234 huiusmodi
354 1167 582 1234 deductionem
603 1188 698 1233 error
720 1168 890 1249 irreperet,
912 1164 1085 1231 dicendum
1103 1164 1157 1230 io·

90 1262 140 1317 vet
157 1252 325 1336 proprium
341 1252 480 1316 hominis
504 1273 566 1316 non
588 1268 657 1314 esse
677 1248 716 1314 ad
739 1250 888 1315 veritatis
909 1248 1086 1335 perfectam
1101 1270 1157 1313 co·

91 1336 269 1421 gnitionem
291 1355 351 1421 per
371 1332 553 1398 discursum
580 1333 763 1416 pervenire.
792 1332 890 1415 Atqui
920 1332 951 1395 id
974 1332 1074 1395 asseri
1099 1351 1157 1394 ne·

91 1418 164 1501 quit
178 1418 200 1480 ⁵.
216 1441 234 1478 n
250 1418 323 1494 Quo
344 1416 443 1491 enim,
466 1416 574 1513 inquit
596 1437 622 1479 s.
639 1415 852 1497 Augustinus,
875 1414 1024 1497 pervenit
1045 1414 1155 1477 omnis

89 1498 194 1564 honus
217 1501 438 1569 ratiocinator,
462 1498 524 1562 nist
547 1496 585 1561 ad
610 1497 779 1562 veritatem
794 1498 810 1559 ‘i
824 1498 870 1556 ‘n
894 1496 992 1581 Ergo.

133 1582 202 1646 126.
226 1582 323 1664 Prop.
346 1579 392 1647 3⁸.
418 1580 592 1647 Intellectus
618 1579 689 1662 salii
709 1587 807 1663 potest
832 1580 918 1643 circa
946 1600 997 1654 ea,
1019 1598 1155 1663 paarvtnv

92 1664 229 1748 capnitia
250 1664 424 1747 expostulat
450 1663 569 1747 ionparn
591 1662 871 1726 ratiocinationum
893 1660 1017 1724 seriem.

133 1747 302 1811 Probatur.
327 1746 440 1820 Error,
462 1756 500 1811 ut
521 1766 545 1809 s.
562 1746 699 1809 Thomas
722 1743 860 1820 monuit,
883 1742 1069 1841 contingere
1084 1752 1159 1825 pot-

91 1838 140 1894 est
157 1850 215 1913 per
236 1828 352 1893 matam
379 1829 651 1892 ratiocinationem
665 1829 689 1889 ⁸.
715 1826 814 1909 Atqui
838 1824 922 1890 maia
950 1823 1158 1889 ratiocinatio

92 1913 233 1977 inveniri
257 1920 362 1995 potest
385 1910 417 1973 in
439 1909 534 1997 ionga
549 1920 677 1975 textura
692 1908 992 1980 ratiocinationum,
1013 1915 1047 1972 et
1061 1904 1159 1969 indu-

92 1996 251 2069 ctionum,
265 1994 342 2091 quia
366 1994 399 2055 in
420 2013 492 2057 earn
514 2012 608 2058 error
628 1999 685 2055 aut
707 1990 871 2064 materiae,
894 1999 951 2055 aut
973 1987 1097 2053 formae
1112 1988 1159 2052 ir·

92 2097 208 2162 repere
230 2087 313 2161 quit.
338 2075 427 2161 Ergo
441 2078 464 2137 ⁸.

92 2222 161 2273 Aur.
176 2218 209 2270 ii.
223 2248 256 2256 -
267 2216 303 2269 lie
316 2219 431 2276 auxiiiis,
445 2218 540 2281 quibus
556 2230 630 2267 mena
643 2216 759 2268 bumana
779 2218 915 2268 moraiiter
926 2222 1045 2281 spectata
1058 2218 1086 2267 iu
1102 2218 1159 2267 veri

142 2294 341 2355 investigatione
360 2290 507 2341 adiuvanda
527 2296 578 2348 est,
599 2294 627 2339 et
646 2291 761 2354 primum
780 2290 812 2340 dc
832 2286 923 2341 Divina
946 2284 1113 2340 Revelattone

135 2402 205 2466 127.
229 2400 280 2463 Ex
302 2400 368 2464 iam
395 2398 489 2464 dictis
517 2397 716 2483 perspicitur
741 2410 882 2464 nostram
908 2398 1066 2463 rationem
1088 2418 1161 2462 mo-

94 2485 206 2550 raliter
225 2480 461 2548 consideratam
483 2500 678 2579 cognoscere
692 2499 757 2544 uon
780 2502 872 2567 posse
895 2481 964 2545 sine
980 2478 1047 2544 uiio
1067 2500 1159 2543 erro-

93 2589 129 2633 re
150 2576 281 2631 cunctas
302 2564 476 2639 veritates,
498 2564 628 2629 etiamsi
653 2562 714 2627 hae
734 2561 776 2627 ad
801 2562 950 2628 ordinem
976 2562 1156 2629 naturalem

93 2660 247 2736 spectent.
271 2651 313 2712 nt
333 2666 409 2711 vero
430 2656 565 2710 externa
593 2643 755 2731 praesidia
781 2644 821 2709 ad
848 2645 921 2711 iiias
942 2656 1010 2713 tuto
1037 2664 1157 2731 cogno-

132 2922 142 2963 ί
162 2922 190 2975 Ρ.
210 2920 334 2972 titt—²
355 2918 376 2977 i,
396 2934 423 2982 q.
445 2914 530 2978 XVii,
550 2930 576 2967 a.
598 2916 614 2967 3
634 2917 667 2966 ad
685 2917 713 2968 2.

131 2997 142 3034 ³
162 2990 198 3047 Gi
216 2998 343 3060 nunant..
363 3006 390 3042 c.
411 2990 456 3051 lv,
477 3004 504 3041 a.
526 2989 570 3049 iii,
591 3004 619 3053 p.
640 2989 703 3040 153.

130 3068 198 3120 iita
215 3082 277 3119 uera
295 3064 388 3128 Raiip„
406 3079 433 3115 c.
453 3062 560 3125 atu-,⁵
580 3062 610 3112 iu
632 3062 677 3111 ut.
698 3063 728 3112 11
744 3062 828 3121 sent„
849 3062 902 3113 ioc.
923 3066 971 3114 cit.

130 3143 142 3181 ⁸
161 3138 265 3197 Omnia,
280 3150 348 3201 quae
368 3138 394 3185 in
413 3135 550 3185 histribus
570 3134 791 3197 propositionibus
810 3135 1059 3197 demonstravimus,
1079 3154 1162 3206 eupe-

94 3215 190 3268 rientia
211 3212 321 3262 mirifice
340 3209 490 3260 confirmat.
510 3204 613 3258 Etenim
633 3219 687 3257 uon
705 3205 791 3257 aoinm
810 3221 903 3258 omnes
922 3206 1092 3274 Phiiosopisi,
1113 3216 1161 3266 sesi

95 3302 186 3340 omnes
205 3296 311 3351 qnoque
329 3282 450 3333 homines
466 3279 614 3345 perrectum
634 3293 712 3329 usum
730 3280 841 3329 rationis
853 3281 953 3345 adepti,
967 3294 1161 3339 consenserunt

94 3368 121 3411 ct
142 3362 167 3409 in
187 3358 340 3408 veritatibus
361 3355 451 3418 primis
475 3353 671 3416 experientiae,
691 3357 771 3415 atque
791 3354 918 3413 rationis,
939 3358 965 3403 et
983 3356 1009 3405 iu
1030 3359 1070 3415 tis,
1090 3374 1162 3423 quae

93 3448 126 3483 cu
146 3433 199 3482 iiiia
221 3432 371 3481 innutanter
395 3426 546 3491 profluunt:
566 3422 667 3475 Multae
692 3438 754 3474 vero
773 3425 849 3484 lites,
869 3438 938 3490 quae
957 3428 1027 3478 inter
1043 3428 1164 3483 Phiioso-

96 3505 162 3568 phos
180 3507 345 3558 exarserunt,
366 3500 518 3562 multaeque
542 3497 739 3560 praeiudicatae
755 3497 903 3559 opiniones,
923 3514 991 3562 quae
1009 3503 1079 3563 apud
1098 3518 1164 3568 pen-

95 3584 136 3627 tes
155 3580 311 3637 pervagatae
330 3576 401 3629 sunt,
426 3570 599 3621 versabantur
617 3570 689 3621 eirca
709 3582 752 3628 ea,
772 3583 841 3632 quaa
859 3585 892 3620 ex
909 3576 1091 3634 pronunciatis
1113 3591 1166 3643 par

97 3662 125 3701 aa
144 3646 212 3698 notis
232 3659 284 3697 non
302 3648 359 3696 sine
378 3642 478 3695 difficili
497 3642 720 3695 demonstratione
740 3642 918 3697 deducuntur.
