2475 3909
517 201 718 253 cosuonocra
1044 173 1103 238 169

82 291 221 356 materia
242 290 307 355 iam
324 289 497 364 existente3
513 285 568 352 sed
584 282 759 352 tenendum
772 288 821 345 est
840 278 937 349 Eum,
952 274 1038 338 sicut
1052 272 1142 336 nullo

80 372 216 450 artifice,
233 374 275 436 ita
298 369 385 436 nulla
407 371 539 436 materia
561 369 700 452 eguisse,
716 360 922 430 otmundum
945 354 1100 420 conderet
1115 355 1138 414 ¹.

123 456 193 519 167.
218 453 401 520 Absurdior
420 465 468 521 est
491 454 586 518 tertia
608 448 802 546 hypothesis.
826 443 1012 514 Enimvero,
1027 437 1140 511 atomi,

82 537 165 620 ipsis
187 538 346 601 Atomicis
372 533 570 610 fatentibus,
599 545 660 599 etsr
683 526 875 594 insecabiles
899 522 1011 597 sint¹,
1033 529 1141 583 tamen

82 629 191 703 partes
211 617 351 694 habent,
374 617 620 702 materialesque
643 624 729 689 sunt;
751 609 903 696 quocirca
926 607 954 669 si
983 611 1141 698 repugnat

81 703 254 768 materiam
275 719 342 766 esse
366 701 565 784 ingenitam,
589 706 746 782 repugnat
770 693 869 758 etiam
894 689 1053 771 ingenitas
1073 702 1141 746 esse

80 795 216 848 atomos.
232 785 328 868 Atqui
345 785 455 856 atomi,
471 803 511 846 ex
525 801 664 858 quarum
680 777 814 843 fortuita
826 771 1034 838 concursione
1050 785 1142 828 mun·

81 862 160 928 dum
181 864 332 930 ellectum
353 885 421 930 esse
442 865 618 949 Epicurus,
641 872 850 943 recentesque
872 848 1035 917 lncreduli
1056 868 1144 912 com-

81 947 311 1024 miniscuntur,
328 959 402 1013 sunt
422 947 596 1030 ingenitae.
613 945 785 1028 Repugnat
806 938 908 1022 igitur
921 930 1078 1026 mundpm
1099 949 1141 994 ex

82 1030 201 1093 atomis
246 1049 283 1094 er
304 1051 378 1094 aera
402 1039 521 1095 temere
548 1025 794 1092 convolantibus
814 1021 965 1086 ellectum
987 1013 1099 1078 inisse,

125 1110 194 1178 168.
219 1049 401 1188 Bructerae,
425 1111 551 1175 etiamsi
573 1109 688 1174 demus
710 1127 800 1193 posse
815 1102 887 1166 dari
902 1112 1037 1166 atomus.
1054 1103 1141 1158 certe

81 1192 171 1256 nullo
196 1193 289 1258 modo
322 1196 452 1258 evenire
475 1191 603 1277 potuit,
626 1201 662 1255 ut
683 1211 725 1254 ex
746 1189 827 1275 ipsis
847 1197 881 1250 et
899 1180 1043 1267 singulae
1067 1195 1140 1251 res,

81 1296 122 1339 ex
146 1275 265 1359 quibus
287 1277 425 1340 mundus
447 1273 616 1352 conflatur,
633 1274 691 1337 eti
716 1293 750 1335 sa
765 1266 878 1332 muudi
900 1280 1072 1348 compages
1093 1256 1142 1320 el-

80 1357 266 1424 licerentur.
291 1360 359 1424 lloc
383 1360 414 1422 in
439 1357 554 1441 primis
569 1377 610 1419 ex
630 1376 669 1420 eu
705 1357 933 1423 emonstratur,
956 1343 1041 1428 quod
1065 1341 1141 1406 illae

82 1440 183 1505 atomi
208 1452 369 1526 tamquam
392 1441 557 1524 ingenitae
580 1437 801 1505 adstruuntur·
824 1432 953 1498 Etenim
978 1425 1087 1512 piures
1108 1442 1141 1484 a-

81 1521 162 1587 tomi
186 1543 248 1587 uon
272 1533 405 1608 possunt
426 1519 466 1585 ad
488 1519 630 1603 aliquam
645 1541 715 1584 rem
728 1513 928 1582 efficiendam
950 1508 1139 1578 coalescere,

80 1604 145 1668 riisi
167 1603 405 1700 quodammodo
428 1604 658 1678 immutentur,
679 1600 757 1685 quia
779 1617 904 1662 necesse
926 1601 1031 1658 estut
1050 1589 1140 1683 ipsae

80 1686 209 1770 aliquid
231 1688 263 1751 in
287 1707 354 1751 sese
376 1686 518 1750 invicem
541 1693 649 1766 agant.
672 1682 771 1766 Atqui
794 1679 850 1755 id,
874 1674 960 1761 quod
982 1680 1031 1736 eet
1052 1687 1141 1752 mge-

79 1769 200 1844 nitum,
222 1780 271 1834 est
292 1788 422 1853 quoquc
445 1763 661 1832 immutabile.
679 1765 768 1848 Ergo
789 1784 831 1826 ex
852 1755 969 1826 atomis
990 1750 1142 1837 ingenitis

80 1849 203 1914 nedum
236 1851 388 1916 universa
421 1845 533 1913 mundi
568 1867 682 1932 compa
705 1866 762 1922 es,
785 1843 875 1908 nulla
896 1835 1068 1923 singularis
1087 1854 1141 1898 res

78 1933 162 1997 effici
189 1933 305 2016 potuit.
329 1928 489 2005 Secundo,
512 1929 575 1992 iam
599 1949 617 1993 a
641 1865 734 1991 neiis
748 1937 910 1990 ostensum
930 1919 1016 1990 θεῖ’,
1035 1935 1140 2000 neque

78 2013 211 2100 aliquod
235 2034 364 2098 corpus,
381 2033 484 2097 nequo
507 2031 616 2076 rerum
639 2031 695 2074 cor
739 2028 867 2072 reorum
890 2003 1076 2068 varietatem
1099 2019 1140 2063 ex

79 2097 198 2162 atomis
229 2096 392 2162 efformari
422 2113 539 2180 pusse;
565 2090 595 2155 id
619 2113 685 2188 quo
729 2089 770 2154 de
792 2087 889 2153 rebus
909 2085 1062 2155 ratione,
1085 2090 1141 2146 aut

79 2179 195 2262 quavis
218 2178 282 2243 alia
304 2177 457 2243 facultate
483 2174 665 2251 sentienda,
689 2183 722 2239 et
742 2165 955 2256 cognoscendi
983 2157 1139 2249 praeditis

78 2261 201 2345 potiori
225 2261 295 2325 iure
318 2257 489 2324 dicendum
504 2267 562 2322 est.
579 2255 742 2332 Quocirca
763 2253 849 2317 nulla
871 2249 996 2333 species
1016 2264 1139 2321 rerum,

80 2364 121 2406 ex
138 2342 259 2426 quibus
274 2341 413 2408 mundus
428 2340 648 2426 componitur,
663 2360 706 2402 er
722 2337 858 2402 fortuito
871 2344 1051 2398 atomorum
1066 2345 1141 2389 con-

80 2445 181 2490 cursu
197 2425 266 2490 fieri
284 2433 398 2509 potest.
422 2421 741 2506 Coagmentationem
756 2428 864 2482 autem
879 2433 990 2478 rerum
1007 2405 1141 2503 munda-

80 2527 195 2571 narum
212 2529 253 2572 ex
269 2507 403 2573 fortuito
424 2524 593 2569 coecorum
614 2512 795 2568 atomorum
817 2516 976 2564 concursu
989 2490 1140 2554 derivari

78 2588 164 2656 hautl
189 2611 279 2676 posse
301 2610 342 2654 ex
364 2608 403 2652 eo
425 2586 518 2672 plane
540 2585 792 2659 demonstratur,
805 2578 892 2665 quod
913 2585 1041 2646 cuncta,
1056 2591 1140 2656 quae

77 2673 111 2737 in
136 2672 257 2736 mundo
278 2681 362 2746 sunt,
386 2669 568 2734 arctissimo
590 2665 704 2731 finium
728 2687 815 2730 nexu
835 2661 1040 2728 continentur
1054 2655 1078 2716 ⁴.

120 2754 190 2820 169.
213 2754 321 2821 Obiic.
346 2751 378 2818 1⁰
402 2749 496 2816 Haud
520 2747 674 2834 possibile
688 2757 737 2813 est
750 2744 873 2892 aliquid
888 2764 931 2808 ex
945 2738 1047 2804 nihilo
1068 2734 1140 2800 fieri

77 2835 257 2902 secundum
280 2834 360 2902 illud
382 2834 526 2900 allatum:
543 2831 599 2895 Ea
618 2831 719 2894 ottilo
738 2829 808 2892 otti
871 2823 995 2908 .Atqui
1019 2818 1141 2886 creatio

76 2919 327 3064 productiqppm
360 2918 408 2983 rei
441 2937 482 2980 ex
504 2913 606 2981 nihilo
628 2910 799 2998 siguificat·
853 2929 911 2995 rgo
931 2907 1054 2970 creatio
1076 2918 1139 2965 non

76 3011 128 3066 est
172 3003 235 3066 ossi
264 3000 327 3066 iis.

121 3024 193 3150 fio.
217 3084 339 3167 Resp,
363 3081 444 3145 nist.
467 3077 542 3143 mci.
570 3073 665 3142 Haud
689 3072 841 3160 possibile
872 3079 922 3136 est
952 3063 1077 3151 aliquid
1098 3085 1140 3129 ex

115 3328 126 3368 ¹
147 3323 189 3386 Cl,
203 3342 267 3394 prae
280 3325 375 3381 cetorla
390 3325 520 3380 Patribus,
535 3337 557 3373 a.
577 3319 659 3386 Aug..
674 3320 730 3374 Lib.
748 3326 785 3374 lle
800 3325 860 3375 ilde
873 3332 895 3373 et
907 3323 1038 3389 symbolo,
1052 3336 1078 3371 ο.
1096 3321 1139 3383 lt,

75 3421 106 3457 n.
126 3403 155 3460 ῆς
177 3415 226 3450 nec
246 3413 297 3449 non
317 3413 339 3450 a.
360 3393 466 3456 Ullum..
489 3398 578 3449 Contr.
598 3397 686 3455 Genu,
707 3397 753 3448 lib.
777 3394 808 3455 tt,
829 3411 855 3447 o.
878 3397 921 3447 ro.

115 3469 182 3522 aur
198 3489 224 3536 ρ.
244 3472 290 3531 aa,
310 3475 365 3520 nor.
385 3471 414 3522 t.

114 3545 206 3607 erog.
228 3544 273 3594 91.
294 3537 331 3594 cr
345 3556 367 3592 s.
385 3541 465 3605 Aug..
485 3537 566 3602 Eptat.
588 3535 694 3592 cxvttt
713 3542 927 3598 adolescerent,
947 3555 972 3590 c.
994 3541 1022 3597 1,
1042 3554 1070 3590 n.
1092 3539 1137 3590 31.

114 3617 125 3656 ⁴
146 3613 181 3669 Gi
197 3613 283 3672 laet„
299 3617 348 3678 Op.
363 3619 418 3665 ott..
439 3629 464 3664 c.
482 3613 524 3670 ltl,
540 3617 566 3661 et
579 3626 600 3662 r.
617 3609 723 3665 Tuom..
738 3614 825 3663 t'ootr.
841 3613 926 3671 Geat,
943 3613 987 3664 llh.
1004 3609 1139 3672 11,ο.39.

77 3691 116 3750 De
136 3693 186 3744 hac
206 3703 233 3740 re
254 3701 344 3742 rurant
364 3689 389 3738 in
409 3687 541 3754 Theoluptc
559 3687 686 3740 naturali.
707 3681 745 3740 ct
758 3702 785 3754 p.
810 3687 871 3740 tat.
