2475 3909
140 128 198 196 111
505 147 734 198 nrnnmuoara

98 245 180 312 tum,
202 237 267 301 sire
293 233 390 302 veluti
413 239 581 317 terminus,
597 240 655 323 qui
670 235 888 322 cognitionem
909 236 1027 303 obiecti
1053 237 1084 302 iu
1108 235 1156 303 ul-

97 317 176 384 timo
207 327 280 386 actu
310 319 498 397 constituit,
521 321 597 406 quia
630 321 665 384 in
686 316 903 384 intellectione
925 329 1048 392 totum,
1071 329 1109 384 ut
1129 344 1157 385 s.

98 398 233 464 Thomas
257 401 373 486 inquit,
395 403 430 465 in
451 408 519 484 ipso
542 401 696 468 intellectu
716 399 823 482 agitor
836 401 859 463 ¹.
877 401 976 485 Atqui
993 400 1157 468 obiectum

97 502 161 545 non
194 490 317 567 potest,
351 495 514 568 tamquam
548 497 623 551 actu
655 482 844 568 cognitum,
865 503 935 548 esse
964 483 1159 550 intrinsecus

99 583 250 647 praesens
273 565 474 641 intellectui,
498 565 558 630 nisi
584 563 801 653 perverbum.
826 564 914 650 Ergo
941 566 1083 650 cognitio
1111 568 1161 631 iu-

98 645 257 710 tellectiva
280 648 349 710 sine
372 646 471 711 verbo
493 648 652 734 explicari
676 667 739 711 uon
783 654 874 712 otest.

139 727 207 794 131.
237 728 347 793 Minor
380 729 424 794 ita
452 727 713 796 demonstratur:
778 725 946 805 biectum,
980 728 1156 794 secundum

98 827 192 872 suum
215 829 276 872 esee
298 811 408 885 reale,
431 821 464 876 et
485 811 630 878 naturale
652 832 714 876 uon
737 819 843 893 potest
872 831 942 883 esse
968 811 1160 876 intrinsecus

98 909 248 974 praeseus
269 891 460 966 intellectui,
484 895 562 976 quia
577 894 638 960 boc
652 890 748 958 modo
769 901 948 975 spectatum
969 903 1018 958 est
1035 892 1160 978 aliquid

99 984 191 1038 extra
214 972 422 1039 intellectum.
447 977 533 1060 Ergo
556 977 640 1041 sicut
660 975 883 1060 expostulatur
898 975 1022 1060 species
1043 974 1162 1040 intelli-

101 1052 222 1139 gibilis,
248 1067 284 1121 ut
304 1056 482 1135 obiectum,
506 1069 671 1143 tamquam
698 1054 927 1141 cognoscibile,
949 1055 991 1122 sit
1012 1058 1162 1122 intrinse-

97 1156 154 1200 cus
177 1157 331 1222 praesens
358 1139 557 1217 intellectui,
585 1149 617 1204 et
645 1139 688 1202 sit
713 1139 936 1224 principium,
957 1138 1043 1222 quod
1068 1139 1162 1204 illum

98 1230 225 1283 moveat
246 1220 285 1284 ad
307 1220 604 1297 intellectiouem²;
634 1221 679 1287 ita
701 1219 946 1318 expostulatur,
980 1231 1017 1285 ut
1038 1222 1163 1287 intelle-

97 1310 167 1365 ctus
189 1301 337 1369 efformet
358 1301 419 1369 sibi
442 1303 541 1367 aliam
563 1303 719 1390 speciem,
743 1325 776 1366 ιιι
798 1323 861 1387 qua
881 1301 1045 1367 obiectum
1060 1303 1163 1369 veluti

97 1393 172 1448 actu
193 1386 358 1469 cognitum
386 1384 447 1450 sibi
474 1396 703 1469 repraesentat.
726 1386 826 1469 Atqui
852 1384 931 1449 baec
951 1383 1015 1448 alia
1036 1389 1162 1472 species

97 1485 135 1528 ea
158 1479 206 1531 est
226 1486 309 1550 quae
330 1466 452 1532 dicitur
475 1467 611 1531 verbnm.
636 1469 723 1552 Ergo
746 1477 782 1531 ut
797 1465 974 1544 obiectum,
998 1476 1163 1552 tamquam

97 1557 170 1612 actu
192 1549 371 1632 cognitum,
394 1549 437 1613 sit
460 1547 654 1613 intrinsecus
676 1569 829 1634 praeseus
851 1549 1041 1627 intellectui,
1064 1571 1163 1636 expo-

96 1627 234 1694 stulatur
254 1629 391 1694 verbnm.
543 1637 545 1642 ’

139 1711 207 1776 132.
237 1711 365 1778 Veritas
397 1709 494 1777 buius
525 1711 760 1799 propositionis
793 1734 836 1776 ex
866 1733 906 1777 eo
927 1711 1160 1788 confirmatur,

96 1793 183 1875 quod
212 1793 386 1859 intellectio
413 1802 460 1858 est
487 1807 576 1859 actus
599 1793 707 1859 vitalis
729 1795 834 1879 ipsius
856 1793 1037 1860 intellectus
1059 1795 1163 1880 possi·

96 1871 172 1940 bilis
187 1876 211 1953 ⁸3
235 1885 434 1963 quapropter
453 1872 593 1940 obtineri
625 1894 689 1939 nou
721 1888 826 1961 potest
855 1897 915 1962 per
942 1884 1073 1962 speciem
1103 1879 1164 1941 im-

75 1975 247 2038 pressam,
271 1980 353 2044 quae
374 1960 514 2024 efficitur
534 1956 574 2022 ab
597 1958 762 2023 intellectu
783 1969 909 2055 agente,
930 1959 984 2024 sed
1009 1979 1069 2044 per
1088 1980 1162 2044 spe·

97 2039 183 2184 eilepp
201 2061 400 2126 expressum,
423 2060 506 2127 quae
529 2039 722 2126 producitur
749 2039 791 2104 ab
813 2061 884 2127 ipso
905 2041 1068 2109 intellectu
1090 2062 1163 2125 pos—

93 2139 123 2184 si
151 2143 197 2184 ιι.

222 2263 290 2315 Aur.
306 2261 377 2314 Vlll.
392 2291 425 2300 -
440 2260 476 2313 De
495 2263 552 2312 aliis
571 2263 674 2314 actibus
694 2266 855 2324 intellectus,
875 2273 901 2316 et
921 2270 1034 2330 prtmum

522 2335 554 2384 de
573 2339 735 2387 couscientia

138 2457 207 2525 133.
232 2455 393 2520 Hactenus
414 2451 453 2516 de
486 2451 543 2517 illa
568 2451 750 2518 intellectus
771 2455 960 2538 operatione
982 2452 1163 2539 disputavi-

97 2563 181 2617 mus,
203 2559 269 2625 qua
284 2539 351 2624 ipse
373 2533 539 2600 obiectum
560 2556 656 2600 suum
677 2537 862 2621 proprium,
879 2558 992 2624 nempe
1006 2538 1162 2602 essentias

97 2643 207 2689 rerum
230 2619 447 2686 materialium
470 2615 712 2682 conditionibus
733 2617 887 2684 materiae
906 2633 1031 2695 exutas,
1056 2617 1161 2705 primo

95 2716 127 2769 et
150 2703 334 2769 immediate
357 2697 581 2786 apprehendit.
605 2703 648 2765 At
669 2699 850 2765 intellectus
869 2703 933 2766 iam
949 2705 981 2767 in
997 2717 1071 2768 actu
1085 2721 1162 2765 con-

96 2789 227 2853 stitutus
242 2786 322 2850 alias
336 2785 439 2848 exerit
453 2783 658 2866 operationes
670 2784 695 2858 ⁴,
711 2804 826 2868 nempe
841 2787 1005 2869 cognoscit
1023 2798 1097 2850 suas
1112 2785 1162 2869 ip-

96 2889 146 2933 sas
168 2869 381 2964 cognitiones,
405 2864 540 2940 iudicat,
564 2866 796 2944 ratiocinatur,
818 2867 1016 2932 recordatur.
1039 2867 1089 2932 ad
1104 2866 1161 2931 bas

97 2962 300 3038 operationes
322 2944 529 3036 explicandas
552 2947 801 3032 progrediamur
827 2970 954 3016 necesse
975 2963 1034 3016 est.

138 3033 207 3100 134.
234 3030 439 3107 Conscientia,
463 3039 560 3115 prout
582 3051 599 3093 a
622 3029 810 3096 recentibus
831 3033 1012 3129 accipitur,
1035 3040 1084 3096 est
1104 3051 1158 3094 co-

96 3117 201 3207 gnitio
225 3116 365 3188 animae,
386 3133 469 3258 (puae
491 3113 579 3176 circa
595 3125 686 3178 actus
700 3131 776 3177 suos
790 3117 984 3199 cognitrvos,
1005 3126 1075 3179 tum
1089 3135 1162 3178 sen-

96 3199 220 3274 silium,
244 3206 312 3261 tum
335 3197 400 3261 inte
414 3193 549 3260 lectivos
571 3204 729 3259 versatur.
753 3200 796 3262 m
817 3208 949 3283 accepta
963 3197 1111 3284 proprio,
1127 3203 1163 3258 et

96 3301 174 3345 veru
196 3299 300 3353 sensu,
323 3288 371 3344 est
390 3275 533 3361 cognitio
556 3277 697 3354 animae,
719 3299 802 3363 quae
823 3291 969 3345 versatur
990 3281 1077 3343 circa
1099 3276 1164 3341 sei·

98 3381 198 3446 psam,
220 3381 358 3446 suasque
381 3358 638 3434 intellectiones,
660 3372 818 3444 quatenus
845 3385 879 3429 se
903 3385 953 3429 res
977 3359 1160 3443 intelligere

433 3493 755 3503 —-—--—--——-

133 3558 141 3592 ¹
164 3555 231 3617 l,q.
253 3549 625 3616 t1V,a.ac.-²ctp.
649 3554 698 3606 136
718 3571 778 3620 sqq.

133 3629 143 3665 ³
164 3623 198 3680 Cl
214 3641 240 3690 p.
267 3627 327 3678 lla.
342 3625 399 3666 -l
419 3623 453 3679 Cl
470 3641 495 3690 p.
521 3625 650 3678 133-136.
