2475 3909
149 156 189 219 10
528 162 733 219 coerces

108 252 181 316 tine.
204 252 272 316 Iam
295 245 462 318 dunltaxat
485 255 633 318 notiones
654 250 855 315 universales
877 270 1041 335 supremae
1062 250 1103 315 ad
1118 251 1182 317 Lo·

110 334 215 415 gicam
237 344 392 418 spectant.
417 336 545 399 Etenim
560 336 680 419 Logica
696 353 759 398 non
774 344 822 399 est
835 334 970 399 scientia
991 333 1102 409 huius,
1126 336 1179 398 vel

110 414 199 478 illius
222 417 348 561 pencris
369 436 491 491 rerum,
514 415 569 480 sed
586 426 634 481 est
648 416 799 492 scientia,
820 436 904 499 quae
925 414 1027 480 tradit
1046 413 1181 499 modum

110 515 226 577 genera
241 518 303 573 em,
327 518 392 581 quo
406 498 543 562 scientia
558 496 735 563 cuiuslibet
757 498 886 581 generis
907 516 1019 560 rerum
1047 496 1179 580 acquiri

110 586 224 659 potest;
247 590 445 676 quapropter
458 580 529 663 ipsa
544 580 708 723 explicare
723 599 788 641 non
802 577 900 643 debet
918 578 1081 654 notiones,
1096 596 1181 661 quae

111 658 315 724 diversarum
337 661 546 725 scientiarum
570 662 695 724 oriecta
717 669 815 735 sunt,
849 659 904 723 sed
934 658 1103 724 dumtaxat
1125 680 1182 723 no-

110 738 226 812 tiones,
251 739 289 803 ad
313 763 393 827 quas
415 740 562 806 diversae
586 744 734 806 notiones
756 740 962 805 diversorum
977 739 1178 805 obiectorum

110 820 320 888 scientiarum
353 833 554 889 revocantur.
578 827 622 887 at
644 823 678 887 ui
712 822 900 887 huiusmodi
933 823 1106 898 notiones,
1141 820 1182 885 ad

110 923 192 987 quas
217 904 364 968 notiones
386 905 584 990 pertinentes
607 844 647 967 ad
670 902 815 967 diversas
842 904 996 968 scientias
1027 923 1181 966 revocan-

111 993 186 1059 tur,
211 983 285 1049 illae
308 997 395 1061 sunt,
416 1004 499 1070 quae
522 1005 683 1069 supremae
704 984 870 1049 dicuntur.
895 987 982 1068 Ergo
1009 982 1179 1050 dumtaxat

112 1066 259 1129 notiones
281 1086 452 1152 supremae
474 1065 512 1129 ad
535 1068 691 1153 Logicam
713 1075 870 1150 spectant.

151 1149 181 1210 7.
207 1144 449 1215 Advertcndum
478 1159 585 1213 autern
609 1158 658 1213 est
687 1149 719 1211 iu
742 1148 863 1231 Logica
889 1166 953 1210 non
979 1143 1182 1209 considerari

111 1227 259 1292 notiones
281 1249 462 1313 supremae,
486 1242 583 1311 prout
605 1238 851 1313 repraesentant
871 1228 939 1300 bas,
955 1236 1012 1289 aut
1027 1226 1098 1290 illas
1114 1248 1178 1302 res,

112 1308 168 1373 sed
189 1320 289 1393 prout
310 1309 428 1374 habent
448 1310 596 1376 ordinem
620 1332 694 1374 oum
717 1308 792 1373 aliis
815 1306 1015 1385 notionibus,
1038 1308 1099 1371 boc
1120 1319 1179 1387 est,

111 1399 210 1475 prout
236 1390 372 1456 attribui
402 1402 535 1475 possunt
561 1392 635 1456 aliis
656 1389 865 1465 notionibus,
888 1408 969 1472 quas
989 1388 1051 1452 sibi
1074 1388 1183 1453 subie-

112 1482 180 1537 ctas
201 1471 330 1537 babent.
355 1472 393 1536 Ε.
411 1493 455 1555 g,
472 1474 613 1557 Logicus
635 1482 752 1538 tractat
772 1469 961 1534 deuotione
981 1470 1181 1545 substantioe,

112 1574 178 1619 non
199 1562 237 1617 ut
258 1552 440 1619 consideret
461 1574 525 1630 res,
548 1554 588 1618 ad
610 1573 692 1638 quas
713 1553 792 1615 haec
814 1550 971 1626 refertur,
993 1551 1047 1615 sed
1071 1561 1109 1616 ut
1129 1572 1183 1616 co·

114 1644 246 1720 gnoscat
268 1633 423 1710 modum,
447 1655 511 1717 quo
535 1636 591 1699 illa
613 1635 704 1699 notio
731 1633 805 1696 aliis
832 1632 1019 1697 notionibus
1045 1632 1182 1698 attribui

113 1726 219 1801 potest
234 1718 257 1779 ¹.
280 1713 406 1780 Exinde
428 1714 475 1789 lit,
490 1727 527 1781 ut
542 1718 690 1783 notiones
713 1734 896 1798 supremae,
920 1724 1016 1798 prout
1036 1713 1184 1777 conside-

113 1806 229 1863 rantur
250 1798 282 1861 in
304 1798 350 1861 Lo
376 1798 436 1871 ica,
460 1796 666 1891 appellentur
680 1795 861 1874 eateporioe,
881 1815 939 1859 seu
953 1795 1183 1877 praedicamen-

112 1891 154 1955 to;
177 1900 253 1943 nam
274 1816 451 1942 attribuere
474 1878 597 1963 aliquid
621 1876 722 1941 alicui
745 1878 780 1940 in
801 1874 926 1941 Scbolis
952 1874 1075 1941 dicitur
1090 1896 1184 1959 proe-

113 1960 229 2023 dicare.

153 2042 185 2106 8.
211 2038 272 2106 Sed
295 2038 527 2104 advertendum
557 2049 723 2124 praeterea
751 2046 799 2101 est
825 2037 969 2121 logicum
996 2059 1060 2102 non
1088 2058 1182 2121 posse

114 2140 322 2205 cognoscere,
342 2120 505 2203 quomodo
527 2122 677 2186 notiones
697 2139 868 2201 supremae
891 2118 930 2183 de
952 2118 1026 2181 aliis
1041 2120 1182 2185 notioni-

113 2201 175 2266 bus
198 2200 448 2283 praedicentur,
473 2201 535 2264 nisi
557 2202 623 2264 iam
648 2209 821 2283 cognoseat
841 2219 1029 2263 communes
1060 2199 1181 2271 modos,

113 2280 234 2366 quibus
266 2279 390 2363 aliquid
419 2280 458 2345 de
496 2282 606 2365 aliquo
640 2279 822 2365 praedicari
856 2288 972 2365 potest.
1003 2281 1181 2353 thiones,

114 2383 199 2447 quae
221 2358 377 2427 exhibent
397 2380 585 2426 communes
608 2358 817 2445 praedicandi
841 2359 972 2436 modos,
994 2381 1184 2458 nuncupan-

114 2452 169 2508 tur
188 2450 432 2524 coteporemutu,
454 2461 513 2504 seu
535 2440 781 2526 praedicabilia.
805 2440 914 2515 Quare
936 2442 1123 2507 tractationi
1144 2441 1183 2505 de

114 2522 384 2608 praedicamentis
405 2524 555 2588 tractatio
587 2522 628 2587 de
662 2520 935 2606 praedicabilibus
957 2524 1183 2606 praemittatur

114 2624 244 2669 necesse
266 2613 323 2668 est.
347 2604 458 2687 ltaque
480 2605 640 2679 notiones,
664 2604 750 2666 circa
765 2623 845 2687 quas
866 2603 987 2687 Logica
1006 2604 1182 2689 praecipue
1220 2655 1221 2664 ,

115 2693 276 2761 versatur,
299 2692 374 2749 sunt
389 2683 628 2767 praedicabilia,
651 2696 682 2749 et
700 2684 963 2765 praedicamento.

476 3011 790 3024 ..Ι-Ἢ

151 3093 160 3129 ¹
182 3089 256 3142 Hanc
275 3091 308 3140 ob
329 3091 459 3141 rationem
478 3094 617 3153 notiones,
639 3098 718 3157 prout
736 3094 938 3147 considerantur
956 3094 984 3143 tn
1003 3090 1119 3156 logica,
1140 3108 1185 3156 ap·
1220 3101 1221 3152 j

16 3156 17 3227 ζ
116 3164 250 3227 pellantur
268 3164 403 3213 secundae.
425 3159 465 3213 Ad
484 3177 563 3228 quarn
585 3178 641 3213 rem
660 3166 796 3215 sciendum
809 3171 850 3215 est
862 3167 983 3215 notiones
1000 3166 1082 3215 dirtdi
1095 3166 1122 3215 in
1134 3169 1185 3229 pri·

16 3240 17 3273 ἱ
115 3250 193 3293 mur,
212 3240 240 3283 et
258 3234 394 3285 secundm.
414 3230 492 3285 Notio
515 3238 603 3299 prima
622 3241 663 3284 est
681 3238 753 3286 notio
773 3239 811 3286 rei
830 3242 967 3300 spectatae
985 3238 1012 3286 in
1030 3249 1079 3295 so.
1101 3250 1127 3287 e.
1145 3250 1183 3298 g..

116 3306 188 3357 notio
207 3306 332 3363 bominis,
353 3309 432 3366 prout
452 3304 518 3357 baec
539 3307 625 3365 ipsum
644 3320 699 3357 etto
717 3308 831 3358 hominis
850 3310 1043 3370 repraesentat.
1056 3302 1136 3357 Notio
1147 3320 1185 3356 sc·

111 3378 200 3425 ‘cando
219 3381 259 3425 est
278 3376 353 3425 notto
372 3376 410 3425 rei
429 3390 481 3427 non
501 3382 637 3441 spectatas
656 3379 682 3427 in
700 3392 746 3437 se,
766 3381 812 3428 sed
832 3380 915 3429 relate
934 3379 966 3429 cd
986 3377 1115 3438 modum,
1134 3389 1183 3440 quo

16 3448 17 3453 ’
117 3447 150 3499 ab
171 3446 309 3496 intellectu
330 3449 510 3509 cognoscitur,
530 3454 594 3511 puta
614 3449 688 3498 notio
706 3451 835 3508 hominis,
856 3454 935 3511 prout
953 3451 1034 3501 borno
1053 3450 1183 3511 cogitatur

116 3518 191 3565 velut
209 3518 342 3579 quaedam
362 3520 476 3579 speeies,
496 3518 529 3567 ad
549 3532 631 3581 qnam
650 3518 746 3578 Plato,
772 3517 892 3570 Socrates
910 3526 938 3569 et
955 3521 1001 3572 alit
1020 3518 1180 3570 referuntur.

119 3584 255 3643 Vocantur
274 3588 425 3649 secundae,
445 3590 508 3655 qula
529 3591 649 3643 notiones
668 3593 768 3657 primas
787 3592 840 3645 iam
860 3590 988 3645 termam
1005 3590 1180 3657 expostulant.
