2475 3909
136 129 178 198 80
544 143 728 198 erroneam

97 233 202 298 solum
230 230 399 317 partium,
426 228 482 295 sed
503 231 680 299 cuiuslibet
701 234 798 300 etiam
821 233 951 319 generis
971 235 1163 324 compositio

96 325 267 399 repugnat.
294 313 382 397 Ergo
407 323 571 398 repugnat
597 316 737 398 spatium
770 336 839 380 esse
872 318 1066 384 attributum
1092 319 1161 385 bei.

96 398 280 474 Praeterea,
303 393 470 480 quodlibet
490 395 683 460 attributum
706 396 766 462 Dei
789 408 839 464 est
861 399 999 496 ipsamet
1019 402 1165 467 Essentia

96 477 168 543 Dei.
194 480 300 561 Ergo,
325 478 350 540 si
375 478 517 562 spatium
540 487 588 541 est
609 477 802 544 attributum
825 479 902 555 Der,
925 481 1098 547 dicendum
1118 481 1164 547 Ιο-

99 571 150 626 ret
165 561 347 626 Esseutiam
363 559 422 624 Dei
439 578 507 622 esse
530 556 692 642 quoddam
714 580 889 646 corporum
910 565 1161 650 receptaculum

98 653 130 708 et
152 645 178 708 si
203 639 342 706 addatur
357 661 430 704 eum
447 637 560 704 eodem
574 640 733 706 Newtono
756 645 897 728 spatium
911 666 981 711 esse
995 648 1164 711 smsors'ans

96 723 178 803 Dei,
207 721 382 786 dicendum
415 722 514 786 etiam
537 721 623 787 soret
644 723 801 788 mundum
822 745 891 791 esse
913 727 1069 792 Divinam
1089 729 1165 792 Assi-

96 807 174 884 mal,
190 815 223 870 et
237 806 295 869 boc
318 802 439 868 animal
460 824 529 868 esse
551 803 668 868 Deum.
684 804 785 891 Atqui
807 806 887 872 baec
907 810 1039 874 nonnisi
1053 833 1071 875 a
1086 810 1165 874 Pau·

97 888 223 954 tbeistis
249 887 348 951 asseri
377 895 511 970 possunt
525 885 548 947 ¹.
572 883 661 972 Ergo
683 888 794 973 opinio
814 888 966 956 Newtoui
989 891 1029 956 de
1051 902 1163 957 natura

96 972 193 1056 spatii
216 971 349 1034 omniuo
373 966 512 1031 absurda
534 976 592 1031 est.

212 1111 280 1164 sisar.
302 1106 349 1160 ΙΙΙ.
364 1137 396 1146 -
409 1105 576 1160 Reiettnntur
588 1106 657 1156 aliae
678 1105 897 1172 Philosophorum
915 1114 1053 1175 opiniones

474 1181 546 1230 circe
566 1185 691 1230 naturam
711 1181 790 1243 spatii

135 1298 207 1363 212.
232 1294 397 1360 Gartesius
430 1313 569 1357 vacuum
601 1313 666 1356 nou
694 1291 799 1357 solum
822 1293 960 1371 reiecit,
987 1296 1162 1363 sedetiam

96 1383 237 1479 spatium
260 1399 278 1441 a
301 1374 493 1460 corporibus
513 1394 577 1438 uon
599 1372 821 1459 distinguens,
844 1378 913 1462 ipsa
935 1399 1072 1465 corpora
1094 1401 1163 1465 spa-

98 1475 181 1529 tium
204 1461 401 1526 constituere
423 1456 543 1523 dixit².
565 1455 749 1521 Leibuitius
771 1468 880 1522 autem
901 1461 1042 1545 spatium
1066 1464 1100 1527 in
1115 1482 1165 1526 or·

97 1545 184 1621 diue,
200 1562 267 1630 quo
288 1541 464 1605 coexistunt
486 1559 534 1603 res
555 1538 745 1616 materiales,
768 1542 912 1623 posuit⁸.
927 1542 1102 1620 Quocirca,
1118 1567 1164 1610 se·

96 1627 239 1692 eundum
261 1625 317 1689 bas
338 1622 521 1769 opiniones,
543 1623 684 1706 spatium
701 1642 765 1685 non
786 1634 836 1687 cst
856 1622 980 1709 aliquid
1002 1639 1165 1691 ceteram

97 1706 303 1796 corporibus,
326 1728 358 1772 se
402 1706 585 1779 internum
610 1723 684 1766 nam
711 1702 761 1766 vel
790 1702 830 1768 ab
853 1705 934 1790 ipsis
960 1708 1162 1794 corporibus,

95 1793 147 1858 vel
170 1789 211 1856 ab
233 1789 343 1873 aliqua
366 1786 538 1862 relatione,
560 1804 646 1867 quae
668 1784 753 1850 inter
774 1788 846 1870 ipsa
868 1791 993 1863 existit,
1015 1791 1162 1856 efficitur.

96 1875 244 1959 Denique
257 1871 399 1936 Kantius
420 1866 562 1962 spatium
585 1886 655 1930 esse
678 1869 827 1931 visioraem
847 1872 991 1955 apriers'
1011 1873 1164 1938 sensibili·

96 1959 170 2020 tatis
191 1965 336 2018 aeternae
358 1950 505 2014 docuit‘.

135 2037 207 2102 213.
231 2036 328 2120 Prop.
353 2033 399 2097 1⁸.
423 2032 572 2115 Spatium
593 2048 656 2091 aaa
677 2040 720 2094 est
742 2029 824 2094 idem
846 2055 883 2096 ac
904 2051 1027 2119 caspias.

138 2119 310 2185 Probatur.
334 2116 481 2201 Spatium
514 2132 578 2176 uon
610 2119 659 2175 esi
684 2111 799 2191 aliud,
823 2135 882 2178 nec
908 2114 1004 2181 aliter
1026 2117 1163 2202 intelligi

133 2375 144 2415 ¹
164 2373 230 2426 ilina
249 2375 318 2424 inter
336 2387 452 2437 nuperos
465 2371 635 2425 Boutttierius
647 2369 812 2443 (Tbioriede
830 2378 857 2429 ln
869 2380 961 2430 raison
972 2381 1163 2444 impersonalia,

96 2467 122 2502 e.
143 2452 169 2507 5,
190 2463 218 2512 p.
238 2448 273 2498 83
293 2461 352 2512 sqq,
373 2445 445 2498 Parta
466 2442 548 2516 ¹844)
561 2447 610 2497 sibl
625 2449 754 2506 constitit,
768 2450 839 2512 quad
850 2452 1010 2501 mamutium
1029 2450 1163 2517 Newtoui,

95 2535 176 2588 quam
194 2521 360 2583 amplexatus
379 2526 430 2580 est,
449 2533 465 2570 e
484 2519 645 2582 panttretsrni
663 2521 768 2581 pisatiis
785 2522 928 2575 derivarit.

130 2595 278 2656 ²Prs'naip.
298 2593 330 2642 ele
348 2592 375 2642 la
391 2595 468 2656 ptis..
489 2596 559 2654 part.
580 2589 614 2650 ll,
635 2596 650 2651 s
670 2591 746 2641 e-te.

131 2666 143 2702 ³
163 2665 311 2716 lassantes
329 2665 425 2714 diacre.
445 2666 520 2716 ieme
537 2670 591 2714 etc.
612 2665 720 2726 passim.

131 2736 142 2774 ⁴
162 2739 271 2801 critique
289 2737 319 2786 de
338 2735 365 2787 ia
383 2739 474 2788 raison
491 2749 565 2799 pare,
586 2735 655 2787 trad.
676 2750 724 2800 par
742 2732 840 2796 Tissot,
859 2739 983 2803 Brutique
1001 2744 1163 2801 ansam„

95 2817 116 2860 t.
138 2807 160 2860 l.
181 2807 215 2862 Ut
234 2809 301 2858 haec
320 2811 450 2858 sententia
469 2805 559 2858 Karstlt
580 2809 752 2871 intelligatur,
772 2808 908 2859 sciendum
927 2816 968 2860 est
988 2809 1116 2863 Kantium
1129 2814 1164 2863 si-

95 2887 142 2935 cut
169 2882 297 2945 quasdam
323 2880 453 2943 ingenitas
476 2880 614 2944 generales
638 2881 737 2930 tarmes
755 2881 782 2930 in
807 2882 945 2933 intelteatu
965 2881 1013 2951 (cl
1037 2885 1163 2949 ldsalop„

95 2970 120 3006 o.
144 2952 165 3014 l,
185 2968 212 3004 a.
232 2954 260 3012 t,
281 2967 308 3014 p.
328 2950 460 3012 tao-aet,
480 2952 534 3002 sol.
557 2947 590 3018 Ι),
611 2954 646 3002 ita
666 2953 794 3016 quasdam
818 2953 920 3004 formas
937 2956 1116 3008 sensibilitatis
1133 2972 1164 3006 a·

95 3027 235 3091 guorisse,
255 3025 309 3075 sire
328 3021 456 3087 quasdam
481 3027 758 3088 repraesentationes,
778 3038 847 3089 qnae
871 3027 905 3077 ab
928 3029 1092 3090 experientia
1111 3042 1165 3079 non

96 3101 221 3164 pendent,
240 3103 269 3148 et
287 3102 396 3146 manent
414 3099 441 3148 in
459 3097 545 3156 nobis,
560 3097 666 3147 etiarnsi
678 3098 869 3160 cogitationem
887 3100 920 3148 ab
938 3100 1050 3151 obiectis
1068 3115 1166 3152 asaee⁴

94 3187 165 3223 mus.
186 3169 241 3221 Hae
261 3169 294 3219 ab
313 3181 345 3219 eo
363 3174 494 3220 uocantur
511 3171 625 3220 visiones
641 3183 739 3233 purae,
758 3175 790 3218 ut
807 3169 1004 3236 distinguantur
1021 3188 1037 3222 a
1055 3174 1167 3224 risioni·

95 3245 144 3295 bas
157 3245 295 3309 empiricis,
309 3254 379 3306 quse
396 3247 459 3292 sunt
470 3241 602 3291 elementa
623 3242 728 3291 sensilia
749 3254 797 3304 per
808 3245 1000 3306 experientiam
1020 3245 1095 3296 uobis
1107 3260 1167 3296 ma-

94 3317 230 3374 nifestata,
244 3315 409 3365 reducuntur
426 3318 516 3364 autem
529 3314 562 3362 art
576 3314 689 3364 visiones
705 3329 788 3378 paras
800 3318 889 3378 spatii,
900 3322 928 3367 et
944 3321 1079 3382 temporis,
1098 3333 1168 3382 qua·

95 3403 155 3438 rum
176 3389 219 3438 ttla
240 3387 274 3438 ad
293 3387 495 3437 sensibilitatem
514 3391 672 3445 externam,
691 3387 741 3436 ista
760 3387 794 3436 ad
813 3389 1011 3438 sensibilitatem
1032 3391 1167 3440 internam

96 3463 214 3523 spectat:
234 3460 294 3522 quia
310 3473 352 3510 res
365 3464 489 3510 externae
509 3459 610 3508 nonnisi
625 3463 703 3521 prout
723 3461 749 3508 in
762 3461 878 3522 quodam
896 3461 981 3524 spatio
994 3463 1123 3523 existunt,
1138 3468 1167 3512 et

97 3531 249 3581 affectiones
267 3545 314 3581 του
331 3545 376 3595 epa
389 3533 492 3581 nonnisi
507 3534 584 3592 prout
602 3531 651 3580 sibi
670 3530 785 3580 invicem
798 3533 982 3593 succedentes,
1002 3548 1034 3584 ac
1052 3535 1166 3598 proinde

97 3605 176 3668 prout
195 3603 221 3649 tn
240 3602 354 3664 quaedem
373 3607 492 3666 tempore
512 3604 643 3661 esistunt,
658 3603 733 3655 nabis
751 3606 900 3656 necessario
919 3613 1165 3670 repraesentantur.
