2475 3909
174 243 214 310 31
569 258 754 308 onroaaom

134 355 210 422 atet,
233 344 287 411 sed
308 354 430 412 tantum
451 342 523 411 fieri
545 354 671 430 potest,
692 356 729 409 ut
749 356 870 429 spectet
888 345 930 411 ad
949 344 1094 424 honum,
1115 369 1194 416 cum

133 447 198 511 quo
217 425 299 493 illud
320 426 441 491 malum
463 428 683 512 coniungitur.

173 510 224 577 99.
249 511 342 597 Prop.
365 506 412 577 3⁸.
437 509 584 595 Aliquam
604 508 1051 585 animumanimumum
1072 512 1192 577 malam

133 588 205 654 dari
219 593 340 655 omniuo
360 601 521 675 rapupuat.
1035 647 1038 653 ,

175 673 334 737 Probatur
354 683 464 738 contra
486 670 655 737 nonnullos
676 679 819 749 veteres,
841 672 909 757 qui,
932 682 1011 738 teste
1032 694 1058 738 s.
1079 678 1193 761 Augu·

135 754 230 831 atino,
254 778 271 817 a
293 753 443 819 dicebant
458 753 562 819 Deum
577 773 701 818 creasse
722 753 820 819 malas
841 765 1094 841 naturarumque
1117 756 1194 821 suli

137 838 282 914 stantiae,
304 837 337 900 in
359 845 516 922 quantum
539 845 613 900 sunt
633 846 779 910 naturae,
801 848 898 922 atque
920 836 1144 903 substantiae¹
1162 862 1191 904 »ε

135 916 260 981 Malum
282 938 344 982 non
366 930 413 985 est
433 916 558 1005 aliquid
580 914 678 993 reale,
701 915 789 1002 quod
810 937 870 1003 per
890 938 924 982 se
945 921 1066 985 existit.
1089 924 1192 1008 Atqui

136 1008 274 1077 natura,
297 1000 366 1067 sive
386 999 565 1065 substantia
587 1011 635 1064 est
656 998 782 1084 aliquid
809 1020 883 1067 cum
911 1000 1019 1078 reale,
1042 1014 1111 1069 tum
1136 1024 1194 1090 par

135 1100 168 1143 se
182 1080 404 1200 existenS,pive
419 1080 606 1147 subsistens.
623 1081 710 1166 Ergo
725 1080 846 1145 matum
860 1081 969 1167 aliqua
983 1095 1099 1149 natura
1120 1106 1192 1150 esse

136 1180 199 1223 non
245 1174 327 1229 otest
355 1212 362 1227 .

178 1244 194 1307 1
239 1292 246 1307 .
270 1246 367 1331 Prop.
389 1244 436 1311 4⁸.
461 1245 542 1309 Dari
555 1264 616 1308 nou
628 1254 724 1328 potest
739 1242 857 1307 malum
879 1244 1130 1330 metaphysicum.

177 1324 336 1391 Probatur
357 1340 467 1394 contra
488 1324 699 1403 Leibnitium,
720 1326 791 1389 eius
815 1346 855 1389 ue
877 1328 1023 1404 asseclas,
1046 1332 1103 1415 qui
1127 1350 1195 1395 ma-

137 1404 205 1469 lum
227 1410 468 1495 metaphysicum
489 1422 676 1494 agnoscunt,
699 1345 868 1491 aqualino
883 1409 917 1473 in
932 1408 1197 1496 imperfectione,

137 1488 203 1552 sive
232 1491 265 1554 in
295 1492 486 1556 limitatione
519 1489 695 1555 cuiuslibet
721 1490 768 1553 rei
797 1504 922 1555 creatae
953 1492 1095 1577 positum
1122 1514 1195 1559 esse

137 1570 351 1716 pertendunt:
374 1573 496 1638 Maium
526 1582 573 1666 est
594 1571 740 1636 desectus
767 1570 906 1636 alicuius
932 1572 1087 1671 realitatjs
1103 1577 1146 1673 ju
1161 1598 1197 1671 a·

150 1673 226 1749 iqua
247 1664 387 1731 natura,
421 1674 504 1740 quae
531 1652 622 1716 iilam
643 1652 760 1718 habere
782 1651 888 1717 debat.
913 1658 1016 1741 Atqui
1040 1655 1197 1722 limitatio

138 1756 187 1799 sur
209 1755 270 1801 csso
292 1757 354 1801 non
385 1750 433 1801 est
455 1736 594 1821 privatio
622 1736 803 1812 remittitis,
836 1756 934 1820 quam
964 1757 1021 1801 ens
1047 1750 1196 1805 creatum

137 1828 246 1881 natum
268 1829 323 1894 art,
346 1826 373 1880 ct
388 1818 468 1883 dalet
484 1814 600 1893 labora,
627 1818 704 1903 quia
726 1816 892 1904 quaelibet
912 1838 962 1883 res
983 1830 1090 1885 creata
1103 1822 1197 1887 limi-

138 1900 292 1965 tationem
320 1900 371 1963 sui
398 1922 457 1965 esso
478 1899 684 1981 expostulat,
710 1899 828 1963 nedum
854 1899 1010 1966 excludit.
1033 1903 1121 1990 Ergo
1142 1925 1198 1969 res

138 1991 264 2047 creatae
286 1980 388 2045 malae
411 1980 566 2046 dicendae
588 2000 651 2045 non
673 1991 747 2046 sunt
766 2003 807 2045 ex
820 2001 872 2057 eo,
886 1980 975 2067 quod
991 1983 1119 2050 illarum
1132 2007 1197 2050 assa

137 2063 297 2128 limitibus
328 2062 618 2128 circumscribitur.
642 2064 693 2127 Ex
719 2084 785 2149 qno
817 2066 1036 2149 perspicitur,
1058 2067 1144 2153 quod
1167 2070 1199 2134 si

138 2144 292 2211 Leibnitii
316 2144 461 2211 doctrina
482 2156 667 2221 vernasset,
690 2168 708 2206 a
723 2157 925 2232 sequeretur,
939 2158 977 2215 ut
989 2146 1054 2212 iarn
1069 2170 1095 2213 s.
1110 2151 1199 2215 Tiro·

139 2248 207 2291 mas
230 2226 375 2304 advertit,
391 2226 477 2313 qnod
491 2225 655 2373 ‹puaelibet
675 2248 728 2292 res
748 2238 833 2293 esset
853 2228 936 2292 mala
957 2250 999 2293 ex
1021 2229 1093 2308 hoc,
1106 2232 1197 2319 quod

139 2330 202 2373 non
224 2308 319 2374 habet
340 2308 460 2374 bonum
488 2310 621 2373 aterius
643 2310 718 2385 rei3
741 2320 865 2395 utpote,
887 2311 972 2395 quod
996 2311 1090 2378 homo
1111 2327 1197 2381 esset

139 2390 255 2469 malus,
277 2390 438 2477 quianon
460 2390 556 2456 habet
575 2391 778 2456 velocitatem
800 2412 927 2477 caprae,
957 2395 1009 2459 rei
1028 2395 1198 2465 fortitudi-

138 2494 212 2538 nem
234 2474 335 2540 laonis
350 2473 361 2509 ⁸
378 2492 407 2553 »3
431 2472 464 2537 id
486 2470 572 2558 quod
593 2483 680 2538 certe
703 2472 874 2539 ferendum
895 2496 960 2540 non
981 2486 1029 2542 est
1042 2480 1068 2542 ⁸.

456 2602 525 2656 Ant.
541 2602 587 2655 itt.
602 2632 635 2642 -
650 2602 686 2654 lle
706 2606 883 2669 pulcritudine

180 2718 249 2783 101.
272 2717 417 2781 Praestat
437 2712 582 2778 nonnihil
605 2711 786 2778 deliberare
807 2713 847 2778 de
863 2712 1077 2797 pulcritudine
1098 2718 1199 2795 entis,

139 2820 220 2886 quae
241 2819 316 2862 cnm
336 2798 408 2861 eius
430 2793 572 2861 bonitate
593 2806 682 2861 arcte
702 2797 924 2880 coniungitur.

180 2879 367 2947 Pulcritudo
389 2875 511 2946 dicitur
531 2896 601 2943 esse
621 2879 728 2944 unitos
742 2880 779 2942 iu
791 2881 937 2943 varietata
951 2879 975 2941 ⁵.
997 2878 1069 2956 Qua
1091 2878 1126 2944 in
1140 2880 1202 2948 de-

177 3078 188 3117 ¹
207 3082 248 3131 Do
265 3080 378 3135 luerat„
396 3089 424 3126 n.
444 3072 490 3124 59.

173 3152 187 3191 ²
205 3148 242 3205 Gt
256 3166 279 3203 s.
298 3144 405 3207 Thoan..
427 3143 448 3205 t,
468 3160 495 3210 q.
510 3139 628 3202 xtvnt,
648 3156 676 3193 ι.
697 3143 708 3192 1
730 3156 769 3201 o..
788 3146 816 3193 et
833 3155 857 3192 a.
870 3138 951 3207 Aac..
965 3142 1005 3193 Da
1022 3154 1084 3193 asro
1101 3143 1204 3208 liclia„

139 3241 166 3277 a.
185 3226 240 3287 23,
260 3239 288 3275 n.
308 3222 337 3273 t.
360 3220 426 3272 ilina
452 3218 576 3281 intelligis
600 3216 643 3268 vei
667 3228 700 3265 cx
723 3213 775 3266 hoc
799 3219 903 3265 tanturn
929 3213 1014 3265 ratolti
1040 3210 1203 3277 lutherum,

139 3297 267 3351 Flaccum
286 3294 449 3360 illyricum
460 3290 590 3353 atrosque,
609 3288 655 3353 qni
675 3293 816 3351 peccatum
833 3288 961 3351 originale
978 3299 1036 3338 csso
1054 3287 1206 3351 quamam

139 3372 314 3423 substanttam
333 3366 432 3418 matam
451 3366 636 3414 autumnrunt.
656 3355 692 3413 Ct
707 3358 908 3420 Baiiarmlnum,
921 3362 960 3411 Do
978 3364 1119 3412 onomat
1136 3375 1205 3425 aro-

140 3446 192 3495 ttoo
209 3448 276 3504 ato„
296 3440 344 3492 lib.
366 3436 398 3500 V,
419 3452 445 3489 a.
467 3436 479 3486 1
501 3448 560 3499 sqq.

176 3513 188 3549 ⁸
207 3514 229 3571 1.
249 3529 276 3579 q.
296 3508 416 3571 xtvtn,
436 3523 462 3559 a.
484 3508 500 3559 3
519 3521 545 3557 a.

177 3584 188 3621 ⁶
208 3581 243 3638 Gi
258 3601 282 3636 ι.
301 3581 383 3648 Aug„
405 3584 492 3634 contr.
514 3582 614 3631 odoror.
637 3581 708 3643 Lepta
726 3586 749 3632 ot
769 3579 878 3643 maan,
897 3578 945 3628 lib.
964 3572 988 3636 l,
1006 3590 1034 3627 c.
1052 3576 1081 3627 t.

176 3658 189 3693 ³
207 3653 242 3708 Gt
258 3654 364 3715 Andri,
384 3657 459 3706 Errat
477 3667 522 3703 sur
540 3654 562 3704 la
582 3654 654 3713 laau,
677 3650 746 3705 ilisa.
769 3650 789 3715 l;
811 3654 904 3704 Orator.
921 3649 999 3717 phil..
1019 3662 1079 3703 aoso
1097 3650 1205 3703 lotrad.

140 3732 236 3802 ptam.
256 3744 305 3795 par
324 3722 431 3793 Cautio,
454 3724 534 3779 1813.
