2475 3909
337 228 521 276 rnaonoors
544 227 733 276 narrastis
969 205 1028 272 371

7 312 125 377 catones
146 310 303 458 pandant.
319 310 495 376 creaturae
513 324 622 378 autem
644 312 818 378 rationales
832 331 896 374 non
918 308 1023 405 solqm
1041 311 1074 404 in

6 396 58 458 sui
78 395 287 470 excelentia,
309 403 341 458 et
368 393 587 479 pulcritudine
610 396 858 470 excellentium,
882 390 1072 477 pulcritudi-

7 496 142 560 nemque
165 476 351 542 Conditoris
372 475 590 553 musitassent,
614 477 670 542 sed
696 478 818 553 etiam,
842 495 916 539 cum
939 473 1078 537 laeulta-

7 557 95 623 tibus
114 557 340 642 cognoscendi,
364 567 394 622 et
416 558 544 622 amandi
567 559 673 624 Deum
696 559 850 646 polleant,
866 556 947 620 Eius
971 553 1078 638 perie-

7 640 128 705 ctiones
150 639 297 718 laudare,
313 641 460 724 Eiusque
484 643 648 725 potentiae
670 663 703 706 se
726 640 828 706 libere
850 638 1011 702 subiicere
1036 647 1079 731 te·

7 733 138 799 nentur,
153 732 249 806 atquo
272 724 316 787 ita
339 724 588 808 pertingentes
610 725 721 808 Ipsum
738 743 798 808 per
819 741 906 786 suam
928 733 1081 804 operatio-

7 825 91 880 nem,
113 804 411 890 beatitudinemque
433 805 685 890 assequunturt.
920 885 927 898 ι

52 887 120 951 tut.
136 889 242 969 Atque
262 886 338 950 bine
360 896 448 970 patet
461 899 660 972 quantopere
683 888 726 952 sii
746 906 764 950 a
786 905 864 952 vero
886 884 991 949 altena
1011 901 1082 947 sen—

8 971 111 1035 tentia
140 968 276 1046 Raetii,
299 969 475 1046 Arbensii,
505 969 709 1055 aliorumque
742 967 955 1034 asserentium
981 965 1082 1058 Deuiq

9 1070 125 1116 creasse
150 1051 303 1115 bominem
327 1062 453 1134 propter
480 1049 658 1129 bominem,
681 1063 778 1115 cetero
803 1050 908 1113 omnio
933 1069 994 1111 oon
1018 1067 1081 1109 arsa

6 1143 137 1218 propter
157 1132 311 1197 bominem
333 1134 414 1215 [octo
435 1153 504 1196 asse.
528 1132 704 1199 Creaturae
734 1133 822 1198 enim
849 1130 987 1224 bomine·
1002 1127 1083 1192 inle-

10 1217 140 1293 riores,
162 1216 224 1280 etsi
251 1216 291 1279 ad
318 1219 389 1281 eius
412 1216 585 1282 utilitatem
606 1215 747 1302 quadam
770 1216 894 1281 ratione
916 1212 1085 1276 ordinatae

9 1299 91 1370 sint,
111 1311 217 1364 tamen
240 1297 281 1362 ad
303 1297 365 1362 Dei
389 1295 525 1382 gloriam
549 1296 818 1363 manifestandam
840 1293 985 1370 tendunt,
1006 1303 1086 1358 um-

14 1401 115 1466 quam
137 1376 176 1444 ad
199 1379 351 1444 ultimum
375 1399 468 1444 suum
491 1378 599 1458 linem,
642 1402 715 1445 uem
730 1391 798 1445 tum
813 1377 999 1452 immediate,
1015 1385 1084 1439 tum

13 1462 147 1527 mediate
168 1463 340 1545 attingunt.
365 1461 545 1527 immediate
566 1400 724 1547 quidem,
747 1461 825 1546 quia
857 1481 899 1524 ex
931 1459 1002 1545 ipsa
1034 1458 1084 1520 sui

13 1554 133 1610 natura
155 1544 373 1629 sapientiam,
396 1540 572 1610 bonitatem
597 1554 659 1609 eto.
683 1543 845 1610 DiviniO
871 1541 952 1607 ilicis
979 1537 1085 1626 palam

13 1625 154 1701 faciant,
177 1635 210 1690 et
232 1626 265 1688 in
287 1626 483 1710 semetipsis,
506 1636 668 1722 tamquam
696 1627 728 1690 in
751 1563 903 1713 speculo,
925 1620 1087 1710 quaedam

12 1707 212 1773 Divinorum
235 1705 467 1772 attributorum
487 1709 589 1773 velun
611 1709 744 1794 vestigia
770 1727 923 1795 expressa
947 1713 1085 1793 gerunt3

12 1787 159 1867 mediate,
174 1791 251 1874 quia
272 1789 395 1853 bomini
418 1789 625 1856 inserviendo
654 1801 854 1857 concurrunt
881 1787 920 1854 ad
940 1786 1087 1854 eamdem

11 1870 212 1937 Divinornm
233 1869 465 1937 attributorum
480 1870 786 1954 manifestationem,
808 1894 906 1959 quam
926 1871 1023 1936 bomo
1039 1887 1088 1931 ra·

12 1953 116 2031 tione,
129 1963 163 2020 et
182 1952 332 2019 libertate
355 1953 523 2039 praeditus
544 1957 757 2041 peculiariter
778 1970 940 2044 praestare
955 1951 1085 2018 debet².

232 2077 431 2131 nanta-tte
450 2079 543 2133 Divina
562 2097 652 2133 rerum
672 2087 871 2136 conservatione

60 2189 130 2256 165.
153 2189 248 2253 Aetio
272 2186 412 2261 Divina,
459 2210 500 2254 ua
522 2189 580 2267 fit,
602 2201 639 2256 ut
660 2203 827 2258 creaturae
855 2191 888 2256 in
919 2190 1090 2256 existentia

15 2270 211 2359 perdurent,
228 2268 426 2335 conservatio
484 2272 565 2337 'eiua
586 2286 804 2361 nuncupatur.

57 2493 66 2528 ¹
90 2493 141 2558 Qq.
161 2495 259 2560 ds'spp..
282 2498 320 2549 na
342 2499 416 2558 Ver„
436 2513 464 2562 q.
485 2497 519 2558 V,
540 2501 592 2551 loc.
612 2503 661 2552 cit.

54 2563 220 2616 ²Aadiatnr
239 2583 262 2617 a.
283 2566 479 2622 Maerentem:
502 2590 513 2618 ι
535 2568 583 2624 list
603 2575 763 2634 notandum,
784 2575 853 2639 quod
872 2575 942 2632 tinia,
961 2573 993 2624 ad
1012 2587 1092 2637 quem

15 2650 63 2688 res
83 2638 250 2700 ordinantor,
269 2641 366 2705 duplex
385 2648 435 2694 eat.
456 2640 567 2708 Quidam
585 2648 657 2697 enim
682 2652 723 2698 est
741 2648 801 2698 fluia
820 2647 988 2711 principalia,
1008 2651 1035 2697 et
1054 2649 1094 2696 ul-

17 2713 128 2768 timan
148 2713 256 2775 qnidam
275 2720 316 2765 ast
334 2715 395 2767 tinia
414 2716 463 2766 aab
482 2717 544 2767 ttae.
565 2715 591 2768 Si
611 2721 696 2782 primo
722 2723 799 2771 modo
823 2722 956 2784 loquimar
979 2728 1012 2769 oe
1029 2719 1093 2774 fine.

18 2785 60 2834 sic
79 2784 201 2833 omnium
221 2792 403 2839 creaturarum
423 2794 478 2838 tam
498 2791 688 2852 rationalium,
714 2807 796 2856 qaam
824 2793 1017 2844 irrationalium
1037 2791 1095 2842 linis

19 2861 62 2906 est
81 2851 167 2914 bens,
186 2859 249 2920 quia
268 2861 357 2910 omnia
377 2867 485 2925 propter
503 2865 676 2928 semetipsum
697 2868 798 2917 crearit
817 2862 987 2924 ditissimus,
1007 2865 1095 2914 omnia

20 2927 94 2980 anim
116 2927 181 2978 iecit
199 2930 232 2979 ad
252 2929 359 2983 laudem
379 2947 443 2984 snae
462 2931 600 2988 bonitatis.
622 2935 647 2988 Si
666 2944 757 2989 autem
777 2939 919 3002 loquamur
933 2938 964 2988 de
978 2936 1028 2986 tine
1043 2950 1095 2986 non

21 3001 185 3066 principali,
205 3003 251 3065 qai
270 3004 388 3056 estilota
407 3008 614 3070 quodammodo,
635 3016 662 3061 et
680 3010 738 3060 lluis
757 3012 805 3061 sub
824 3010 886 3070 flue,
907 3011 996 3060 omnia
1015 3011 1097 3060 aenai-

21 3070 86 3123 bttis
107 3071 163 3123 aiis
181 3073 252 3124 iacta
272 3082 334 3126 suot
353 3083 461 3141 propter
479 3081 626 3132 hominem.
647 3079 682 3134 Et
700 3084 751 3134 boc
771 3085 889 3136 insinuat
911 3083 1096 3145 Philosophus,
1191 3127 1193 3136 .

23 3159 86 3198 aum
106 3145 193 3196 dicits
212 3148 306 3199 Samus
323 3151 385 3214 pinis
404 3166 453 3202 nos
471 3155 661 3217 quodammodo
680 3161 796 3207 omnium
815 3172 923 3215 aarum,
944 3171 1008 3220 quoa
1026 3163 1095 3206 suut.

23 3215 148 3268 lasiouat
164 3221 245 3269 etia·
264 3218 402 3286 Scriptura
422 3227 508 3274 molto
526 3229 710 3287 excellentius,
729 3243 791 3279 eum
810 3229 884 3279 dicit:
900 3231 1035 3280 Faciamus
1053 3228 1098 3276 bo-

25 3293 124 3340 rsinsm
142 3294 178 3341 od
196 3294 344 3357 imaqioam,
363 3304 387 3346 at
404 3299 597 3349 similitudinem
615 3309 744 3361 nostram,
765 3308 788 3351 ct
802 3304 902 3366 praesit
918 3302 1030 3365 piscibus
1042 3314 1099 3352 mu·

25 3363 62 3412 ·is
80 3368 139 3413 cto.
160 3359 226 3428 Quis
244 3368 315 3416 enirn
335 3368 416 3418 bomo
435 3372 545 3421 rationis
563 3385 649 3435 capax
672 3380 731 3434 est,
758 3373 818 3424 ideo
843 3374 923 3424 habet
949 3375 1099 3424 libertatem

26 3434 140 3495 arbitrii,
161 3441 189 3485 et
207 3443 344 3490 natusest
363 3442 477 3504 piscibus
503 3444 644 3496 dominari.
665 3443 730 3510 Quia
749 3461 812 3497 reru
833 3461 879 3510 per
896 3446 1099 3496 similitudinem

27 3513 105 3560 astas
125 3512 169 3559 est
185 3510 213 3559 ia
230 3508 315 3561 Deum
335 3513 442 3564 tendere
461 3516 624 3578 immediate,
646 3519 704 3569 ideo
723 3532 815 3570 omnes
838 3525 977 3571 creaturae
993 3519 1098 3570 irratio-

28 3581 101 3632 tsles
121 3581 156 3630 ad
175 3583 261 3645 ipsam
279 3585 445 3646 ordinantur,
466 3592 495 3638 ut
514 3589 647 3641 mediante
667 3593 722 3656 ipso
742 3594 768 3642 ia
793 3593 873 3644 tinem
894 3594 1019 3643 ultimum
1039 3604 1099 3656 per·

29 3651 163 3706 buntur
183 3671 214 3716 η
235 3658 266 3708 io
284 3657 330 3708 iii.
350 3662 378 3710 ii
394 3661 477 3720 Sani„
500 3657 562 3712 bist.
583 3659 642 3724 XV,
662 3679 689 3717 a.
713 3665 755 3728 ll,
775 3682 804 3731 q.
827 3667 838 3718 1
866 3667 945 3718 rasoi.
965 3659 1001 3720 tt
1016 3665 1100 3720 silam

30 3740 47 3782 a
69 3722 183 3788 Thoas„
204 3727 233 3778 2²
252 3728 303 3793 2²³,
322 3746 350 3798 q.
371 3727 487 3795 lxxvi,
507 3747 534 3786 a.
554 3734 571 3786 1
590 3750 615 3788 c.

801 3809 822 3848 'k
