2475 3909
365 198 549 246 ruuocoora
572 198 760 246 nnrvnaurs
996 175 1055 241 lot

77 277 145 348 226.
170 281 366 365 Exemplum
395 292 503 348 autem
534 281 807 368 patrisfamilias,
831 280 886 367 qui
911 282 1014 345 bonus
1036 302 1099 344 non

35 371 129 437 esset,
154 363 217 424 nisi
242 363 460 446 prospiceret,
483 385 522 428 ne
545 364 632 429 lilius
654 361 844 430 abuteretur
866 363 961 428 bonis
982 365 1012 427 ei
1037 372 1100 427 tra·

36 441 123 535 ditis,
146 443 267 507 nullam
288 447 355 510 vim
377 445 488 521 babct3
510 467 583 510 nam
606 457 699 532 pater
719 458 767 511 est
789 448 935 531 provisor
958 448 1099 530 particu-

36 523 127 600 larrs;
149 525 236 589 Deus
259 548 334 591 vero
356 539 404 593 est
426 530 575 612 provisor
596 530 801 593 universalis.
818 553 834 590 «
854 529 956 596 Aliter
977 537 1097 602 autem,

39 604 168 671 docente
190 629 214 670 s.
240 608 384 683 Thomu,
407 609 448 673 de
469 631 507 674 oo
529 619 601 685 est,
625 611 679 694 qui
703 610 799 675 babet
820 632 932 675 curam
960 609 1099 674 alicuius

37 688 250 771 particularis,
266 690 351 755 etde
364 691 533 836 provisore
555 693 752 771 universali;
768 696 845 778 quia
868 695 1014 779 provisor
1050 711 1101 754 ar-

36 769 178 832 ticularis
200 771 343 836 excludit
386 772 527 839 electum
548 773 589 840 ab
610 797 667 850 eo,
689 777 775 860 quod
792 777 862 841 eius
877 797 973 840 curae
990 713 1100 838 subdi-

36 865 114 923 tur,
135 864 292 934 quantum
323 866 443 939 potest;
466 855 520 919 sed
545 859 693 942 provisor
722 858 912 923 universalis
941 856 1102 942 permittit

36 933 177 1026 aliquem
200 934 363 1000 defectum
385 937 418 999 in
441 938 551 1022 aliquo
574 941 762 1024 particulari
786 941 954 1016 accidere,
980 959 1017 1002 ne
1040 939 1101 1001 im·

34 1014 183 1097 pedratur
203 1015 324 1082 bonum
347 1019 465 1084 totius'
480 1044 508 1082 n.

75 1096 144 1159 227.
165 1099 301 1166 Accedit
321 1099 408 1186 quod
433 1113 523 1187 pater
545 1103 683 1167 naturali
706 1103 876 1168 officiuim
902 1101 991 1168 edire
1014 1112 1102 1167 tene-

36 1189 90 1242 tur
110 1199 333 1268 quaecumque
356 1182 414 1246 filii
436 1183 520 1249 mala
544 1184 704 1269 impedire
727 1196 847 1269 potest;
871 1125 957 1251 {leus
980 1195 1100 1262 autem,

34 1263 86 1324 uti
108 1263 424 1343 demonstravimus,
448 1286 510 1329 non
533 1260 660 1334 tenetlrr
681 1269 788 1331 omnia
813 1268 970 1364 impedire
992 1265 1099 1341 mala,

33 1363 118 1426 quae
140 1356 256 1428 potest.
273 1349 434 1424 Quocirca
448 1347 537 1412 Dens
561 1351 684 1433 peccati
707 1369 802 1414 causa
823 1361 919 1415 etiam
943 1348 1102 1412 indirecta

32 1426 100 1489 dici
122 1447 186 1491 non
209 1438 336 1514 potest,
359 1450 416 1494 nec
438 1428 549 1495 debet:
573 1432 650 1515 quia
674 1432 800 1497 tametsi
823 1453 839 1492 <r
857 1451 920 1496 non
949 1430 1103 1515 praebeat

34 1509 212 1588 auxilium,
260 1511 323 1575 uod
346 1514 371 1575 si
396 1511 577 1597 praeberet,
600 1513 745 1577 homines
768 1535 830 1578 non
855 1525 1100 1598 peccarent...

33 1592 96 1654 hoc
118 1600 221 1658 totum
237 1533 321 1659 lacit
336 1595 513 1659 secundum
537 1593 682 1660 ordinem
706 1616 781 1661 suae
797 1617 829 1662 sa
858 1596 986 1672 ientiae,
1007 1605 1039 1660 et
1054 1593 1103 1658 iu-

32 1674 155 1749 stitiae,
170 1696 245 1739 cum
260 1675 329 1758 lpse
344 1678 385 1741 sit
398 1677 603 1764 sapientia‚et
624 1677 759 1756 iustitia3
774 1699 817 1742 un
841 1698 859 1744 e
881 1699 943 1742 non
965 1678 1103 1762 imputa-

32 1768 89 1824 tur
111 1757 174 1835 Ei,
196 1758 282 1842 quod
316 1759 399 1823 alius
420 1769 557 1846 peccet,
580 1762 664 1825 sicut
694 1779 808 1825 causae
836 1758 982 1847 peccati;
1017 1759 1103 1823 sicut

34 1837 236 1923 gubernator
250 1861 313 1903 non
335 1841 456 1906 dicitur
478 1863 574 1907 causa
594 1841 828 1907 submersionis
851 1843 954 1917 navis,
977 1859 1019 1904 ex
1041 1839 1100 1904 boc

31 1920 121 2017 ‹pnod
144 1943 208 1986 non
231 1921 390 2008 gubernat
411 1945 539 1999 navem,
563 1925 626 1988 nisi
648 1923 779 2069 putando
801 1924 961 1990 subtrabit
983 1920 1103 2006 guber-

32 2014 225 2079 nationem,
250 2015 363 2090 potens
381 2053 389 2081 ,
410 2017 444 2071 et
465 2005 585 2071 debens
608 2027 651 2091 gu
675 2008 812 2071 ernare²
828 2031 856 2068 o.

436 2132 614 2197 CAPVT
648 2132 703 2196 Vl.

374 2253 429 2318 Ite
461 2253 763 2320 Pantheisnro

227 2381 293 2433 dar.
314 2382 335 2433 l.
348 2411 382 2420 -
396 2382 606 2435 Pantheirtarum
626 2381 724 2445 placita
744 2388 916 2434 recensentur

73 2503 151 2569 228.
175 2503 224 2566 Ex
247 2502 305 2577 iis,
327 2523 411 2586 quae
432 2502 585 2586 superius
607 2500 647 2566 de
668 2498 792 2566 infinita
814 2499 1019 2567 Persectione
1042 2496 1104 2563 Dei

30 2587 122 2652 dicta
145 2595 232 2660 sunt,
249 2605 311 2649 non
326 2585 429 2649 solnm
451 2604 564 2648 eorum
580 2604 684 2659 error,
699 2582 756 2669 qui
774 2584 900 2648 nonnisi
923 2601 1019 2646 unam
1035 2600 1104 2647 esse

30 2689 131 2754 posse
154 2665 306 2732 Divinam
329 2667 486 2733 Naturam
509 2663 720 2744 inficiantur,
744 2663 917 2730 sedetiam
941 2683 1106 2728 commen-

30 2765 107 2816 tum
131 2749 274 2826 illorum,
313 2749 348 2813 ui
370 2747 472 2812 Deum
494 2769 569 2813 cum
592 2747 651 2811 bac
672 2769 783 2814 rerum
805 2747 1014 2811 universitate
1031 2765 1105 2808 con-

29 2829 190 2904 fundunt,
214 2770 385 2897 refellitur.
408 2829 492 2896 lllud
515 2830 735 2917 philosophiae
756 2839 905 2916 systema,
928 2828 961 2892 in
984 2847 1049 2974 spuo
1071 2846 1107 2889 o·

32 2917 145 2991 mnia,
167 2934 250 3000 quae
273 2924 367 2989 sunt,
391 2915 521 2985 unicam
545 2912 756 2977 substantiam
779 2911 970 2976 constituere
1016 2910 1106 2974 icun-

70 3166 81 3203 ¹
105 3163 127 3227 l,
142 3183 170 3231 q.
183 3164 267 3225 xxti.
281 3185 308 3218 a.
322 3171 337 3219 Ξ
351 3173 383 3220 ad
403 3170 620 3225 austrannus
640 3179 680 3221 est
699 3183 748 3219 vox
768 3171 811 3218 illa
831 3169 951 3230 aliquem,
967 3170 995 3214 ut
1013 3169 1108 3217 exolu-

28 3242 116 3290 datnr
135 3238 225 3304 bayas
243 3244 464 3308 sopntsrnanqm
485 3244 568 3294 Derim
589 3245 658 3294 mala
679 3243 878 3306 permittentem
895 3240 1024 3288 assimilat
1038 3245 1105 3302 regi,

28 3314 79 3376 qni
100 3316 199 3363 sineret
216 3329 334 3364 crescere
354 3321 500 3376 reditiones,
522 3320 764 3379 “perturbationes
783 3317 810 3362 tn
830 3319 881 3362 toto
901 3327 988 3376 vepna,
1009 3321 1035 3361 ut
1053 3315 1108 3376 plo·

31 3391 107 3435 rr'nm
128 3391 269 3450 remuneret
284 3393 420 3452 procurati
432 3394 546 3440 remedr'r'.
569 3388 634 3439 Nam
654 3391 705 3438 hac
725 3387 818 3450 agendi
838 3387 939 3434 ratione
954 3397 1004 3433 non
1019 3387 1108 3448 rrtr'puo

30 3460 112 3521 regni
138 3461 207 3508 mata
229 3462 398 3521 particularla
427 3476 471 3511 rex
496 3464 680 3525 permitteret,
707 3462 751 3510 sed
778 3465 867 3522 egeret
892 3463 983 3506 contra
1009 3457 1109 3506 bonnm

29 3544 182 3580 commune
202 3533 295 3594 regni,
316 3536 385 3597 qnod
407 3537 460 3597 ipsa
481 3549 576 3585 curare
596 3535 683 3584 debet.
704 3529 834 3597 Quocirca
856 3531 1048 3592 trieptrnrmmn
1068 3532 1110 3582 eet

30 3601 128 3667 Baylei
148 3607 312 3667 exemplum.

70 3677 83 3711 ²
108 3677 136 3725 t'
155 3677 206 3736 Ψ,
227 3693 254 3741 q.
276 3680 380 3736 cit.‚a¹.
406 3679 414 3728 l
437 3693 464 3729 o.
485 3675 521 3732 Cl
537 3681 612 3736 ibid..
633 3694 660 3743 q.
684 3677 729 3738 Vl,
748 3693 773 3728 a.
795 3677 812 3726 3
831 3690 857 3726 c.

115 3758 223 3807 Parios.
236 3755 347 3810 Cantor.
358 3763 497 3825 compend.
514 3761 546 3814 ll.
947 3755 1001 3806 Ψ
