2475 3909
386 220 572 266 anennoern
595 217 785 266 nsrvnacrs
1031 199 1090 266 titt

63 298 122 362 illa
142 300 285 370 evolutio
308 301 341 366 in
364 303 434 387 ipso
456 302 611 370 hbsoluto
638 303 784 388 ponenda
805 311 896 368 esset.
919 304 1018 387 Atqui
1041 305 1067 369 si
1096 307 1129 369 in

64 379 221 448 Absoluto
243 403 336 448 omne
356 399 428 450 urin
448 400 542 462 esset,
559 386 646 450 nulla
668 385 810 450 evolutio
827 385 858 447 in
873 404 912 448 eo
933 405 1020 462 esse,
1036 397 1068 451 ot
1083 387 1130 450 in-

64 461 168 548 telligi
192 476 319 549 posset,
341 467 418 550 quia
438 489 513 532 cum
536 468 629 543 illud,
651 465 737 551 quod
760 466 932 540 evolvitur,
955 469 1129 552 apotentin

62 544 102 607 ad
125 557 228 610 actum
250 549 402 633 progredi
428 548 569 627 debeat,
593 559 753 635 repugnat
774 549 806 613 iu
829 546 939 632 aliquo
961 550 1065 614 evolvi
1091 549 1129 614 il-

63 624 117 689 lud
136 676 144 704 ,
166 629 253 712 quod
278 632 340 693 iam
362 632 490 706 actuin
512 653 552 696 eo
573 644 631 698 est.
656 633 767 715 Ergo,
792 639 827 696 ut
850 630 905 694 illa
928 629 1071 696 evolutio
1096 632 1128 694 in

62 707 220 775 Absolute
241 712 400 796 explicari
424 724 541 799 posset,
564 712 687 798 aliquid
708 712 870 796 potentiale
892 713 925 777 in
949 731 987 776 eo
1011 711 1130 778 intelli-

64 789 205 874 gendum
228 806 322 860 esset.
347 795 416 858 lam
435 794 654 872 Absolutum,
678 795 711 858 in
734 815 798 880 quo
821 792 944 879 aliquid
963 795 1129 940 potentiale

61 882 124 947 est,
146 895 254 941 secum
278 897 421 962 pugnare
442 877 651 952 manifestum
671 887 731 942 est.
754 874 789 940 2⁰
811 877 914 940 lmmo
935 880 963 940 Α
987 877 1129 942 solutum

62 953 337 1041 Sebellingianurn
361 979 422 1022 non
445 971 518 1035 est,
541 962 589 1027 uti
614 958 766 1034 vidimus,
789 957 852 1022 nisi
876 957 1022 1024 Privatio
1043 959 1129 1024 abac·

61 1035 143 1112 leta,
158 1039 226 1103 sive
250 1062 374 1105 merum
389 1041 494 1104 Nihil.
512 1043 596 1106 llinc
617 1042 712 1108 Olen
734 1038 921 1126 schellingii
946 1039 1128 1125 discipulus

61 1139 102 1182 eo
124 1141 226 1205 usque
249 1122 391 1195 insaniit,
414 1133 451 1186 ut
473 1123 670 1197 Absolutum,
687 1124 753 1186 sive
778 1122 882 1188 Deum
898 1123 1051 1207 Magnum
1066 1123 1100 1188 N
1103 1125 1128 1186 i-

60 1200 109 1264 hil
130 1202 335 1287 appellarit¹.
362 1205 531 1288 Deriique,
557 1205 732 1271 secundum
757 1203 976 1288 llegbelium‚
1000 1204 1033 1271 1⁰
1055 1206 1128 1269 uni·

60 1303 136 1347 cum
156 1305 224 1360 ens,
246 1286 312 1350 sire
335 1285 545 1363 Absolutum,
567 1298 600 1353 et
621 1284 786 1368 lnlinitum
805 1333 814 1362 ,
835 1286 922 1372 quod
945 1287 1013 1373 ipse
1037 1299 1127 1352 vocat

51 1365 232 1442 ideo-Ena,
246 1379 295 1432 est
317 1366 449 1452 aliquod
469 1371 625 1451 privative
646 1367 930 1442 indeterminatum,
946 1389 1003 1434 sen
1019 1370 1125 1433 omnis

59 1444 340 1516 determinationis
353 1470 470 1532 expers
481 1453 505 1526 ²,
521 1450 606 1515 unde
628 1449 759 1533 collegit
775 1447 961 1514 ideam-Ena
982 1471 1052 1516 esse
1069 1471 1128 1534 pu-

61 1548 148 1624 mm,
172 1543 349 1618 putumque
370 1532 453 1596 nihil
470 1533 493 1608 ⁸3
515 1545 549 1598 et
569 1533 724 1618 quoniam
748 1531 827 1594 nihil
848 1541 897 1596 est
919 1534 1049 1618 negatio
1072 1553 1127 1598 en-

61 1612 286 1686 notin-Em
309 1625 393 1679 esset
412 1635 480 1691 ens,
517 1615 579 1680 uod
602 1635 666 1677 non
688 1623 736 1678 est
757 1634 823 1686 ens,
839 1615 906 1678 sive
929 1628 996 1689 ens,
1014 1625 1046 1681 et
1062 1635 1124 1677 non

26 1751 31 1757 .
58 1713 134 1769 ens;
148 1692 183 1756 2⁰
197 1696 247 1760 Ex
269 1696 454 1761 evolutione
477 1635 687 1767 Ibem-Enna,
703 1705 738 1760 ut
754 1695 929 1760 floohetius
950 1697 1006 1770 ait,
1024 1717 1127 1760 emer-

58 1786 142 1918 ἓιιιιι
161 1775 324 1851 mundus,
346 1779 505 1863 spiritus,
526 1791 558 1846 et
582 1781 590 1843 i
617 1799 651 1842 se
674 1776 771 1840 Deus.
794 1745 915 1855 Quare,
939 1799 1013 1844 cum
1036 1778 1127 1844 Iden-

91 1877 128 1920 na
152 1857 193 1922 sit
213 1859 363 1936 nibilum,
388 1860 492 1935 Deus,
513 1871 550 1926 ιιι
570 1800 728 1924 titinius
751 1859 830 1924 scite
853 1862 1000 1936 monuit,
1023 1860 1123 1924 orire·

13 1971 18 1978 ·
60 1949 114 2002 tur
134 1937 172 2002 at
185 1941 303 2006 actione
318 1943 410 2006 caeni
423 1964 513 2027 anper
528 1962 673 2018 coenum,
686 1952 713 2005 et
728 1939 825 2004 nihili
844 1961 938 2026 anper
952 1941 1123 2006 nihilum‘.

58 2017 96 2086 3⁰
110 2020 184 2085 Non
203 2044 267 2098 ena,
282 2022 392 2089 subdit
411 2024 601 2109 liegbelius,
617 2023 818 2088 connectitur
832 2043 906 2086 cum
926 2034 998 2089 ente
1020 2045 1079 2110 per
1092 2043 1123 2078 ro

56 2102 145 2185 fieri,
167 2124 223 2168 seu
245 2107 410 2180 devenire,
433 2104 520 2191 qnod
544 2107 611 2192 ipse
634 2117 794 2190 tamquam
818 2105 1015 2192 principium
1037 2105 1125 2170 elbu-

59 2184 118 2268 git,
130 2185 220 2330 guod
243 2188 286 2253 sit
307 2187 450 2253 medium
473 2190 556 2267 inter
573 2209 635 2252 non
655 2209 716 2264 ene,
740 2199 772 2252 et
792 2207 857 2264 ens,
872 2197 905 2252 et
926 2208 1045 2272 exque
1064 2209 1124 2254 non

56 2285 109 2331 ene
151 2269 361 2336 eterminetur
380 2269 419 2332 ad
435 2271 506 2349 boc,
523 2282 559 2337 ut
579 2272 623 2335 sit
643 2291 705 2334 ena.
721 2272 780 2336 Ast
794 2279 1020 2354 praeterquam
1035 2269 1125 2354 quod

56 2370 120 2412 non
141 2371 216 2425 ene,
239 2370 294 2414 seu
317 2352 393 2417 nihil
415 2354 552 2438 incapax
573 2364 642 2426 est,
664 2362 701 2418 ut
721 2351 832 2436 aliquo
856 2349 950 2418 modo
972 2349 1123 2418 determi-

58 2442 165 2508 netur,
180 2453 238 2496 seu
258 2431 383 2518 aliquid
407 2433 475 2513 liat,
491 2447 615 2502 tantum
637 2431 737 2509 abest,
754 2445 790 2499 ut
802 2433 887 2517 fieri,
904 2453 963 2497 seu
983 2433 1124 2498 devenire

56 2515 102 2578 sit
123 2513 319 2600 principium
340 2560 348 2589 ,
369 2535 410 2578 ex
433 2537 497 2600 quo
519 2538 575 2582 ens
596 2515 755 2600 explicari
780 2524 908 2602 potest,
932 2528 968 2580 ut
991 2515 1123 2601 ipsum,

57 2616 132 2660 cum
153 2593 278 2679 aliquid
295 2599 459 2679 potentiale
480 2600 534 2672 sit,
549 2618 606 2662 ens
630 2599 694 2662 iarn
711 2607 784 2662 actu
805 2594 959 2670 existens,
996 2597 1060 2662 uod
1076 2593 1121 2669 ut,

56 2699 113 2742 seu
134 2677 265 2752 devenit,
288 2688 320 2743 et
341 2699 484 2757 cansam,
508 2700 684 2765 perquam
708 2677 754 2754 lit,
777 2616 1067 2744 subaudianbaud
1090 2699 1120 2743 e·

94 2832 102 2866 ¹
121 2831 288 2951 {enchiridion
305 2831 482 2894 philosophiae
500 2837 610 2880 naturae
627 2825 748 2896 (germ),
770 2825 847 2880 lenae
863 2827 941 2878 tuat.

91 2903 104 2939 ²
136 2902 158 2953 ,Ι
174 2917 199 2964 p.
221 2902 270 2952 321
292 2917 334 2966 aq.

91 2971 195 3026 ⁸llaec
212 2976 297 3025 illatio
316 2975 386 3025 haud
405 2975 522 3037 legitima
541 2977 593 3027 este
614 2986 674 3022 narn
694 2984 741 3022 ens
759 2975 885 3036 privativa
897 2974 1122 3024 indeterminatum

54 3052 96 3100 eal
113 3061 161 3098 ena
179 3049 397 3097 communissima
415 3052 567 3106 acceptum.
590 3041 645 3094 lani
660 3045 810 3094 huiusmodi
824 3057 870 3094 ene
884 3058 946 3094 curn
966 3045 1046 3094 nihiio
1059 3059 1123 3096 con·

55 3121 130 3172 iundi
148 3133 201 3170 non
220 3132 297 3181 poree
316 3119 500 3168 adnotavimus
519 3119 546 3166 in
567 3118 666 3176 Oreioi„
686 3131 712 3166 c.
734 3115 754 3168 Ι.
775 3129 800 3166 a.
822 3117 849 3173 3,
871 3129 897 3178 p.
920 3117 946 3173 Ι,
965 3122 1020 3165 not.
1042 3117 1069 3167 6.

89 3190 101 3227 ⁴
121 3195 223 3242 motion
239 3192 316 3252 phil..
336 3197 387 3241 art.
409 3190 496 3253 Hepei,
517 3194 537 3240 ι.
561 3187 605 3247 ΙΙΙ,
627 3204 653 3253 p.
675 3189 721 3248 35,
741 3187 814 3239 Paris
831 3189 908 3238 teti.
927 3187 1036 3239 Accedit
1049 3189 1119 3254 qnod

54 3278 117 3315 enm
138 3265 210 3321 ideo,
230 3261 350 3325 llegbelii
369 3263 479 3319 indicio,
499 3263 534 3311 eit
554 3263 639 3323 ipsum
661 3257 715 3312 Ena
740 3261 909 3320 absolutum,
929 3268 955 3311 ot
976 3261 1119 3315 inlinitum.

55 3342 128 3387 extra
147 3335 218 3399 qnod
237 3334 304 3384 nihil
323 3339 378 3392 eat,
398 3334 492 3384 eadem
511 3339 678 3396 argumenta,
698 3334 793 3397 quibua
812 3334 990 3385 evolutionem
1004 3335 1122 3384 Aoaolnti

55 3407 244 3470 schellingiaui
262 3406 403 3457 absurdam
428 3419 485 3456 cese
504 3406 752 3464 domonstravimus,
773 3407 912 3458 absurdam
932 3407 1013 3465 etlam
1029 3407 1121 3455 erolu-

55 3483 155 3532 ttonem
177 3481 253 3530 ideae
271 3479 443 3544 hagheliauae
472 3477 603 3549 produnt,
617 3477 725 3542 insuper
744 3481 886 3542 positiones
907 3480 981 3530 idere
1000 3475 1120 3542 lleghelii

54 3554 87 3603 ad
107 3553 261 3618 positiones,
276 3554 330 3603 sire
343 3552 377 3602 ad
391 3553 540 3601 creationes
558 3565 606 3603 roa
626 3565 670 3614 epo
681 3555 743 3616 puri
755 3549 856 3603 lichni
870 3551 1042 3609 reducuutnr;
1054 3565 1119 3614 qino·
1218 3565 1219 3574 ¹

54 3627 126 3677 eirea
150 3625 224 3684 illae,
244 3637 329 3688 aeque
348 3636 380 3674 ao
398 3623 430 3673 de
449 3625 507 3673 istis
525 3627 660 3674 ostensum
680 3638 693 3675 a
714 3624 789 3675 nobie
807 3629 858 3686 eat,
873 3623 944 3676 velut
964 3622 1118 3687 phantasiae

55 3699 229 3754 deliramenta
248 3696 385 3748 habendae
405 3701 477 3746 eunt,

1117 3786 1175 3806 1-

1088 3843 1218 3882 ‚A
