2475 3909
155 177 214 244 118
559 198 761 249 cosnoeoora

323 338 393 396 Aur.
412 340 446 394 ll.
459 371 492 382 -
505 344 542 398 De
562 348 813 412 impenetrabilitato
833 351 953 416 eorporis

151 454 204 519 59.
229 454 516 538 lmpenetrnbilitos
539 466 587 523 est
609 457 664 523 illa
686 458 884 543 proprietas,
907 480 971 544 qua
992 480 1087 525 omne
1107 481 1188 526 eor·

112 555 172 621 pus
193 545 299 601 cetera
321 558 361 602 ex
386 537 456 604 ellit
478 538 518 604 ab
541 542 613 625 ipso
636 540 722 616 loeo,
747 560 842 623 quem
864 553 1013 628 occupat.

150 619 202 684 60.
227 618 322 704 Prop.
347 559 442 686 dnae
464 642 576 706 eorpus
596 633 639 686 est
660 623 899 707 impenetrabile.

153 699 322 766 Probatur.
337 702 520 769 Substantia
536 725 691 788 corporea
705 705 832 769 ratione
846 705 1037 790 quantitatis
1051 705 1086 768 in
1101 725 1185 790 par·

111 791 171 857 tes,
187 803 326 866 quarum
348 806 412 850 unu
434 797 483 851 est
503 800 592 853 extra
616 787 725 864 aliam,
748 783 968 862 distribuitur,
984 789 1051 851 sire
1071 799 1187 852 exten-

111 863 216 936 ditur;
232 867 317 948 quod
339 867 473 952 quidem
497 869 651 955 possibile
674 889 736 933 uon
759 881 820 945 est,
837 871 899 934 nisi
914 866 1081 954 quaelibet
1103 889 1187 954 par-

111 945 194 1009 tium
216 947 317 1026 aliud,
340 970 378 1013 ae
399 959 538 1026 ceterae,
562 952 703 1038 spatium
724 962 872 1050 ooeupet,
895 962 992 1036 atque
1014 971 1032 1014 a
1054 951 1182 1036 spatio,

111 1026 198 1111 quod
212 1039 361 1115 occupat,
377 1043 500 1098 ceteras
521 1033 663 1121 expellat
677 1033 700 1096 ¹.
718 1039 817 1118 Atqui
839 1034 924 1100 sieut
944 1054 977 1098 se
991 1030 1089 1098 babet
1102 1053 1184 1116 pare

113 1111 258 1194 eorporis
281 1112 322 1178 ad
344 1125 469 1200 purtem
492 1116 567 1192 loci,
583 1137 681 1203 quem
703 1136 823 1202 eorpus
843 1129 990 1200 occupat,
1009 1116 1052 1179 ita
1073 1134 1106 1178 se
1118 1112 1180 1179 ba-

112 1190 166 1256 bet
187 1201 290 1258 totum
312 1215 369 1260 cor
393 1219 431 1262 us
452 1197 491 1263 ad
516 1209 619 1263 totum
641 1198 767 1273 loenm3
783 1217 855 1260 nam
877 1195 1048 1282 quodlibet
1061 1217 1116 1260 cor
1142 1217 1185 1262 us

112 1283 161 1337 est
184 1274 223 1339 ab
239 1278 325 1341 omni
349 1215 414 1343 alio
436 1279 587 1346 divisum.
605 1281 693 1365 Ergo
715 1277 992 1364 quemadmodum
1012 1278 1119 1375 quaeli
1170 1289 1183 1343 t

113 1374 187 1439 pars
201 1359 347 1443 corporis
362 1362 496 1445 expellit
512 1362 590 1428 alias
605 1374 714 1448 partes
734 1361 804 1425 eius
819 1382 837 1424 a
853 1373 943 1445 parte
959 1361 1055 1445 spatii
1067 1407 1077 1436 ,
1090 1359 1183 1444 quod

112 1451 274 1524 occupa13
298 1443 345 1506 ita
366 1443 534 1528 quodlibet
555 1465 672 1530 corpus
694 1442 792 1507 debet
812 1454 937 1508 certum
963 1444 1104 1527 spatium
1127 1444 1181 1506 sui

112 1522 283 1666 proprium
305 1545 478 1610 occupare,
495 1526 534 1590 ab
549 1547 653 1623 eoque
676 1526 799 1611 reliqua
820 1545 958 1608 corpora
972 1522 1137 1607 expoliem
1153 1527 1179 1586 ².

128 1602 330 1670 ronlirmatur
350 1606 428 1671 baeu
450 1610 632 1694 propositio
654 1607 694 1670 ab
715 1606 931 1690 experientia,
947 1629 988 1670 ex
1007 1626 1071 1690 qua
1093 1626 1184 1669 eom-

115 1694 244 1767 pertum
265 1695 313 1752 est
328 1688 452 1752 nullum
475 1712 533 1754 cor
556 1711 593 1754 us
616 1710 708 1775 posse
731 1689 864 1753 alterius
884 1688 990 1752 locum
1005 1707 1181 1773 occupare,

115 1765 177 1829 nisi
202 1767 243 1832 ab
264 1788 304 1832 eo
326 1768 433 1854 ipsum
454 1711 607 1858 expeblat.

153 1848 204 1913 61.
230 1850 271 1915 Ut
291 1864 399 1916 autem
423 1855 511 1920 notio
534 1851 854 1941 impenetrabilitntis
875 1849 995 1915 elarior
1016 1849 1182 1926 liat,baec

114 1927 311 1997 observanda
332 1944 422 1998 sunt:

155 2011 188 2076 1⁰
211 2014 502 2099 lmpenetrabilitas
524 2017 685 2103 explicari
708 2035 772 2079 non
795 2024 909 2100 potest,
933 2013 997 2078 nisi
1018 2011 1180 2099 quaedam

116 2093 163 2156 vis
178 2096 349 2160 resistendi
373 2099 408 2162 in
422 2120 558 2185 corpore
581 2120 652 2163 esse
672 2097 809 2162 dicatur.
826 2098 976 2181 Namque
991 2117 1092 2159 unum
1111 2115 1181 2160 oor·

114 2196 176 2322 pus
198 2177 359 2262 impedire
382 2201 443 2244 non
459 2192 579 2268 potest,
594 2180 772 2265 quominus
794 2177 884 2243 aliud
906 2197 1027 2275 eorpus
1047 2191 1183 2263 oooupet

127 2279 224 2322 ocum
246 2262 277 2324 ei
294 2265 478 2346 proprium,
494 2265 556 2328 nisi
577 2263 757 2349 quidquam
771 2271 857 2346 agat.
874 2263 974 2345 Atqui
997 2258 1076 2323 baec
1097 2261 1182 2325 aetio

115 2339 158 2405 ali
184 2361 259 2405 uam
282 2342 348 2406 vim
369 2345 484 2430 agendi
515 2346 576 2432 ipsi
599 2355 844 2410 consentaneam
870 2343 904 2406 in
925 2360 1060 2425 corpore
1083 2363 1185 2428 expo-

116 2361 223 2488 stubat.
240 2425 328 2508 Ergo
349 2426 547 2492 admittenda
569 2428 664 2492 estin
679 2445 815 2510 corpore
837 2423 947 2508 aliqua
968 2425 1018 2488 ris
1032 2424 1182 2489 resisten-

116 2503 163 2581 di,
188 2507 283 2570 cuius
344 2510 408 2573 ntia
432 2511 539 2594 ipsum
560 2519 607 2574 est
629 2505 888 2594 impenetrabile.
1125 2588 1132 2601 .

158 2585 194 2650 2⁰
216 2589 303 2653 Exin
328 2611 345 2654 e
367 2590 449 2658 illud
472 2593 678 2678 intelligitur,
701 2588 787 2676 quod
808 2590 868 2654 eui
893 2585 1181 2684 impenetrabilium

117 2689 135 2731 a
158 2672 294 2734 materia
317 2684 485 2758 emergat,
509 2676 586 2761 quia
608 2675 759 2738 convenit
780 2690 910 2757 corpori
934 2679 1060 2734 rotrone
1082 2691 1185 2766 quan-

119 2750 229 2827 titatis,
247 2763 353 2818 tamen
377 2754 514 2820 sormam
537 2755 663 2842 aliquid
686 2753 836 2820 conferre
857 2753 896 2817 ad
920 2753 1024 2837 ipsam
1046 2752 1184 2818 efficien-

117 2829 216 2927 dum,
241 2836 318 2917 quia
343 2838 390 2900 vis
411 2839 582 2903 resistendi
607 2839 756 2902 nonnisi
779 2859 797 2902 a
820 2835 984 2921 principio
1005 2835 1112 2900 activo
1134 2858 1187 2900 re·

140 2923 183 2977 eti
252 2925 323 2981 test.

118 2933 138 2998 p
157 2994 192 3062 3⁰
245 2998 272 3060 is
294 2997 486 3078 resistendi,
509 3024 573 3087 qua
596 3021 732 3086 corpora
754 3001 894 3085 pollent,
917 3000 1055 3084 spectari
1079 3010 1185 3085 potest

119 3098 181 3142 non
204 3078 308 3143 solum
331 3091 429 3164 prout
461 3084 557 3154 habet
577 3083 726 3149 ordinem
754 3082 794 3147 ad
817 3083 950 3158 locum,
972 3079 1185 3165 quemadmo-

119 3157 197 3224 dum
220 3162 373 3227 hactenus
406 3167 606 3234 considerata
628 3188 645 3231 a
669 3165 763 3230 nobis
784 3175 858 3242 est,
880 3162 934 3228 sed
957 3165 1052 3229 etiam
1085 3175 1187 3250 prout

119 3241 212 3309 habet
235 3244 383 3310 ordinem
406 3247 446 3313 ad
469 3248 575 3346 ipsum
595 3270 653 3314 eor
676 3270 726 3326 us,
743 3251 778 3313 in
797 3269 862 3333 quo
883 3256 942 3313 est.
958 3247 1116 3331 Namque,
1141 3247 1186 3312 si·

119 3337 173 3391 cut
196 3329 277 3412 ipsa,
303 3338 399 3413 prout
420 3329 566 3396 ordinem
589 3331 631 3396 ad
653 3269 758 3396 locum
780 3329 888 3409 habet,
910 3330 1034 3407 efficit,
1056 3337 1092 3394 ut
1112 3349 1186 3394 eor·

121 3426 182 3490 pus
205 3429 223 3470 a
246 3409 329 3485 loeo,
352 3430 449 3495 quem
472 3428 629 3501 occupat,
652 3412 780 3500 reliqua
800 3434 937 3499 corpora
957 3411 1114 3499 expellat,
1139 3413 1186 3478 ita

160 3599 169 3634 ¹
190 3595 225 3650 Cl
241 3618 262 3653 s.
283 3605 364 3670 elram,
386 3611 473 3660 Contr,
496 3613 542 3674 Ep.
563 3613 650 3663 Mon..
671 3628 696 3662 o.
721 3614 764 3672 lb,
784 3629 811 3665 u.
832 3612 879 3665 20.

157 3667 261 3728 ³11⁸.
281 3673 388 3740 Tuom..
408 3682 527 3747 Quodltb.
549 3680 569 3742 l,
591 3696 616 3735 a.
637 3684 669 3736 21
692 3699 719 3736 o.

42 3793 89 3806 .—

10 3863 126 3882 l.--u
