<?xml version="1.0" encoding="UTF-8"?>
<!DOCTYPE html PUBLIC "-//W3C//DTD XHTML 1.0 Transitional//EN"
    "http://www.w3.org/TR/xhtml1/DTD/xhtml1-transitional.dtd">
<html xmlns="http://www.w3.org/1999/xhtml" xml:lang="en" lang="en">
 <head>
  <title>
</title>
<meta http-equiv="Content-Type" content="text/html;charset=utf-8" />
  <meta name='ocr-system' content='tesseract 3.04.00' />
  <meta name='ocr-capabilities' content='ocr_page ocr_carea ocr_par ocr_line ocrx_word'/>
</head>
<body>
  <div class='ocr_page' id='page_1' title='image "./philosophiachri00sansgoog_0677.png"; bbox 0 0 2475 3909; ppageno 0'>
   <div class='ocr_carea' id='block_1_1' title="bbox 402 133 1096 200">
    <p class='ocr_par' dir='ltr' id='par_1_1' title="bbox 402 133 1096 200">
     <span class='ocr_line' id='line_1_1' title="bbox 402 133 1096 200; baseline 0.013 -11"><span class='ocrx_word' id='word_1_1' title='bbox 402 143 587 190; x_wconf 74' lang='lat' dir='ltr'><strong>mentonis</strong></span> <span class='ocrx_word' id='word_1_2' title='bbox 616 151 810 198; x_wconf 70' lang='lat' dir='ltr'><strong>curvantis</strong></span> <span class='ocrx_word' id='word_1_3' title='bbox 1039 133 1096 200; x_wconf 86' lang='lat'><strong>381</strong></span> 
     </span>
    </p>
   </div>
   <div class='ocr_carea' id='block_1_2' title="bbox 61 224 1237 1715">
    <p class='ocr_par' dir='ltr' id='par_1_2' title="bbox 61 224 1237 1715">
     <span class='ocr_line' id='line_1_2' title="bbox 61 224 1143 317; baseline 0.009 -27"><span class='ocrx_word' id='word_1_4' title='bbox 61 227 183 292; x_wconf 71' lang='lat' dir='ltr'><strong>vinam</strong></span> <span class='ocrx_word' id='word_1_5' title='bbox 204 224 445 292; x_wconf 86' lang='lat' dir='ltr'><strong>Providentiam</strong></span> <span class='ocrx_word' id='word_1_6' title='bbox 468 240 632 296; x_wconf 84' lang='lat' dir='ltr'><strong>coarctant</strong></span> <span class='ocrx_word' id='word_1_7' title='bbox 647 231 670 306; x_wconf 82' lang='lat'><strong>¹,</strong></span> <span class='ocrx_word' id='word_1_8' title='bbox 685 231 755 308; x_wconf 82' lang='lat' dir='ltr'><strong>alii,</strong></span> <span class='ocrx_word' id='word_1_9' title='bbox 771 252 886 317; x_wconf 86' lang='lat' dir='ltr'><strong>nempe</strong></span> <span class='ocrx_word' id='word_1_10' title='bbox 910 229 1039 298; x_wconf 87' lang='lat' dir='ltr'><strong>Deislae</strong></span> <span class='ocrx_word' id='word_1_11' title='bbox 1053 235 1079 308; x_wconf 82' lang='lat'><strong>²,</strong></span> <span class='ocrx_word' id='word_1_12' title='bbox 1094 245 1143 300; x_wconf 85' lang='lat' dir='ltr'><strong>ut-</strong></span> 
     </span>
     <span class='ocr_line' id='line_1_3' title="bbox 88 309 1140 387; baseline 0.005 -13"><span class='ocrx_word' id='word_1_13' title='bbox 88 332 136 376; x_wconf 89' lang='lat' dir='ltr'><strong>ue</strong></span> <span class='ocrx_word' id='word_1_14' title='bbox 159 330 272 374; x_wconf 90' lang='lat' dir='ltr'><strong>omnes</strong></span> <span class='ocrx_word' id='word_1_15' title='bbox 291 309 491 374; x_wconf 86' lang='lat' dir='ltr'><strong>Pantheistue</strong></span> <span class='ocrx_word' id='word_1_16' title='bbox 507 311 539 387; x_wconf 80' lang='lat'><strong>⁸,</strong></span> <span class='ocrx_word' id='word_1_17' title='bbox 563 322 596 376; x_wconf 91' lang='lat' dir='ltr'><strong>et</strong></span> <span class='ocrx_word' id='word_1_18' title='bbox 623 313 880 379; x_wconf 77' lang='lat' dir='ltr'><strong>Materialistee⁶</strong></span> <span class='ocrx_word' id='word_1_19' title='bbox 899 314 1140 380; x_wconf 88' lang='lat' dir='ltr'><strong>Providentiam</strong></span> 
     </span>
     <span class='ocr_line' id='line_1_4' title="bbox 103 392 576 476; baseline -0.002 -19"><span class='ocrx_word' id='word_1_20' title='bbox 103 393 227 457; x_wconf 81' lang='lat' dir='ltr'><strong>irinum</strong></span> <span class='ocrx_word' id='word_1_21' title='bbox 250 392 383 456; x_wconf 90' lang='lat' dir='ltr'><strong>omnino</strong></span> <span class='ocrx_word' id='word_1_22' title='bbox 405 404 576 476; x_wconf 81' lang='lat' dir='ltr'><strong>negarunt.</strong></span> 
     </span>
     <span class='ocr_line' id='line_1_5' title="bbox 114 473 1143 562; baseline 0.001 -22"><span class='ocrx_word' id='word_1_23' title='bbox 114 473 186 540; x_wconf 80' lang='lat'><strong>180.</strong></span> <span class='ocrx_word' id='word_1_24' title='bbox 211 476 307 560; x_wconf 85' lang='lat' dir='ltr'><strong>Prop.</strong></span> <span class='ocrx_word' id='word_1_25' title='bbox 325 474 370 538; x_wconf 72' lang='lat'><strong>1².</strong></span> <span class='ocrx_word' id='word_1_26' title='bbox 387 474 514 538; x_wconf 79' lang='lat' dir='ltr'><strong><em>Necesse</em></strong></span> <span class='ocrx_word' id='word_1_27' title='bbox 536 488 580 539; x_wconf 87' lang='lat' dir='ltr'><strong>est</strong></span> <span class='ocrx_word' id='word_1_28' title='bbox 602 477 761 541; x_wconf 75' lang='lat' dir='ltr'><em>admittere</em></span> <span class='ocrx_word' id='word_1_29' title='bbox 787 478 1032 552; x_wconf 82' lang='lat' dir='ltr'><strong>Prouidentiam,</strong></span> <span class='ocrx_word' id='word_1_30' title='bbox 1044 490 1143 562; x_wconf 86' lang='lat' dir='ltr'><strong>prout</strong></span> 
     </span>
     <span class='ocr_line' id='line_1_6' title="bbox 68 557 990 642; baseline 0.001 -20"><span class='ocrx_word' id='word_1_31' title='bbox 68 557 228 640; x_wconf 79' lang='lat' dir='ltr'><strong>sipnificot</strong></span> <span class='ocrx_word' id='word_1_32' title='bbox 250 560 351 642; x_wconf 79' lang='lat' dir='ltr'><strong>ipsum</strong></span> <span class='ocrx_word' id='word_1_33' title='bbox 372 560 526 622; x_wconf 75' lang='lat' dir='ltr'><strong>notionem</strong></span> <span class='ocrx_word' id='word_1_34' title='bbox 547 559 666 623; x_wconf 77' lang='lat' dir='ltr'><strong><em>ordinis</em></strong></span> <span class='ocrx_word' id='word_1_35' title='bbox 688 561 722 622; x_wconf 83' lang='lat' dir='ltr'><strong>in</strong></span> <span class='ocrx_word' id='word_1_36' title='bbox 743 574 839 623; x_wconf 85' lang='lat' dir='ltr'><strong>mente</strong></span> <span class='ocrx_word' id='word_1_37' title='bbox 864 561 990 624; x_wconf 80' lang='lat' dir='ltr'><strong>Divina.</strong></span> 
     </span>
     <span class='ocr_line' id='line_1_7' title="bbox 116 638 1143 725; baseline 0.002 -21"><span class='ocrx_word' id='word_1_38' title='bbox 116 639 282 705; x_wconf 73' lang='lat' dir='ltr'><strong><em>Probatur.</em></strong></span> <span class='ocrx_word' id='word_1_39' title='bbox 306 642 410 706; x_wconf 90' lang='lat' dir='ltr'><strong>Omne</strong></span> <span class='ocrx_word' id='word_1_40' title='bbox 433 638 571 719; x_wconf 84' lang='lat' dir='ltr'><strong>bonum,</strong></span> <span class='ocrx_word' id='word_1_41' title='bbox 593 640 678 725; x_wconf 90' lang='lat' dir='ltr'><strong>quod</strong></span> <span class='ocrx_word' id='word_1_42' title='bbox 703 642 897 708; x_wconf 65' lang='lat' dir='ltr'>naturaliter</span> <span class='ocrx_word' id='word_1_43' title='bbox 919 644 949 706; x_wconf 91' lang='lat' dir='ltr'><strong>in</strong></span> <span class='ocrx_word' id='word_1_44' title='bbox 974 640 1070 706; x_wconf 89' lang='lat' dir='ltr'><strong>rebus</strong></span> <span class='ocrx_word' id='word_1_45' title='bbox 1094 645 1143 706; x_wconf 91' lang='lat' dir='ltr'><strong>in-</strong></span> 
     </span>
     <span class='ocr_line' id='line_1_8' title="bbox 66 722 1144 811; baseline 0.006 -27"><span class='ocrx_word' id='word_1_46' title='bbox 66 725 228 798; x_wconf 79' lang='lat' dir='ltr'><strong>venitur,</strong></span> <span class='ocrx_word' id='word_1_47' title='bbox 250 743 268 786; x_wconf 85' lang='lat' dir='ltr'><strong>a</strong></span> <span class='ocrx_word' id='word_1_48' title='bbox 292 722 359 786; x_wconf 87' lang='lat' dir='ltr'><strong>Deo</strong></span> <span class='ocrx_word' id='word_1_49' title='bbox 386 733 530 787; x_wconf 82' lang='lat' dir='ltr'><strong>creatum</strong></span> <span class='ocrx_word' id='word_1_50' title='bbox 558 726 599 789; x_wconf 89' lang='lat' dir='ltr'><strong>sit</strong></span> <span class='ocrx_word' id='word_1_51' title='bbox 627 735 776 808; x_wconf 82' lang='lat' dir='ltr'><strong>oportet.</strong></span> <span class='ocrx_word' id='word_1_52' title='bbox 799 725 959 811; x_wconf 88' lang='lat' dir='ltr'><strong>siquidem</strong></span> <span class='ocrx_word' id='word_1_53' title='bbox 987 725 1073 788; x_wconf 88' lang='lat' dir='ltr'><strong>Deus</strong></span> <span class='ocrx_word' id='word_1_54' title='bbox 1095 739 1144 790; x_wconf 82' lang='lat' dir='ltr'><strong>est</strong></span> 
     </span>
     <span class='ocr_line' id='line_1_9' title="bbox 67 806 1145 891; baseline 0.001 -23"><span class='ocrx_word' id='word_1_55' title='bbox 67 825 171 868; x_wconf 85' lang='lat' dir='ltr'><strong>causa</strong></span> <span class='ocrx_word' id='word_1_56' title='bbox 217 807 299 868; x_wconf 87' lang='lat' dir='ltr'><strong>rima</strong></span> <span class='ocrx_word' id='word_1_57' title='bbox 328 806 613 871; x_wconf 86' lang='lat' dir='ltr'><strong>universalissima.</strong></span> <span class='ocrx_word' id='word_1_58' title='bbox 639 810 736 891; x_wconf 81' lang='lat' dir='ltr'><strong>Atqui</strong></span> <span class='ocrx_word' id='word_1_59' title='bbox 760 832 776 869; x_wconf 83' lang='lat' dir='ltr'><strong>u</strong></span> <span class='ocrx_word' id='word_1_60' title='bbox 801 811 833 871; x_wconf 92' lang='lat' dir='ltr'><strong>in</strong></span> <span class='ocrx_word' id='word_1_61' title='bbox 858 809 955 873; x_wconf 90' lang='lat' dir='ltr'><strong>rebus</strong></span> <span class='ocrx_word' id='word_1_62' title='bbox 980 808 1145 872; x_wconf 85' lang='lat' dir='ltr'><strong>invenitur</strong></span> 
     </span>
     <span class='ocr_line' id='line_1_10' title="bbox 67 825 1145 972; baseline 0.003 -22"><span class='ocrx_word' id='word_1_63' title='bbox 67 906 140 950; x_wconf 88' lang='lat' dir='ltr'><strong>non</strong></span> <span class='ocrx_word' id='word_1_64' title='bbox 162 825 266 952; x_wconf 72' lang='lat' dir='ltr'><strong>soium</strong></span> <span class='ocrx_word' id='word_1_65' title='bbox 290 888 421 963; x_wconf 91' lang='lat' dir='ltr'><strong>bonum,</strong></span> <span class='ocrx_word' id='word_1_66' title='bbox 437 898 593 972; x_wconf 79' lang='lat' dir='ltr'><strong>qiranlum</strong></span> <span class='ocrx_word' id='word_1_67' title='bbox 609 887 649 953; x_wconf 85' lang='lat' dir='ltr'><strong>ad</strong></span> <span class='ocrx_word' id='word_1_68' title='bbox 671 889 883 955; x_wconf 73' lang='lat' dir='ltr'><strong>substantiam</strong></span> <span class='ocrx_word' id='word_1_69' title='bbox 905 910 1027 966; x_wconf 87' lang='lat' dir='ltr'><strong>rerum,</strong></span> <span class='ocrx_word' id='word_1_70' title='bbox 1042 888 1096 953; x_wconf 88' lang='lat' dir='ltr'><strong>scd</strong></span> <span class='ocrx_word' id='word_1_71' title='bbox 1111 910 1145 953; x_wconf 89' lang='lat' dir='ltr'><strong>e·</strong></span> 
     </span>
     <span class='ocr_line' id='line_1_11' title="bbox 68 969 1237 1068; baseline 0.003 -36"><span class='ocrx_word' id='word_1_72' title='bbox 68 969 155 1032; x_wconf 84' lang='lat' dir='ltr'><strong>tium</strong></span> <span class='ocrx_word' id='word_1_73' title='bbox 177 982 335 1054; x_wconf 87' lang='lat' dir='ltr'><strong>quantum</strong></span> <span class='ocrx_word' id='word_1_74' title='bbox 357 969 398 1035; x_wconf 84' lang='lat' dir='ltr'><strong>ed</strong></span> <span class='ocrx_word' id='word_1_75' title='bbox 420 972 568 1036; x_wconf 83' lang='lat' dir='ltr'><strong>ordinem</strong></span> <span class='ocrx_word' id='word_1_76' title='bbox 589 992 703 1036; x_wconf 87' lang='lat' dir='ltr'><strong>earum</strong></span> <span class='ocrx_word' id='word_1_77' title='bbox 727 973 759 1037; x_wconf 93' lang='lat' dir='ltr'><strong>in</strong></span> <span class='ocrx_word' id='word_1_78' title='bbox 781 972 894 1049; x_wconf 86' lang='lat' dir='ltr'><strong>finem,</strong></span> <span class='ocrx_word' id='word_1_79' title='bbox 916 984 948 1038; x_wconf 87' lang='lat' dir='ltr'><strong>et</strong></span> <span class='ocrx_word' id='word_1_80' title='bbox 994 973 1144 1068; x_wconf 84' lang='lat' dir='ltr'><strong>raecipue</strong></span> <span class='ocrx_word' id='word_1_81' title='bbox 1236 1041 1237 1044; x_wconf 8' lang='grc' dir='ltr'><strong>Ἴ</strong></span> 
     </span>
     <span class='ocr_line' id='line_1_12' title="bbox 67 1050 1146 1140; baseline 0.003 -26"><span class='ocrx_word' id='word_1_82' title='bbox 67 1052 108 1114; x_wconf 81' lang='lat' dir='ltr'><strong>in</strong></span> <span class='ocrx_word' id='word_1_83' title='bbox 130 1050 220 1133; x_wconf 49' lang='lat' dir='ltr'><strong>mem</strong></span> <span class='ocrx_word' id='word_1_84' title='bbox 246 1052 425 1127; x_wconf 86' lang='lat' dir='ltr'><strong>ultimum,</strong></span> <span class='ocrx_word' id='word_1_85' title='bbox 451 1056 506 1137; x_wconf 82' lang='lat' dir='ltr'><strong>qui</strong></span> <span class='ocrx_word' id='word_1_86' title='bbox 522 1065 576 1117; x_wconf 83' lang='lat' dir='ltr'><strong>est</strong></span> <span class='ocrx_word' id='word_1_87' title='bbox 599 1054 729 1118; x_wconf 79' lang='lat' dir='ltr'><strong>Bonitas</strong></span> <span class='ocrx_word' id='word_1_88' title='bbox 756 1055 872 1120; x_wconf 86' lang='lat' dir='ltr'><strong>Divina</strong></span> <span class='ocrx_word' id='word_1_89' title='bbox 899 1077 927 1118; x_wconf 84' lang='lat' dir='ltr'><strong>o.</strong></span> <span class='ocrx_word' id='word_1_90' title='bbox 983 1075 1022 1118; x_wconf 91' lang='lat' dir='ltr'><strong>oc</strong></span> <span class='ocrx_word' id='word_1_91' title='bbox 1044 1056 1146 1140; x_wconf 80' lang='lat' dir='ltr'><strong>igitur</strong></span> 
     </span>
     <span class='ocr_line' id='line_1_13' title="bbox 70 1131 1144 1204; baseline 0.004 -9"><span class='ocrx_word' id='word_1_92' title='bbox 70 1131 199 1198; x_wconf 90' lang='lat' dir='ltr'><strong>bonum</strong></span> <span class='ocrx_word' id='word_1_93' title='bbox 218 1135 343 1200; x_wconf 85' lang='lat' dir='ltr'><strong>ordinis</strong></span> <span class='ocrx_word' id='word_1_94' title='bbox 358 1137 391 1200; x_wconf 93' lang='lat' dir='ltr'><strong>in</strong></span> <span class='ocrx_word' id='word_1_95' title='bbox 406 1137 503 1201; x_wconf 85' lang='lat' dir='ltr'><strong>rebus</strong></span> <span class='ocrx_word' id='word_1_96' title='bbox 517 1137 635 1200; x_wconf 84' lang='lat' dir='ltr'><strong>creetis</strong></span> <span class='ocrx_word' id='word_1_97' title='bbox 650 1139 790 1203; x_wconf 80' lang='lat' dir='ltr'><strong>existens</strong></span> <span class='ocrx_word' id='word_1_98' title='bbox 805 1160 822 1204; x_wconf 93' lang='lat' dir='ltr'><strong>a</strong></span> <span class='ocrx_word' id='word_1_99' title='bbox 838 1137 905 1201; x_wconf 89' lang='lat' dir='ltr'><strong>Deo</strong></span> <span class='ocrx_word' id='word_1_100' title='bbox 926 1149 1071 1202; x_wconf 84' lang='lat' dir='ltr'><strong>ereetum</strong></span> <span class='ocrx_word' id='word_1_101' title='bbox 1085 1145 1144 1200; x_wconf 89' lang='lat' dir='ltr'><strong>est.</strong></span> 
     </span>
     <span class='ocr_line' id='line_1_14' title="bbox 72 1215 1142 1303; baseline 0.003 -25"><span class='ocrx_word' id='word_1_102' title='bbox 72 1217 178 1300; x_wconf 79' lang='lat' dir='ltr'><strong>Atqui</strong></span> <span class='ocrx_word' id='word_1_103' title='bbox 200 1215 288 1282; x_wconf 89' lang='lat' dir='ltr'><strong>Deus</strong></span> <span class='ocrx_word' id='word_1_104' title='bbox 315 1228 365 1283; x_wconf 86' lang='lat' dir='ltr'><strong>est</strong></span> <span class='ocrx_word' id='word_1_105' title='bbox 391 1239 487 1284; x_wconf 82' lang='lat' dir='ltr'><strong>causa</strong></span> <span class='ocrx_word' id='word_1_106' title='bbox 511 1239 622 1282; x_wconf 88' lang='lat' dir='ltr'><strong>rernm</strong></span> <span class='ocrx_word' id='word_1_107' title='bbox 650 1240 709 1303; x_wconf 89' lang='lat' dir='ltr'><strong>per</strong></span> <span class='ocrx_word' id='word_1_108' title='bbox 736 1241 831 1285; x_wconf 92' lang='lat' dir='ltr'><strong>suum</strong></span> <span class='ocrx_word' id='word_1_109' title='bbox 858 1219 1079 1292; x_wconf 89' lang='lat' dir='ltr'><strong>intellectum,</strong></span> <span class='ocrx_word' id='word_1_110' title='bbox 1106 1239 1142 1282; x_wconf 83' lang='lat' dir='ltr'><strong>ac</strong></span> 
     </span>
     <span class='ocr_line' id='line_1_15' title="bbox 72 1298 1144 1388; baseline 0.004 -28"><span class='ocrx_word' id='word_1_111' title='bbox 72 1298 215 1382; x_wconf 89' lang='lat' dir='ltr'><strong>proinde</strong></span> <span class='ocrx_word' id='word_1_112' title='bbox 237 1309 366 1385; x_wconf 90' lang='lat' dir='ltr'><strong>oportet</strong></span> <span class='ocrx_word' id='word_1_113' title='bbox 385 1301 421 1364; x_wconf 90' lang='lat' dir='ltr'><strong>in</strong></span> <span class='ocrx_word' id='word_1_114' title='bbox 443 1302 517 1388; x_wconf 86' lang='lat' dir='ltr'><strong>ipso</strong></span> <span class='ocrx_word' id='word_1_115' title='bbox 542 1301 703 1366; x_wconf 86' lang='lat' dir='ltr'><strong>rationem</strong></span> <span class='ocrx_word' id='word_1_116' title='bbox 729 1300 906 1367; x_wconf 89' lang='lat' dir='ltr'><strong>cuiuslibet</strong></span> <span class='ocrx_word' id='word_1_117' title='bbox 931 1305 983 1366; x_wconf 91' lang='lat' dir='ltr'><strong>sni</strong></span> <span class='ocrx_word' id='word_1_118' title='bbox 1010 1301 1144 1366; x_wconf 79' lang='lat' dir='ltr'><strong>effectus</strong></span> 
     </span>
     <span class='ocr_line' id='line_1_16' title="bbox 73 1383 1145 1524; baseline 0.004 -82"><span class='ocrx_word' id='word_1_119' title='bbox 73 1384 309 1524; x_wconf 75' lang='lat' dir='ltr'><strong>praeexistere.</strong></span> <span class='ocrx_word' id='word_1_120' title='bbox 332 1384 378 1447; x_wconf 86' lang='lat' dir='ltr'><strong>Er</strong></span> <span class='ocrx_word' id='word_1_121' title='bbox 400 1405 420 1448; x_wconf 90' lang='lat' dir='ltr'><strong>o</strong></span> <span class='ocrx_word' id='word_1_122' title='bbox 442 1403 569 1448; x_wconf 88' lang='lat' dir='ltr'><strong>necesse</strong></span> <span class='ocrx_word' id='word_1_123' title='bbox 590 1393 649 1458; x_wconf 90' lang='lat' dir='ltr'><strong>est,</strong></span> <span class='ocrx_word' id='word_1_124' title='bbox 672 1393 710 1448; x_wconf 92' lang='lat' dir='ltr'><strong>ut</strong></span> <span class='ocrx_word' id='word_1_125' title='bbox 730 1386 814 1450; x_wconf 88' lang='lat' dir='ltr'><strong>ratio</strong></span> <span class='ocrx_word' id='word_1_126' title='bbox 835 1383 962 1449; x_wconf 87' lang='lat' dir='ltr'><strong>ordinis</strong></span> <span class='ocrx_word' id='word_1_127' title='bbox 983 1405 1093 1448; x_wconf 86' lang='lat' dir='ltr'><strong>rerum</strong></span> <span class='ocrx_word' id='word_1_128' title='bbox 1112 1384 1145 1448; x_wconf 90' lang='lat' dir='ltr'><strong>in</strong></span> 
     </span>
     <span class='ocr_line' id='line_1_17' title="bbox 101 1465 755 1551; baseline 0.009 -27"><span class='ocrx_word' id='word_1_129' title='bbox 101 1482 175 1526; x_wconf 90' lang='lat' dir='ltr'><strong>nem</strong></span> <span class='ocrx_word' id='word_1_130' title='bbox 198 1465 231 1527; x_wconf 92' lang='lat' dir='ltr'><strong>in</strong></span> <span class='ocrx_word' id='word_1_131' title='bbox 252 1465 361 1529; x_wconf 87' lang='lat' dir='ltr'><strong>Mente</strong></span> <span class='ocrx_word' id='word_1_132' title='bbox 413 1467 499 1530; x_wconf 80' lang='lat' dir='ltr'><strong>irina</strong></span> <span class='ocrx_word' id='word_1_133' title='bbox 520 1466 719 1551; x_wconf 79' lang='lat' dir='ltr'><strong>praeexistat</strong></span> <span class='ocrx_word' id='word_1_134' title='bbox 732 1469 755 1530; x_wconf 77' lang='lat'><strong>⁵.</strong></span> 
     </span>
     <span class='ocr_line' id='line_1_18' title="bbox 120 1544 1146 1633; baseline 0.001 -26"><span class='ocrx_word' id='word_1_135' title='bbox 120 1544 189 1611; x_wconf 83' lang='lat'><strong>181.</strong></span> <span class='ocrx_word' id='word_1_136' title='bbox 212 1547 309 1632; x_wconf 88' lang='lat' dir='ltr'><strong>Prop.</strong></span> <span class='ocrx_word' id='word_1_137' title='bbox 331 1546 380 1610; x_wconf 73' lang='lat'><strong>2¹.</strong></span> <span class='ocrx_word' id='word_1_138' title='bbox 396 1548 594 1612; x_wconf 79' lang='lat' dir='ltr'><strong>Admittendu</strong></span> <span class='ocrx_word' id='word_1_139' title='bbox 613 1560 657 1611; x_wconf 82' lang='lat' dir='ltr'><strong>est</strong></span> <span class='ocrx_word' id='word_1_140' title='bbox 681 1549 800 1612; x_wconf 83' lang='lat' dir='ltr'><strong>Divino</strong></span> <span class='ocrx_word' id='word_1_141' title='bbox 824 1548 1036 1622; x_wconf 79' lang='lat' dir='ltr'><strong>Prouidentia,</strong></span> <span class='ocrx_word' id='word_1_142' title='bbox 1051 1558 1146 1633; x_wconf 75' lang='lat' dir='ltr'><strong>procu</strong></span> 
     </span>
     <span class='ocr_line' id='line_1_19' title="bbox 74 1626 729 1715; baseline 0.006 -27"><span class='ocrx_word' id='word_1_143' title='bbox 74 1626 149 1689; x_wconf 84' lang='lat' dir='ltr'><strong>boec</strong></span> <span class='ocrx_word' id='word_1_144' title='bbox 170 1649 277 1692; x_wconf 83' lang='lat' dir='ltr'><strong>rerum</strong></span> <span class='ocrx_word' id='word_1_145' title='bbox 297 1629 543 1711; x_wconf 76' lang='lat' dir='ltr'><strong>pubernctionem</strong></span> <span class='ocrx_word' id='word_1_146' title='bbox 565 1630 729 1715; x_wconf 78' lang='lat' dir='ltr'><strong>eipuifirut.</strong></span> 
     </span>
    </p>
   </div>
   <div class='ocr_carea' id='block_1_3' title="bbox 123 1709 1149 1798">
    <p class='ocr_par' dir='ltr' id='par_1_3' title="bbox 123 1709 1149 1798">
     <span class='ocr_line' id='line_1_20' title="bbox 123 1709 1149 1798; baseline 0.002 -26"><span class='ocrx_word' id='word_1_147' title='bbox 123 1709 289 1774; x_wconf 79' lang='lat' dir='ltr'><strong>Probatur.</strong></span> <span class='ocrx_word' id='word_1_148' title='bbox 312 1735 329 1771; x_wconf 72' lang='grc' dir='ltr'><strong>ι(</strong></span> <span class='ocrx_word' id='word_1_149' title='bbox 352 1713 558 1798; x_wconf 85' lang='lat' dir='ltr'><strong>Quicumque</strong></span> <span class='ocrx_word' id='word_1_150' title='bbox 573 1712 651 1776; x_wconf 85' lang='lat' dir='ltr'><strong>lacit</strong></span> <span class='ocrx_word' id='word_1_151' title='bbox 665 1712 786 1798; x_wconf 82' lang='lat' dir='ltr'><strong>aliquid</strong></span> <span class='ocrx_word' id='word_1_152' title='bbox 811 1733 868 1796; x_wconf 91' lang='lat' dir='ltr'><strong>pro</strong></span> <span class='ocrx_word' id='word_1_153' title='bbox 893 1722 943 1777; x_wconf 93' lang='lat' dir='ltr'><strong>ter</strong></span> <span class='ocrx_word' id='word_1_154' title='bbox 961 1712 1068 1788; x_wconf 86' lang='lat' dir='ltr'><strong>finem,</strong></span> <span class='ocrx_word' id='word_1_155' title='bbox 1085 1711 1149 1774; x_wconf 87' lang='lat' dir='ltr'><strong>uli-</strong></span> 
     </span>
    </p>
   </div>
   <div class='ocr_carea' id='block_1_4' title="bbox 75 1733 1148 1973">
    <p class='ocr_par' dir='ltr' id='par_1_4' title="bbox 75 1733 1148 1973">
     <span class='ocr_line' id='line_1_21' title="bbox 75 1733 1148 1878; baseline 0.002 -24"><span class='ocrx_word' id='word_1_156' title='bbox 75 1803 132 1855; x_wconf 88' lang='lat' dir='ltr'><strong>tur</strong></span> <span class='ocrx_word' id='word_1_157' title='bbox 154 1792 211 1857; x_wconf 90' lang='lat' dir='ltr'><strong>illo</strong></span> <span class='ocrx_word' id='word_1_158' title='bbox 233 1792 272 1856; x_wconf 87' lang='lat' dir='ltr'><strong>ad</strong></span> <span class='ocrx_word' id='word_1_159' title='bbox 294 1791 403 1859; x_wconf 85' lang='lat' dir='ltr'><strong>finem.</strong></span> <span class='ocrx_word' id='word_1_160' title='bbox 418 1795 653 1860; x_wconf 86' lang='lat' dir='ltr'><strong>Ostensumest</strong></span> <span class='ocrx_word' id='word_1_161' title='bbox 673 1808 781 1862; x_wconf 84' lang='lat' dir='ltr'><strong>eutem</strong></span> <span class='ocrx_word' id='word_1_162' title='bbox 803 1733 891 1877; x_wconf 69' lang='lat' dir='ltr'><strong>quob</strong></span> <span class='ocrx_word' id='word_1_163' title='bbox 913 1796 1037 1870; x_wconf 87' lang='lat' dir='ltr'><strong>omnia,</strong></span> <span class='ocrx_word' id='word_1_164' title='bbox 1065 1813 1148 1878; x_wconf 83' lang='lat' dir='ltr'><strong>quae</strong></span> 
     </span>
     <span class='ocr_line' id='line_1_22' title="bbox 76 1871 1148 1973; baseline 0.002 -37"><span class='ocrx_word' id='word_1_165' title='bbox 76 1871 197 1939; x_wconf 86' lang='lat' dir='ltr'><strong>habent</strong></span> <span class='ocrx_word' id='word_1_166' title='bbox 216 1895 286 1940; x_wconf 88' lang='lat' dir='ltr'><strong>esse</strong></span> <span class='ocrx_word' id='word_1_167' title='bbox 307 1897 514 1961; x_wconf 84' lang='lat' dir='ltr'><strong>quocumque</strong></span> <span class='ocrx_word' id='word_1_168' title='bbox 535 1875 648 1952; x_wconf 87' lang='lat' dir='ltr'><strong>modo,</strong></span> <span class='ocrx_word' id='word_1_169' title='bbox 672 1888 746 1943; x_wconf 89' lang='lat' dir='ltr'><strong>sunt</strong></span> <span class='ocrx_word' id='word_1_170' title='bbox 765 1876 897 1941; x_wconf 80' lang='lat' dir='ltr'><strong>effectus</strong></span> <span class='ocrx_word' id='word_1_171' title='bbox 922 1875 994 1952; x_wconf 90' lang='lat' dir='ltr'><strong>Dei;</strong></span> <span class='ocrx_word' id='word_1_172' title='bbox 1015 1874 1148 1973; x_wconf 68' lang='lat' dir='ltr'><strong>etpuod</strong></span> 
     </span>
    </p>
   </div>
   <div class='ocr_carea' id='block_1_5' title="bbox 76 1954 1151 2136">
    <p class='ocr_par' dir='ltr' id='par_1_5' title="bbox 76 1954 1151 2136">
     <span class='ocr_line' id='line_1_23' title="bbox 77 1954 1149 2044; baseline 0.001 -25"><span class='ocrx_word' id='word_1_173' title='bbox 77 1954 169 2020; x_wconf 86' lang='lat' dir='ltr'><strong>Deus</strong></span> <span class='ocrx_word' id='word_1_174' title='bbox 190 1957 296 2022; x_wconf 88' lang='lat' dir='ltr'><strong>omnia</strong></span> <span class='ocrx_word' id='word_1_175' title='bbox 321 1957 399 2024; x_wconf 87' lang='lat' dir='ltr'><strong>lucil</strong></span> <span class='ocrx_word' id='word_1_176' title='bbox 421 1972 555 2044; x_wconf 89' lang='lat' dir='ltr'><strong>propter</strong></span> <span class='ocrx_word' id='word_1_177' title='bbox 569 1958 683 2037; x_wconf 88' lang='lat' dir='ltr'><strong>linem,</strong></span> <span class='ocrx_word' id='word_1_178' title='bbox 704 1960 761 2044; x_wconf 87' lang='lat' dir='ltr'><strong>qni</strong></span> <span class='ocrx_word' id='word_1_179' title='bbox 784 1969 832 2024; x_wconf 89' lang='lat' dir='ltr'><strong>est</strong></span> <span class='ocrx_word' id='word_1_180' title='bbox 853 1959 931 2042; x_wconf 88' lang='lat' dir='ltr'><strong>ipse.</strong></span> <span class='ocrx_word' id='word_1_181' title='bbox 955 1959 1026 2042; x_wconf 86' lang='lat' dir='ltr'><strong>lpse</strong></span> <span class='ocrx_word' id='word_1_182' title='bbox 1048 1959 1149 2042; x_wconf 78' lang='lat' dir='ltr'><strong>igitur</strong></span> 
     </span>
     <span class='ocr_line' id='line_1_24' title="bbox 76 2037 1151 2136; baseline 0.004 -34"><span class='ocrx_word' id='word_1_183' title='bbox 76 2040 186 2104; x_wconf 90' lang='lat' dir='ltr'><strong>utitur</strong></span> <span class='ocrx_word' id='word_1_184' title='bbox 204 2037 369 2116; x_wconf 90' lang='lat' dir='ltr'><strong>omnibus,</strong></span> <span class='ocrx_word' id='word_1_185' title='bbox 381 2040 554 2124; x_wconf 76' lang='lat' dir='ltr'><strong>dirigendo</strong></span> <span class='ocrx_word' id='word_1_186' title='bbox 571 2061 610 2105; x_wconf 83' lang='lat' dir='ltr'><strong>ee</strong></span> <span class='ocrx_word' id='word_1_187' title='bbox 633 2042 666 2104; x_wconf 88' lang='lat' dir='ltr'><strong>in</strong></span> <span class='ocrx_word' id='word_1_188' title='bbox 689 2041 796 2106; x_wconf 90' lang='lat' dir='ltr'><strong>linem.</strong></span> <span class='ocrx_word' id='word_1_189' title='bbox 816 2040 886 2104; x_wconf 83' lang='lat' dir='ltr'><strong>Hoc</strong></span> <span class='ocrx_word' id='word_1_190' title='bbox 905 2053 1011 2106; x_wconf 83' lang='lat' dir='ltr'><strong>autem</strong></span> <span class='ocrx_word' id='word_1_191' title='bbox 1031 2051 1151 2136; x_wconf 73' lang='lat' dir='ltr'><strong>estgu-</strong></span> 
     </span>
    </p>
   </div>
   <div class='ocr_carea' id='block_1_6' title="bbox 78 2119 1150 2288">
    <p class='ocr_par' dir='ltr' id='par_1_6' title="bbox 78 2119 1150 2288">
     <span class='ocr_line' id='line_1_25' title="bbox 78 2119 1150 2210; baseline 0.003 -27"><span class='ocrx_word' id='word_1_192' title='bbox 78 2119 229 2186; x_wconf 87' lang='lat' dir='ltr'><strong>bernare.</strong></span> <span class='ocrx_word' id='word_1_193' title='bbox 245 2123 303 2187; x_wconf 87' lang='lat' dir='ltr'><strong>Est</strong></span> <span class='ocrx_word' id='word_1_194' title='bbox 318 2123 421 2207; x_wconf 76' lang='lat' dir='ltr'><strong>igitur</strong></span> <span class='ocrx_word' id='word_1_195' title='bbox 438 2125 525 2188; x_wconf 88' lang='lat' dir='ltr'><strong>Deus</strong></span> <span class='ocrx_word' id='word_1_196' title='bbox 547 2145 606 2210; x_wconf 90' lang='lat' dir='ltr'><strong>per</strong></span> <span class='ocrx_word' id='word_1_197' title='bbox 629 2143 720 2188; x_wconf 87' lang='lat' dir='ltr'><strong>suum</strong></span> <span class='ocrx_word' id='word_1_198' title='bbox 745 2123 984 2189; x_wconf 87' lang='lat' dir='ltr'><strong>Providentiam</strong></span> <span class='ocrx_word' id='word_1_199' title='bbox 1005 2143 1150 2188; x_wconf 77' lang='lat' dir='ltr'><strong>omnium</strong></span> 
     </span>
     <span class='ocr_line' id='line_1_26' title="bbox 82 2202 352 2288; baseline -0.004 -20"><span class='ocrx_word' id='word_1_200' title='bbox 82 2202 283 2288; x_wconf 80' lang='lat' dir='ltr'><strong>gubernator</strong></span> <span class='ocrx_word' id='word_1_201' title='bbox 295 2208 307 2242; x_wconf 87' lang='lat'>⁸</span> <span class='ocrx_word' id='word_1_202' title='bbox 322 2227 352 2267; x_wconf 81' lang='lat' dir='ltr'><strong>n.</strong></span> 
     </span>
    </p>
   </div>
   <div class='ocr_carea' id='block_1_7' title="bbox 81 2285 1153 2704">
    <p class='ocr_par' dir='ltr' id='par_1_7' title="bbox 81 2285 1153 2704">
     <span class='ocr_line' id='line_1_27' title="bbox 123 2285 1148 2373; baseline -0.001 -23"><span class='ocrx_word' id='word_1_203' title='bbox 123 2286 192 2352; x_wconf 80' lang='lat'><strong>182.</strong></span> <span class='ocrx_word' id='word_1_204' title='bbox 216 2287 313 2352; x_wconf 78' lang='lat' dir='ltr'><strong>Aliud</strong></span> <span class='ocrx_word' id='word_1_205' title='bbox 338 2299 565 2373; x_wconf 83' lang='lat' dir='ltr'><strong>argumentum</strong></span> <span class='ocrx_word' id='word_1_206' title='bbox 586 2307 628 2351; x_wconf 85' lang='lat' dir='ltr'><strong>ex</strong></span> <span class='ocrx_word' id='word_1_207' title='bbox 651 2287 823 2364; x_wconf 77' lang='lat' dir='ltr'><strong>bonitate,</strong></span> <span class='ocrx_word' id='word_1_208' title='bbox 850 2295 881 2352; x_wconf 92' lang='lat' dir='ltr'><strong>el</strong></span> <span class='ocrx_word' id='word_1_209' title='bbox 903 2287 1065 2370; x_wconf 83' lang='lat' dir='ltr'><strong>Sapientia</strong></span> <span class='ocrx_word' id='word_1_210' title='bbox 1088 2285 1148 2350; x_wconf 85' lang='lat' dir='ltr'><strong>Dei</strong></span> 
     </span>
     <span class='ocr_line' id='line_1_28' title="bbox 81 2366 1153 2454; baseline 0.001 -23"><span class='ocrx_word' id='word_1_211' title='bbox 81 2369 214 2452; x_wconf 87' lang='lat' dir='ltr'><strong>petitur,</strong></span> <span class='ocrx_word' id='word_1_212' title='bbox 230 2381 325 2454; x_wconf 85' lang='lat' dir='ltr'><strong>atque</strong></span> <span class='ocrx_word' id='word_1_213' title='bbox 346 2371 390 2434; x_wconf 89' lang='lat' dir='ltr'><strong>ita</strong></span> <span class='ocrx_word' id='word_1_214' title='bbox 405 2393 423 2436; x_wconf 89' lang='lat' dir='ltr'><strong>a</strong></span> <span class='ocrx_word' id='word_1_215' title='bbox 438 2391 463 2434; x_wconf 93' lang='lat' dir='ltr'><strong>s.</strong></span> <span class='ocrx_word' id='word_1_216' title='bbox 480 2369 678 2434; x_wconf 86' lang='lat' dir='ltr'><strong>Damasceno</strong></span> <span class='ocrx_word' id='word_1_217' title='bbox 700 2368 895 2435; x_wconf 80' lang='lat' dir='ltr'><strong>exhibetur:</strong></span> <span class='ocrx_word' id='word_1_218' title='bbox 916 2393 933 2432; x_wconf 84' lang='lat' dir='ltr'><strong>u</strong></span> <span class='ocrx_word' id='word_1_219' title='bbox 957 2370 1082 2436; x_wconf 88' lang='lat' dir='ltr'><strong>Natura</strong></span> <span class='ocrx_word' id='word_1_220' title='bbox 1097 2366 1153 2432; x_wconf 92' lang='lat' dir='ltr'><strong>bo-</strong></span> 
     </span>
     <span class='ocr_line' id='line_1_29' title="bbox 81 2449 1152 2550; baseline 0.002 -36"><span class='ocrx_word' id='word_1_221' title='bbox 81 2471 142 2515; x_wconf 88' lang='lat' dir='ltr'><strong>nus</strong></span> <span class='ocrx_word' id='word_1_222' title='bbox 163 2462 211 2516; x_wconf 90' lang='lat' dir='ltr'><strong>est</strong></span> <span class='ocrx_word' id='word_1_223' title='bbox 232 2465 263 2516; x_wconf 91' lang='lat' dir='ltr'><strong>et</strong></span> <span class='ocrx_word' id='word_1_224' title='bbox 284 2453 413 2550; x_wconf 86' lang='lat' dir='ltr'><strong>sapiens</strong></span> <span class='ocrx_word' id='word_1_225' title='bbox 426 2452 541 2536; x_wconf 74' lang='lat' dir='ltr'><strong>(Deus).</strong></span> <span class='ocrx_word' id='word_1_226' title='bbox 558 2452 572 2515; x_wconf 89' lang='lat'>1</span> <span class='ocrx_word' id='word_1_227' title='bbox 596 2453 674 2529; x_wconf 91' lang='lat' dir='ltr'><strong>itur,</strong></span> <span class='ocrx_word' id='word_1_228' title='bbox 697 2461 856 2532; x_wconf 85' lang='lat' dir='ltr'><strong>quatenus</strong></span> <span class='ocrx_word' id='word_1_229' title='bbox 876 2462 925 2517; x_wconf 89' lang='lat' dir='ltr'><strong>est</strong></span> <span class='ocrx_word' id='word_1_230' title='bbox 945 2449 1062 2526; x_wconf 88' lang='lat' dir='ltr'><strong>bonus,</strong></span> <span class='ocrx_word' id='word_1_231' title='bbox 1078 2471 1152 2536; x_wconf 88' lang='lat' dir='ltr'><strong>pro-</strong></span> 
     </span>
     <span class='ocr_line' id='line_1_30' title="bbox 81 2473 1153 2632; baseline 0.002 -36"><span class='ocrx_word' id='word_1_232' title='bbox 81 2533 181 2599; x_wconf 81' lang='lat' dir='ltr'><strong>videt.</strong></span> <span class='ocrx_word' id='word_1_233' title='bbox 197 2535 261 2612; x_wconf 83' lang='lat' dir='ltr'><strong>Qui</strong></span> <span class='ocrx_word' id='word_1_234' title='bbox 286 2557 373 2600; x_wconf 79' lang='lat' dir='ltr'><strong>enim</strong></span> <span class='ocrx_word' id='word_1_235' title='bbox 396 2556 459 2599; x_wconf 91' lang='lat' dir='ltr'><strong>non</strong></span> <span class='ocrx_word' id='word_1_236' title='bbox 480 2473 642 2632; x_wconf 67' lang='lat' dir='ltr'><strong>pronibel,</strong></span> <span class='ocrx_word' id='word_1_237' title='bbox 658 2554 721 2598; x_wconf 91' lang='lat' dir='ltr'><strong>non</strong></span> <span class='ocrx_word' id='word_1_238' title='bbox 743 2545 791 2600; x_wconf 87' lang='lat' dir='ltr'><strong>est</strong></span> <span class='ocrx_word' id='word_1_239' title='bbox 812 2534 926 2600; x_wconf 82' lang='lat' dir='ltr'><strong>bonus.</strong></span> <span class='ocrx_word' id='word_1_240' title='bbox 942 2535 1025 2600; x_wconf 86' lang='lat' dir='ltr'><strong>Nam</strong></span> <span class='ocrx_word' id='word_1_241' title='bbox 1046 2545 1078 2600; x_wconf 88' lang='lat' dir='ltr'><strong>et</strong></span> <span class='ocrx_word' id='word_1_242' title='bbox 1097 2533 1153 2599; x_wconf 89' lang='lat' dir='ltr'><strong>hn-</strong></span> 
     </span>
     <span class='ocr_line' id='line_1_31' title="bbox 82 2615 1151 2704; baseline 0.002 -24"><span class='ocrx_word' id='word_1_243' title='bbox 82 2617 233 2694; x_wconf 84' lang='lat' dir='ltr'><strong>mlnes‚et</strong></span> <span class='ocrx_word' id='word_1_244' title='bbox 246 2616 369 2684; x_wconf 88' lang='lat' dir='ltr'><strong>bestiae</strong></span> <span class='ocrx_word' id='word_1_245' title='bbox 385 2637 595 2704; x_wconf 79' lang='lat' dir='ltr'><strong>propriorum</strong></span> <span class='ocrx_word' id='word_1_246' title='bbox 610 2615 755 2682; x_wconf 87' lang='lat' dir='ltr'><strong>foetuum</strong></span> <span class='ocrx_word' id='word_1_247' title='bbox 772 2615 1009 2702; x_wconf 85' lang='lat' dir='ltr'><strong>providentiam</strong></span> <span class='ocrx_word' id='word_1_248' title='bbox 1023 2615 1151 2690; x_wconf 86' lang='lat' dir='ltr'><strong>babent,</strong></span> 
     </span>
    </p>
   </div>
   <div class='ocr_carea' id='block_1_8' title="bbox 84 2775 1159 3711">
    <p class='ocr_par' dir='ltr' id='par_1_8' title="bbox 84 2775 1156 3056">
     <span class='ocr_line' id='line_1_32' title="bbox 85 2775 1153 2840; baseline -0.005 -15"><span class='ocrx_word' id='word_1_249' title='bbox 85 2775 229 2825; x_wconf 86' lang='lat' dir='ltr'><strong>inmundo</strong></span> <span class='ocrx_word' id='word_1_250' title='bbox 250 2776 583 2840; x_wconf 78' lang='lat' dir='ltr'><strong>quanidrmprnttricem.</strong></span> <span class='ocrx_word' id='word_1_251' title='bbox 605 2788 652 2825; x_wconf 82' lang='lat' dir='ltr'><strong>seu</strong></span> <span class='ocrx_word' id='word_1_252' title='bbox 680 2775 890 2837; x_wconf 76' lang='lat' dir='ltr'><strong>procreatricem</strong></span> <span class='ocrx_word' id='word_1_253' title='bbox 914 2777 1058 2829; x_wconf 77' lang='lat' dir='ltr'><strong>naturam,</strong></span> <span class='ocrx_word' id='word_1_254' title='bbox 1084 2782 1153 2834; x_wconf 84' lang='lat' dir='ltr'><strong>quac</strong></span> 
     </span>
     <span class='ocr_line' id='line_1_33' title="bbox 84 2844 1153 2912; baseline -0.006 -14"><span class='ocrx_word' id='word_1_255' title='bbox 84 2847 189 2898; x_wconf 78' lang='lat' dir='ltr'><strong>beced</strong></span> <span class='ocrx_word' id='word_1_256' title='bbox 208 2850 324 2912; x_wconf 67' lang='lat' dir='ltr'><strong>singutas</strong></span> <span class='ocrx_word' id='word_1_257' title='bbox 343 2863 384 2899; x_wconf 81' lang='lat' dir='ltr'><strong>reu</strong></span> <span class='ocrx_word' id='word_1_258' title='bbox 402 2862 544 2912; x_wconf 78' lang='lat' dir='ltr'><strong>corporeus</strong></span> <span class='ocrx_word' id='word_1_259' title='bbox 562 2847 724 2906; x_wconf 80' lang='lat' dir='ltr'><strong>efficiendae,</strong></span> <span class='ocrx_word' id='word_1_260' title='bbox 743 2844 997 2911; x_wconf 65' lang='lat' dir='ltr'><strong>uehementiusque,</strong></span> <span class='ocrx_word' id='word_1_261' title='bbox 1016 2850 1153 2906; x_wconf 74' lang='lat' dir='ltr'><strong>tamqnam</strong></span> 
     </span>
     <span class='ocr_line' id='line_1_34' title="bbox 86 2917 1156 2984; baseline -0.004 -14"><span class='ocrx_word' id='word_1_262' title='bbox 86 2922 302 2978; x_wconf 80' lang='lat' dir='ltr'><strong>instrumentum.</strong></span> <span class='ocrx_word' id='word_1_263' title='bbox 317 2923 436 2974; x_wconf 73' lang='lat' dir='ltr'><strong>inruerrtt.</strong></span> <span class='ocrx_word' id='word_1_264' title='bbox 457 2917 492 2974; x_wconf 76' lang='grc' dir='ltr'><strong>ΕΙ</strong></span> <span class='ocrx_word' id='word_1_265' title='bbox 508 2919 616 2973; x_wconf 74' lang='lat' dir='ltr'><strong>bisen.</strong></span> <span class='ocrx_word' id='word_1_266' title='bbox 637 2921 669 2970; x_wconf 77' lang='lat' dir='ltr'><strong>ml</strong></span> <span class='ocrx_word' id='word_1_267' title='bbox 690 2933 751 2983; x_wconf 82' lang='lat' dir='ltr'><strong>cup.</strong></span> <span class='ocrx_word' id='word_1_268' title='bbox 772 2917 795 2970; x_wconf 93' lang='grc' dir='ltr'><strong>ΙΙ</strong></span> <span class='ocrx_word' id='word_1_269' title='bbox 814 2920 923 2984; x_wconf 69' lang='lat' dir='ltr'><strong>spuens.</strong></span> <span class='ocrx_word' id='word_1_270' title='bbox 942 2917 1038 2976; x_wconf 65' lang='lat' dir='ltr'><strong>intell„</strong></span> <span class='ocrx_word' id='word_1_271' title='bbox 1053 2917 1091 2967; x_wconf 86' lang='lat' dir='ltr'><strong>De</strong></span> <span class='ocrx_word' id='word_1_272' title='bbox 1105 2929 1156 2966; x_wconf 88' lang='lat' dir='ltr'><strong>nu·</strong></span> 
     </span>
     <span class='ocr_line' id='line_1_35' title="bbox 85 2996 411 3056; baseline 0.003 -13"><span class='ocrx_word' id='word_1_273' title='bbox 85 3002 145 3043; x_wconf 83' lang='lat' dir='ltr'><strong>turc</strong></span> <span class='ocrx_word' id='word_1_274' title='bbox 162 2997 296 3056; x_wconf 79' lang='lat' dir='ltr'><strong>penetrtec,</strong></span> <span class='ocrx_word' id='word_1_275' title='bbox 317 3000 332 3054; x_wconf 81' lang='lat' dir='ltr'>s</span> <span class='ocrx_word' id='word_1_276' title='bbox 354 2996 411 3044; x_wconf 76' lang='grc'>1-4.</span> 
     </span>
    </p>

    <p class='ocr_par' dir='ltr' id='par_1_9' title="bbox 87 3055 1159 3562">
     <span class='ocr_line' id='line_1_36' title="bbox 124 3055 1153 3131; baseline -0.004 -17"><span class='ocrx_word' id='word_1_277' title='bbox 124 3063 134 3101; x_wconf 85' lang='lat'><strong>¹</strong></span> <span class='ocrx_word' id='word_1_278' title='bbox 154 3064 184 3115; x_wconf 87' lang='lat' dir='ltr'><strong>lli</strong></span> <span class='ocrx_word' id='word_1_279' title='bbox 198 3067 224 3114; x_wconf 89' lang='lat' dir='ltr'><strong>in</strong></span> <span class='ocrx_word' id='word_1_280' title='bbox 236 3067 411 3128; x_wconf 85' lang='lat' dir='ltr'><strong>quorumdam</strong></span> <span class='ocrx_word' id='word_1_281' title='bbox 426 3073 556 3123; x_wconf 83' lang='lat' dir='ltr'><strong>veterum,</strong></span> <span class='ocrx_word' id='word_1_282' title='bbox 566 3079 681 3131; x_wconf 82' lang='lat' dir='ltr'><strong>quorum</strong></span> <span class='ocrx_word' id='word_1_283' title='bbox 697 3065 817 3116; x_wconf 86' lang='lat' dir='ltr'><strong>meminit</strong></span> <span class='ocrx_word' id='word_1_284' title='bbox 831 3058 975 3112; x_wconf 61' lang='lat' dir='ltr'><strong>albumen</strong></span> <span class='ocrx_word' id='word_1_285' title='bbox 988 3055 1153 3128; x_wconf 82' lang='lat' dir='ltr'><strong>(l,q.tllltl,</strong></span> 
     </span>
     <span class='ocr_line' id='line_1_37' title="bbox 87 3139 1155 3276; baseline -0.005 -17"><span class='ocrx_word' id='word_1_286' title='bbox 87 3139 591 3276; x_wconf 41' lang='lat' dir='ltr'><strong>a.gt)¹3epppteendtpcptn[1¹:533me</strong></span> <span class='ocrx_word' id='word_1_287' title='bbox 611 3205 774 3272; x_wconf 69' lang='lat' dir='ltr'><strong>Religionem</strong></span> <span class='ocrx_word' id='word_1_288' title='bbox 794 3205 1046 3270; x_wconf 73' lang='lat' dir='ltr'><strong>supernaturalem,</strong></span> <span class='ocrx_word' id='word_1_289' title='bbox 1071 3205 1155 3254; x_wconf 82' lang='lat' dir='ltr'><strong>roluti</strong></span> 
     </span>
     <span class='ocr_line' id='line_1_38' title="bbox 89 3277 1159 3346; baseline -0.007 -14"><span class='ocrx_word' id='word_1_290' title='bbox 89 3286 241 3346; x_wconf 69' lang='lat' dir='ltr'><strong>figmentum</strong></span> <span class='ocrx_word' id='word_1_291' title='bbox 261 3282 435 3341; x_wconf 76' lang='lat' dir='ltr'><strong>Pontificum,</strong></span> <span class='ocrx_word' id='word_1_292' title='bbox 455 3288 503 3334; x_wconf 80' lang='lat' dir='ltr'><strong>ant</strong></span> <span class='ocrx_word' id='word_1_293' title='bbox 522 3281 675 3344; x_wconf 83' lang='lat' dir='ltr'><strong>Principum</strong></span> <span class='ocrx_word' id='word_1_294' title='bbox 696 3287 841 3346; x_wconf 80' lang='lat' dir='ltr'><strong>respuunt,</strong></span> <span class='ocrx_word' id='word_1_295' title='bbox 863 3279 970 3342; x_wconf 82' lang='lat' dir='ltr'><strong>aliaque</strong></span> <span class='ocrx_word' id='word_1_296' title='bbox 988 3277 1113 3340; x_wconf 79' lang='lat' dir='ltr'><strong>capitalia</strong></span> <span class='ocrx_word' id='word_1_297' title='bbox 1135 3278 1159 3324; x_wconf 86' lang='lat' dir='ltr'><strong>i-</strong></span> 
     </span>
     <span class='ocr_line' id='line_1_39' title="bbox 91 3349 1157 3420; baseline -0.004 -18"><span class='ocrx_word' id='word_1_298' title='bbox 91 3359 160 3419; x_wconf 81' lang='lat' dir='ltr'><strong>psius</strong></span> <span class='ocrx_word' id='word_1_299' title='bbox 179 3351 319 3420; x_wconf 75' lang='lat' dir='ltr'><strong>Religionis</strong></span> <span class='ocrx_word' id='word_1_300' title='bbox 341 3359 469 3407; x_wconf 80' lang='lat' dir='ltr'><strong>naturalis</strong></span> <span class='ocrx_word' id='word_1_301' title='bbox 493 3356 615 3419; x_wconf 76' lang='lat' dir='ltr'><strong>dogmate</strong></span> <span class='ocrx_word' id='word_1_302' title='bbox 639 3357 804 3419; x_wconf 74' lang='lat' dir='ltr'><strong>impugnant.</strong></span> <span class='ocrx_word' id='word_1_303' title='bbox 826 3350 920 3402; x_wconf 79' lang='lat' dir='ltr'><strong>Verius</strong></span> <span class='ocrx_word' id='word_1_304' title='bbox 940 3351 1033 3400; x_wconf 83' lang='lat' dir='ltr'><strong>delsmt</strong></span> <span class='ocrx_word' id='word_1_305' title='bbox 1056 3349 1157 3400; x_wconf 81' lang='lat' dir='ltr'><strong>tarmes</strong></span> 
     </span>
     <span class='ocr_line' id='line_1_40' title="bbox 90 3424 1157 3492; baseline -0.006 -14"><span class='ocrx_word' id='word_1_306' title='bbox 90 3431 209 3492; x_wconf 74' lang='lat' dir='ltr'><strong>exposuit</strong></span> <span class='ocrx_word' id='word_1_307' title='bbox 228 3427 333 3480; x_wconf 86' lang='lat' dir='ltr'><strong>Samuel</strong></span> <span class='ocrx_word' id='word_1_308' title='bbox 354 3425 451 3481; x_wconf 80' lang='lat' dir='ltr'><strong>Clarke</strong></span> <span class='ocrx_word' id='word_1_309' title='bbox 471 3431 497 3478; x_wconf 89' lang='lat' dir='ltr'><strong>in</strong></span> <span class='ocrx_word' id='word_1_310' title='bbox 516 3441 563 3478; x_wconf 80' lang='lat' dir='ltr'><strong>ecto</strong></span> <span class='ocrx_word' id='word_1_311' title='bbox 583 3440 675 3491; x_wconf 85' lang='lat' dir='ltr'><strong>opere.</strong></span> <span class='ocrx_word' id='word_1_312' title='bbox 696 3429 780 3478; x_wconf 72' lang='lat' dir='ltr'><strong>troili</strong></span> <span class='ocrx_word' id='word_1_313' title='bbox 792 3427 822 3476; x_wconf 82' lang='lat' dir='ltr'><strong>de</strong></span> <span class='ocrx_word' id='word_1_314' title='bbox 841 3425 991 3475; x_wconf 77' lang='lat' dir='ltr'><strong>l&#39;eutrtenoe</strong></span> <span class='ocrx_word' id='word_1_315' title='bbox 1010 3429 1032 3474; x_wconf 86' lang='lat' dir='ltr'><strong>et</strong></span> <span class='ocrx_word' id='word_1_316' title='bbox 1051 3424 1097 3474; x_wconf 81' lang='lat' dir='ltr'><strong>des</strong></span> <span class='ocrx_word' id='word_1_317' title='bbox 1115 3429 1157 3473; x_wconf 90' lang='lat' dir='ltr'><strong>ut-</strong></span> 
     </span>
     <span class='ocr_line' id='line_1_41' title="bbox 89 3501 514 3562; baseline -0.007 -10"><span class='ocrx_word' id='word_1_318' title='bbox 89 3503 178 3552; x_wconf 76' lang='lat' dir='ltr'><strong>tribnts</strong></span> <span class='ocrx_word' id='word_1_319' title='bbox 197 3504 228 3551; x_wconf 86' lang='lat' dir='ltr'><strong>de</strong></span> <span class='ocrx_word' id='word_1_320' title='bbox 247 3505 321 3562; x_wconf 79' lang='lat' dir='ltr'><strong>Dico,</strong></span> <span class='ocrx_word' id='word_1_321' title='bbox 343 3509 362 3552; x_wconf 93' lang='lat' dir='ltr'><strong>t.</strong></span> <span class='ocrx_word' id='word_1_322' title='bbox 386 3501 419 3554; x_wconf 89' lang='grc' dir='ltr'><strong>ΙΙ.</strong></span> <span class='ocrx_word' id='word_1_323' title='bbox 439 3518 465 3553; x_wconf 90' lang='lat' dir='ltr'><strong>c.</strong></span> <span class='ocrx_word' id='word_1_324' title='bbox 486 3503 514 3552; x_wconf 70' lang='lat'><strong>2.</strong></span> 
     </span>
    </p>

    <p class='ocr_par' dir='ltr' id='par_1_10' title="bbox 127 3563 1093 3635">
     <span class='ocr_line' id='line_1_42' title="bbox 127 3563 1093 3635; baseline -0.007 -12"><span class='ocrx_word' id='word_1_325' title='bbox 127 3572 192 3623; x_wconf 68' lang='lat' dir='ltr'><strong>sps</strong></span> <span class='ocrx_word' id='word_1_326' title='bbox 207 3576 330 3634; x_wconf 77' lang='lat' dir='ltr'><strong>coenent..</strong></span> <span class='ocrx_word' id='word_1_327' title='bbox 350 3590 375 3625; x_wconf 92' lang='lat' dir='ltr'><strong>c.</strong></span> <span class='ocrx_word' id='word_1_328' title='bbox 399 3573 445 3632; x_wconf 85' lang='lat' dir='ltr'><strong>Vl,</strong></span> <span class='ocrx_word' id='word_1_329' title='bbox 464 3589 490 3625; x_wconf 80' lang='lat' dir='ltr'><strong>c.</strong></span> <span class='ocrx_word' id='word_1_330' title='bbox 512 3574 539 3629; x_wconf 80' lang='lat' dir='ltr'><strong>o.</strong></span> <span class='ocrx_word' id='word_1_331' title='bbox 560 3587 585 3635; x_wconf 90' lang='lat' dir='ltr'><strong>p.</strong></span> <span class='ocrx_word' id='word_1_332' title='bbox 609 3571 672 3629; x_wconf 72' lang='lat' dir='ltr'><strong>let.</strong></span> <span class='ocrx_word' id='word_1_333' title='bbox 693 3577 749 3622; x_wconf 90' lang='lat' dir='ltr'><strong>not.</strong></span> <span class='ocrx_word' id='word_1_334' title='bbox 774 3568 849 3622; x_wconf 90' lang='lat' dir='ltr'><strong>l.-⁴</strong></span> <span class='ocrx_word' id='word_1_335' title='bbox 868 3563 904 3620; x_wconf 69' lang='grc' dir='ltr'><strong>(ΙΙ</strong></span> <span class='ocrx_word' id='word_1_336' title='bbox 921 3571 995 3626; x_wconf 74' lang='lat' dir='ltr'><strong>ibid,</strong></span> <span class='ocrx_word' id='word_1_337' title='bbox 1017 3583 1043 3618; x_wconf 89' lang='lat' dir='ltr'><strong>n.</strong></span> <span class='ocrx_word' id='word_1_338' title='bbox 1065 3569 1093 3618; x_wconf 79' lang='lat' dir='ltr'><strong>l.</strong></span> 
     </span>
    </p>

    <p class='ocr_par' dir='ltr' id='par_1_11' title="bbox 126 3639 1023 3711">
     <span class='ocr_line' id='line_1_43' title="bbox 126 3639 1023 3711; baseline -0.007 -13"><span class='ocrx_word' id='word_1_339' title='bbox 126 3641 191 3698; x_wconf 75' lang='lat' dir='ltr'><strong>³Cl</strong></span> <span class='ocrx_word' id='word_1_340' title='bbox 207 3645 227 3704; x_wconf 92' lang='lat' dir='ltr'><strong>l,</strong></span> <span class='ocrx_word' id='word_1_341' title='bbox 247 3662 274 3711; x_wconf 81' lang='lat' dir='ltr'><strong>q.</strong></span> <span class='ocrx_word' id='word_1_342' title='bbox 296 3644 379 3708; x_wconf 79' lang='lat' dir='ltr'><strong>xxti,</strong></span> <span class='ocrx_word' id='word_1_343' title='bbox 400 3662 425 3698; x_wconf 82' lang='lat' dir='ltr'><strong>e.</strong></span> <span class='ocrx_word' id='word_1_344' title='bbox 448 3649 460 3698; x_wconf 88' lang='lat' dir='ltr'><strong>l</strong></span> <span class='ocrx_word' id='word_1_345' title='bbox 483 3643 559 3697; x_wconf 78' lang='lat' dir='ltr'><strong>e.-⁶</strong></span> <span class='ocrx_word' id='word_1_346' title='bbox 579 3647 666 3696; x_wconf 74' lang='lat' dir='ltr'><strong>contr.</strong></span> <span class='ocrx_word' id='word_1_347' title='bbox 688 3647 775 3706; x_wconf 64' lang='lat' dir='ltr'><strong>Gan„</strong></span> <span class='ocrx_word' id='word_1_348' title='bbox 796 3644 841 3694; x_wconf 85' lang='lat' dir='ltr'><strong>lib.</strong></span> <span class='ocrx_word' id='word_1_349' title='bbox 865 3639 910 3700; x_wconf 85' lang='grc' dir='ltr'>ΙΙΙ,</span> <span class='ocrx_word' id='word_1_350' title='bbox 931 3655 956 3692; x_wconf 90' lang='lat' dir='ltr'><strong>c.</strong></span> <span class='ocrx_word' id='word_1_351' title='bbox 978 3641 1023 3692; x_wconf 83' lang='lat' dir='ltr'><strong>til.</strong></span> 
     </span>
    </p>
   </div>
   <div class='ocr_carea' id='block_1_9' title="bbox 0 0 1270 3909">
    <p class='ocr_par' dir='ltr' id='par_1_12' title="bbox 0 0 1270 3909">
     <span class='ocr_line' id='line_1_44' title="bbox 0 0 1270 3909; baseline 0 0"><span class='ocrx_word' id='word_1_352' title='bbox 0 0 1270 3909; x_wconf 95' lang='lat' dir='ltr'><strong> </strong></span> 
     </span>
    </p>
   </div>
  </div>
 </body>
</html>
