2475 3909
395 179 581 229 rneocoern
603 180 792 230 narvnnms
1030 161 1090 230 399

114 262 180 336 218.
203 264 311 333 Obiie.
341 263 374 329 1⁰
401 267 583 331 Effectuum
612 269 838 352 oppositorum
866 265 1032 350 oppositae
1060 275 1136 332 sunt

78 368 197 413 causae.
222 347 321 431 Atqui
337 346 472 422 bonurn,
484 360 517 412 et
532 347 652 412 maium
669 358 742 412 sunt
756 345 888 412 eiiectus
910 345 973 410 sibi
996 346 1135 412 invicem

77 430 221 516 oppositi.
245 430 333 512 Ergo
354 431 439 493 sicut
460 450 623 493 summum
642 430 768 492 Bonum
791 437 839 492 est
861 447 956 492 causa
978 426 1068 504 honi,
1091 429 1136 494 ita

77 530 232 575 summurn
257 509 378 574 maium
401 508 638 575 admittendum
660 521 731 580 est,
754 508 839 594 quod
863 511 906 574 sit
927 530 1022 574 causa
1044 509 1134 574 maii.

115 591 181 657 219.
204 591 302 676 Resp.
319 592 403 654 Diu.
419 591 495 655 moi.
512 592 542 657 si
559 613 663 656 sermo
679 591 836 656 habeatur
851 589 890 655 de
905 591 1011 655 causis
1026 593 1137 675 proxi·

76 673 144 750 mia,
166 683 199 739 et
220 671 483 819 particularibuS,
506 693 589 737 coac.
613 675 703 749 maa,
725 674 751 736 si
774 671 813 736 de
837 692 932 737 causa
954 681 1088 747 remota,
1104 684 1137 737 et

77 755 220 819 universa
236 755 259 830 i,
281 775 347 838 nep.
371 755 447 817 moi.
473 754 556 819 ner.
580 757 679 820 etiarn
702 755 799 828 min,
826 754 872 818 ita
895 763 1018 829 tamen,
1040 765 1076 818 ut
1097 751 1137 817 ad

77 834 223 900 cumdem
244 835 342 900 finem
364 835 508 900 ordinari
533 839 679 923 possint,
701 857 783 900 conc.
808 835 908 910 min,
932 855 1046 912 secus,
1069 855 1135 918 aeq.

75 916 151 979 mia.
169 917 247 1000 Nep.
269 938 351 981 eoae.
366 917 541 1013 Utramque
563 918 803 982 distinctionem
826 937 867 982 ex
890 916 929 979 D.
953 916 1073 981 Thema
1088 937 1139 980 ac-

75 999 230 1082 cepimus.
258 999 353 1074 Quod
380 999 419 1062 ad
447 1019 586 1083 primam
612 1001 747 1074 attinet,
775 1020 792 1058 a
816 999 1001 1075 contraria,
1031 998 1139 1084 inquit

77 1094 204 1146 sanctus
225 1079 358 1156 Ductor,
381 1081 578 1146 conveniunt
601 1083 634 1145 in
657 1101 774 1164 genere
796 1100 874 1154 uno,
891 1089 923 1144 et
944 1080 1043 1143 etiam
1065 1099 1141 1144 con·

76 1163 209 1228 veniunt
230 1162 263 1226 in
286 1165 410 1226 ratione
432 1161 567 1227 essendi.
592 1164 634 1228 Et
656 1161 745 1238 ideo,
770 1162 847 1227 iicet
867 1161 1005 1225 habeant
1026 1181 1139 1226 causas

74 1243 285 1327 particulares
305 1245 503 1319 contrarias,
527 1253 633 1311 tamen
656 1254 784 1328 oportet
805 1241 956 1306 devenire
973 1240 1018 1307 ad
1036 1263 1139 1326 ,unam

75 1325 211 1408 primam
231 1345 360 1390 causam
382 1345 586 1389 communem
600 1326 610 1364 ¹
626 1348 655 1388 n.
672 1329 777 1410 Atque
801 1324 833 1388 id
858 1325 1037 1408 generatim
1052 1324 1139 1388 circa

73 1406 205 1471 effectus
227 1409 406 1472 contrarios
431 1405 676 1491 intelligendum
699 1416 762 1480 est;
786 1426 860 1470 nam
883 1427 957 1468 cum
979 1403 1018 1468 de
1042 1405 1138 1477 malo,

97 1486 158 1551 uod
182 1489 368 1574 oppositum
383 1486 469 1552 hono
483 1497 542 1562 est,
559 1507 665 1552 sermo
681 1500 740 1564 est,
757 1485 836 1552 ittud
852 1487 949 1550 etiam
966 1485 1141 1551 observan-

72 1507 149 1632 dum
172 1582 233 1646 est,
248 1570 364 1633 maium
376 1569 506 1653 proprie
520 1567 660 1652 effictum
675 1569 739 1634 dici
753 1589 814 1632 aon
823 1587 912 1652 posse
927 1569 960 1645 ²,
976 1566 1138 1653 siquidem

72 1650 191 1714 molum
217 1665 266 1718 est
283 1651 451 1715 «incidens
471 1649 649 1734 effectibus,
672 1651 724 1714 sed
749 1671 809 1713 noa
830 1663 872 1713 est
892 1649 1010 1727 sactum
1026 1669 1086 1733 per
1109 1669 1140 1713 se

72 1732 217 1818 quuendo
231 1734 275 1796 ⁸».
299 1732 443 1798 Alteram
465 1731 707 1796 distinctionem
729 1752 771 1796 ex
792 1732 842 1797 his
865 1732 965 1796 saucii
989 1731 1140 1796 Doctoris

71 1811 183 1878 verbis
204 1813 422 1880 confecimus:
447 1835 464 1874 a
487 1813 551 1877 Res
572 1813 689 1878 habent
711 1814 974 1879 contrarietatem
996 1811 1036 1878 ad
1058 1811 1141 1878 inri-

71 1916 159 1972 cem,
182 1907 340 1981 quantum
362 1898 403 1960 ad
425 1896 593 1991 proximos
621 1895 778 1972 effectus3
801 1894 856 1960 sed
879 1905 986 1960 tamen
1009 1914 1141 1960 concor·

70 1976 151 2041 dant
171 1979 268 2044 etiam
291 1991 455 2045 contraria
478 1978 512 2040 in
531 1976 649 2042 ultimo
671 1976 746 2053 fine,
764 1975 804 2040 ad
826 1997 925 2062 quem
947 1974 1139 2042 ordinantur

70 2057 251 2125 secundum
273 2060 486 2134 harmoniam,
509 2078 607 2142 quam
629 2063 841 2136 constituuut;
857 2059 943 2121 sicut
963 2059 1061 2122 etiam
1085 2079 1140 2145 pa·

69 2149 120 2206 tet
140 2141 174 2204 in
197 2144 312 2220 mixto,
327 2140 415 2226 quod
438 2142 647 2223 componitur
668 2143 768 2206 etiam
789 2161 830 2205 ex
852 2140 1037 2218 contrariis;
1053 2151 1085 2206 et
1099 2161 1140 2205 ex

69 2223 134 2288 hoc
155 2226 304 2309 sequitur
324 2221 413 2308 quod
435 2221 563 2306 agentia
586 2223 737 2307 proxima
759 2233 837 2288 sunt
859 2223 1045 2298 contraria,
1067 2222 1142 2290 ticet

68 2323 171 2388 agens
194 2307 335 2390 primurn
357 2306 400 2370 sit
420 2324 536 2379 unum;
552 2305 631 2388 quia
654 2303 817 2368 iudicium
832 2301 872 2368 de
887 2312 1016 2398 agente,
1032 2315 1064 2370 et
1077 2302 1140 2368 fine

68 2397 122 2450 est
144 2385 244 2463 idern,
267 2409 341 2452 cum
362 2386 421 2451 hae
443 2384 527 2449 duae
549 2404 665 2450 causae
687 2386 721 2449 in
744 2384 829 2449 idern
852 2382 998 2450 incidant
1012 2387 1058 2448 ⁴».
1134 2450 1136 2452 ,

112 2466 185 2534 220.
208 2469 317 2536 Obiic.
341 2467 377 2533 2θ
400 2468 487 2532 Deus
508 2475 565 2531 aut
585 2467 656 2532 vuit
678 2468 791 2532 toiiere
812 2465 908 2541 maia,
932 2476 965 2530 et
987 2485 1051 2531 non
1074 2476 1142 2550 pot·

66 2557 133 2626 est;
158 2560 215 2615 aut
236 2560 352 2636 potest,
375 2561 408 2615 et
429 2569 491 2613 uon
513 2548 599 2632 yuit3
623 2557 679 2614 aut
707 2569 811 2633 neque
838 2547 923 2624 vuit,
947 2567 1051 2632 neque
1073 2558 1142 2634 pot-

66 2639 133 2707 est;
157 2643 213 2698 aut
233 2642 267 2698 et
286 2634 372 2708 vuit,
398 2640 430 2696 et
451 2640 566 2717 potest.
590 2631 623 2697 Si
646 2630 732 2706 vuit,
755 2640 788 2696 et
809 2650 873 2692 non
896 2639 1016 2715 potest,
1041 2629 1143 2694 imbe-

65 2711 159 2776 ciiiis
179 2724 238 2792 est,
254 2713 341 2799 quod
363 2714 397 2778 in
419 2711 524 2779 Deum
547 2733 610 2776 non
632 2711 729 2777 cadit.
751 2711 783 2779 Si
800 2720 917 2797 potest,
933 2719 966 2778 et
980 2732 1044 2776 non
1060 2710 1141 2786 vuit,

64 2792 231 2872 invidus,
251 2795 339 2880 quod
365 2815 467 2880 aeque
494 2801 543 2856 est
569 2794 712 2858 alienum
734 2815 753 2858 a
774 2791 853 2858 Deo.
877 2793 909 2859 Si
931 2812 1035 2875 neque
1061 2794 1141 2868 vuit,

64 2895 181 2959 neque
202 2886 317 2962 potest,
332 2887 367 2943 et
380 2875 527 2952 invidus,
543 2883 576 2939 et
591 2874 764 2940 imbecillis
784 2885 844 2941 est.
868 2875 902 2940 Si
925 2873 1010 2950 vuit,
1026 2883 1059 2940 et
1074 2887 1144 2960 pot-

65 2967 135 3032 est,
159 2958 244 3023 unde
265 2979 343 3043 ergo
365 2968 440 3025 suut
460 2956 575 3022 malai

113 3039 187 3104 221.
212 3040 391 3126 Responsio
404 3060 446 3104 ex
467 3038 565 3104 dictis
585 3046 720 3104 constat.
737 3037 825 3102 Deus
845 3036 932 3100 enim
949 3045 1060 3132 potest
1081 3039 1144 3102 uti-

63 3139 140 3204 que
161 3125 271 3188 omnia
294 3121 377 3186 maia
400 3120 530 3197 toliere,
554 3140 618 3186 non
640 3119 860 3195 imitamen,
885 3137 924 3181 ne
947 3116 1145 3203 impediatur

62 3200 200 3267 honum
222 3202 384 3270 Universi.
408 3203 521 3287 Neque
543 3209 713 3287 propterea
736 3211 782 3268 est
803 3197 997 3276 imbecillis,
1013 3212 1071 3267 aut
1084 3199 1145 3266 mi-

60 3437 182 3490 subiato
199 3435 290 3486 ordine
309 3436 389 3496 boni,
410 3438 486 3487 euius
505 3438 619 3500 privatio
637 3442 677 3486 est
698 3436 817 3492 maium
837 3434 881 3484 hic
901 3439 991 3484 autem
1011 3434 1074 3484 ordo
1092 3447 1145 3486 uon

60 3515 157 3569 essct,
176 3508 199 3558 si
220 3505 287 3558 Deus
306 3524 357 3560 nou
376 3515 446 3560 esset
468 3527 493 3570 η
515 3511 604 3560 Gontr.
626 3510 713 3566 Genu,
734 3509 779 3558 tib.
804 3506 849 3566 tii,
870 3521 895 3558 o.
919 3507 963 3556 it.

111 3583 119 3617 ¹
146 3579 167 3631 i.
188 3595 216 3645 q.
236 3575 330 3637 xiix.
350 3595 376 3632 a.
398 3581 463 3632 3ad
478 3581 554 3631 i.-²
575 3583 624 3646 Oq,
637 3583 734 3646 dirpp„
757 3583 796 3632 De
811 3582 881 3638 Pet„
896 3593 923 3642 q.
937 3575 982 3637 iii,
997 3591 1023 3627 a.
1040 3576 1102 3630 aad
1115 3575 1144 3626 2,

106 3652 122 3690 ³
145 3649 210 3703 ibid,
231 3652 264 3701 ad
284 3653 361 3703 3.-i
382 3657 411 3704 in
433 3655 478 3705 iio.
500 3656 527 3705 ii
544 3655 628 3715 Sanc,
649 3651 716 3706 Diti.
740 3649 760 3712 1,
781 3667 808 3717 q.
831 3649 851 3714 i,
872 3664 898 3700 a.
922 3651 933 3700 i
956 3650 988 3701 ad
1008 3649 1035 3700 4,
