2475 3909
541 230 722 280 ONTOLOGIA

496 364 520 431 C
533 370 561 431 Α
574 367 599 431 Ρ
611 367 639 429 V
651 368 676 432 T
703 368 761 434 lll.

409 489 452 553 lte
475 492 616 569 actione,
640 500 677 558 et
698 495 850 576 passione

242 615 311 669 dnn.
326 614 347 667 l.
363 646 396 655 -
410 616 567 681 Explicatur
586 622 690 681 modos,
711 637 764 686 quo
782 626 864 683 actio,
883 629 911 675 et
931 628 1017 688 passio

415 696 483 741 inter
503 697 650 756 categorias
670 702 844 747 recensentur

137 814 204 879 167.
228 812 317 875 Actio
338 808 468 875 denotat
489 809 588 887 iilud,
611 831 670 897 per
690 812 776 899 quod
799 812 925 899 aliquid
940 814 980 877 ab
995 813 1105 901 aliquo
1125 838 1161 881 o-

94 898 236 983 riginem
258 891 360 958 habet.
385 892 438 969 ld,
460 892 546 980 quod
569 915 610 957 ex
632 894 697 959 alio
720 895 924 981 producitur,
946 895 1087 981 effictum
1111 897 1157 977 id,

95 1002 113 1043 a
135 998 199 1064 quo
220 975 352 1039 effectus
374 974 576 1060 producitur,
593 996 693 1059 opens,
709 978 758 1042 vei
774 1000 870 1043 eausa
886 980 1038 1053 officione
1061 978 1093 1043 id
1108 980 1160 1045 de·

96 1062 207 1146 nique,
233 1058 266 1121 in
287 1056 373 1143 quod
396 1062 482 1124 actio
504 1061 712 1136 terminatur,
735 1061 801 1125 sive
823 1081 922 1146 aquo
938 1062 1022 1125 actio
1045 1063 1160 1149 recipi-

95 1155 159 1219 tur,
204 1141 312 1217 oricus,
334 1148 367 1205 et
389 1142 529 1227 receptio
552 1142 687 1206 actionis
702 1144 809 1227 passio
830 1156 1046 1229 nuncupatur.

135 1226 151 1289 1
197 1274 203 1287 .
227 1224 295 1286 lam
316 1232 438 1287 certum
465 1232 512 1289 est
532 1223 693 1288 actionem
715 1223 849 1309 abipso
871 1247 932 1289 esec
961 1224 1158 1291 substantiae

95 1320 221 1373 creatae
241 1304 419 1390 distingui,
442 1318 474 1371 et
495 1306 575 1370 hanc
596 1326 661 1368 non
683 1326 811 1391 semper
832 1329 928 1393 agere
951 1308 997 1382 id,
1021 1307 1106 1393 quod
1127 1330 1160 1373 a·

97 1412 172 1477 gere
195 1398 310 1475 potest:
335 1400 533 1475 quapropter
553 1389 645 1464 actio,
668 1400 825 1475 quatenns
853 1401 901 1455 est
922 1389 1085 1477 quoddam
1107 1411 1160 1455 ac-

94 1472 226 1548 cidens,
250 1490 316 1555 quo
339 1470 516 1537 substantia
538 1482 611 1535 actu
633 1469 758 1557 aliquid
787 1472 965 1556 producens
993 1474 1160 1539 constitui-

90 1568 168 1631 tur.
194 1556 278 1619 inter
298 1554 476 1638 categorias
500 1562 709 1628 recensetur,
737 1558 816 1639 quia
844 1554 963 1619 indicat
984 1556 1158 1641 specialem

94 1637 236 1711 modum,
259 1656 324 1721 quo
346 1656 402 1699 ens
424 1634 669 1701 determinatur.

135 1721 203 1787 169.
230 1718 265 1782 ln
288 1717 413 1781 actione
436 1727 544 1781 autem
567 1714 774 1781 considerare
797 1738 966 1802 possumus
981 1718 1157 1805 quemdam
1211 1783 1219 1797 ,

92 1815 238 1877 motum,
261 1808 418 1886 quatenus
441 1799 557 1884 incipit
583 1797 624 1863 ab
653 1799 787 1883 aliquo,
811 1798 905 1865 etad
927 1800 1073 1889 aliquem
1096 1812 1160 1865 ter·

93 1888 216 1950 minum
239 1881 374 1949 tendit¹.
398 1884 489 1960 lam,
512 1882 572 1950 etsi
595 1881 702 1958 actio,
725 1892 756 1946 et
778 1885 885 1967 passio
908 1883 1102 1951 conveniant
1123 1883 1158 1946 in

92 1986 157 2031 uno
179 1977 280 2041 motu,
304 1965 397 2029 cuius
418 1965 512 2049 origo
533 1964 638 2029 estin
660 1965 798 2039 actione,
820 1977 853 2029 et
866 1968 1022 2029 terminus
1040 1967 1072 2029 in
1088 1985 1160 2051 pas-

92 2050 195 2127 sione,
218 2060 323 2114 tamen
346 2048 443 2125 actio,
457 2058 489 2112 et
510 2046 618 2131 passio
641 2043 681 2108 ab
696 2066 729 2109 se
745 2046 885 2111 invicem
900 2046 1157 2133 distinguuntur,

92 2134 170 2219 quia
192 2131 319 2195 diversa
341 2140 390 2193 est
410 2130 508 2205 ratio,
530 2148 595 2214 qua
617 2148 725 2211 agens,
749 2137 783 2192 et
803 2129 929 2215 patiens
951 2129 990 2193 ad
1006 2129 1159 2193 eumdem

92 2224 217 2280 motum
239 2233 272 2276 se
294 2210 421 2287 habent,
445 2230 560 2296 nempe
583 2232 600 2271 u
626 2210 660 2273 in
682 2211 807 2273 actione
833 2213 1030 2297 importator
1051 2232 1160 2297 respe-

90 2306 172 2375 ctus,
195 2306 231 2359 ut
253 2316 270 2358 a
292 2314 358 2380 quo
380 2302 429 2357 est
450 2303 556 2356 motus
579 2292 613 2355 in
635 2291 763 2368 mobili,
787 2293 820 2356 in
840 2296 987 2378 passione
1008 2315 1099 2370 reno,
1123 2306 1161 2359 ut

92 2380 150 2465 qui
172 2386 219 2443 est
242 2376 282 2441 ab
305 2376 426 2441 ali02».
451 2375 520 2439 Hoc
542 2373 716 2439 discrimen
740 2374 1013 2452 internetionem,
1035 2388 1069 2441 et
1084 2397 1161 2461 pos-

92 2463 207 2525 sionem
229 2458 425 2525 luculentius
448 2455 676 2521 manifestatur
691 2457 725 2519 in
742 2458 784 2521 iis
798 2457 992 2529 actionibus,
1016 2480 1157 2545 quarum

92 2546 259 2621 terminus,
283 2552 319 2608 ut
341 2562 417 2606 mox
439 2538 605 2616 dicemus,
630 2549 679 2602 est
699 2550 790 2603 extra
815 2543 923 2625 ipsum
946 2562 1055 2627 agens.
1080 2544 1160 2608 Ete-

90 2626 171 2702 nim,
195 2636 341 2690 monente
364 2624 538 2710 Aquinate,
562 2622 588 2685 si
610 2622 694 2686 actio
717 2625 822 2686 estin
845 2633 971 2709 agente,
996 2634 1028 2689 et
1051 2624 1159 2710 passio

92 2708 127 2771 in
148 2709 259 2791 aliquo
281 2718 371 2773 extra
392 2710 499 2792 ipsum
522 2724 641 2789 agens,
668 2705 765 2781 actio,
788 2716 820 2769 et
842 2709 990 2792 passio«
1014 2728 1078 2771 non
1101 2728 1161 2793 po-

91 2798 155 2854 test
175 2808 243 2854 esse
266 2790 352 2855 idem
375 2806 511 2853 numero
533 2785 694 2860 accidens,
711 2806 786 2850 corn
801 2810 903 2853 unum
924 2788 1071 2856 accidens
1091 2809 1159 2853 non

91 2872 192 2957 possit
212 2892 280 2936 esse
301 2874 334 2936 in
355 2870 492 2937 diversis
513 2868 697 2934 subiectis⁸
721 2891 750 2932 u.

197 3015 264 3067 Aur.
280 3013 313 3067 ll.
328 3013 413 3065 -De
431 3014 583 3065 discrimine
604 3012 673 3060 inter
691 3012 823 3062 actionem
844 3013 1034 3065 immanentem

496 3090 524 3136 et
542 3089 723 3135 transeuntem

130 3205 199 3270 170.
224 3203 318 3268 Actio
331 3201 502 3266 immanens
517 3218 555 3262 ea
569 3207 628 3273 est,
645 3196 737 3293 cuius
751 3198 885 3265 ellectns
901 3200 935 3265 iu
950 3203 1022 3300 ipso
1037 3214 1156 3291 agente

90 3288 196 3353 locum
218 3284 336 3363 habet,
359 3284 461 3348 itaut
487 3279 574 3347 idem
596 3278 777 3343 subrectum
805 3283 849 3349 sit
875 3284 1098 3371 principium,
1122 3297 1159 3353 et

90 3369 249 3436 terminus
271 3365 419 3445 actionis3
442 3366 528 3430 actio
551 3372 659 3427 autern
680 3364 832 3428 transiens
845 3377 957 3446 estea,
974 3372 1067 3435 cuius
1089 3384 1157 3438 ter-

421 3480 760 3501 Ν

128 3560 135 3596 ¹
155 3558 183 3610 S.
203 3554 309 3607 Tuom..
330 3558 362 3605 la
380 3554 424 3606 tto.
446 3554 559 3610 lSent„
580 3548 647 3600 orer.
669 3546 740 3609 vltl,
760 3562 788 3612 q.
809 3545 854 3610 lV,
875 3563 901 3600 a.
922 3550 938 3602 3
957 3551 990 3602 ad
1009 3550 1036 3601 3.

125 3628 178 3687 ²1.
198 3643 226 3691 q.
246 3624 367 3686 xxvtlt,
386 3642 413 3676 a.
433 3625 449 3674 2
469 3625 502 3673 ad
525 3624 549 3672 l.

126 3702 187 3753 ³1n
205 3701 251 3751 tit.
273 3701 301 3749 ll
318 3702 400 3760 Sena,
422 3695 489 3748 liist.
508 3690 564 3753 xl,
585 3710 612 3758 q.
636 3692 656 3756 l,
676 3707 703 3745 a.
723 3694 741 3743 4
759 3693 792 3744 ad
814 3694 839 3743 l.
