2475 3909
357 204 545 252 rnnonocra
565 205 756 253 nervnsnrs
1001 183 1061 254 387

22 287 131 372 liquis
152 297 259 373 potest
278 307 338 371 per
359 287 527 384 propriam
550 289 711 352 actionem
734 289 859 362 iuvare,
875 286 1103 370 praetermissa

23 369 166 455 propria
189 368 325 444 actione,
348 378 396 432 cst
418 368 613 453 insipientis,
632 380 664 434 et
685 368 788 434 Deum
804 368 964 433 tentantis.
982 367 1052 433 Hoc
1073 389 1104 432 e

24 452 103 513 nim
124 448 164 514 ad
187 448 341 514 Divinam
363 450 542 515 Bonitatem
606 451 720 525 rtinet,
743 460 780 515 ut
801 449 899 514 rebus
945 449 1102 526 revideat,

24 551 98 594 non
113 529 299 595 immediate
321 533 432 595 omnia
454 468 615 610 faciendb,
630 530 685 595 sed
708 532 772 596 alia
795 468 954 622 movendo
976 528 1016 594 ad
1030 550 1105 615 pro-

28 614 124 696 prias
145 613 299 676 actiones.
322 611 396 676 Non
417 625 467 680 est
487 616 651 700 igiturex
677 611 845 678 ectandum
868 633 886 676 a
908 611 989 688 Dec,
1011 623 1048 678 ut
1070 633 1105 676 o·

27 695 104 757 mni
125 694 252 760 actione
275 693 434 780 propria,
458 716 522 780 qua
544 694 609 760 sibi
634 635 753 778 abnuis
775 692 948 758 subvenire
973 703 1103 780 potest,

26 775 270 860 praetermissa,
294 772 381 838 Deus
402 777 434 839 ei
455 776 644 852 subveniat3
667 776 727 841 boc
749 777 837 840 enim
859 773 995 839 Divinae
1018 773 1105 839 ordi-

26 858 158 920 nationi
181 866 352 941 repugnat,
374 867 408 922 et
427 857 569 926 Bnnitati
590 859 605 922 1
629 859 697 922 sius
715 859 758 921 ¹».
781 855 817 920 ld
840 876 942 920 unum
966 855 1106 940 postula-

28 951 92 1006 tur·
111 937 152 1001 ab
172 958 228 1014 eo,
251 938 309 1020 qui
333 937 484 1004 Divinam
508 878 748 1006 Providentiam
771 938 940 1023 agnoscit,
964 951 1000 1003 ut
1021 937 1106 1002 sciti-

26 1027 86 1084 cet
109 1030 211 1085 totum
232 1019 284 1083 sui
307 1017 429 1085 laboris
451 1032 602 1088 eventum
619 1021 686 1086 Deo
710 1019 900 1095 committat,
916 1028 949 1084 et
972 1017 1106 1090 reserat,

28 1101 208 1186 ipsiusque
232 1100 429 1184 voluntatem
456 1104 490 1167 in
512 1102 665 1168 omnibus
687 1102 795 1168 animo
824 1099 985 1164 submisso
1013 1120 1107 1164 scne-

27 1191 139 1248 retur.
152 1205 170 1245 c
185 1183 272 1258 Hoc,
295 1180 406 1249 subdit
422 1181 509 1250 idem
524 1195 653 1250 sanctus
675 1183 807 1259 Doctor,
823 1179 1029 1266 dispositioni
1052 1179 1109 1244 Di-

29 1264 130 1329 vinae
145 1261 302 1338 subiacet,
317 1263 396 1348 quid
412 1267 533 1352 cuique
548 1267 731 1332 exactione
746 1284 804 1328 sua
820 1263 999 1348 proveniat.
1014 1263 1109 1329 Prae·

27 1346 116 1430 cipit
135 1367 171 1410 er
194 1367 214 1410 o
236 1344 393 1411 Dominus
415 1368 472 1412 nos
500 1369 564 1413 non
586 1347 704 1413 debere
727 1366 795 1412 esse
817 1343 1022 1410 solicitosde
1043 1365 1106 1417 eo,

29 1427 125 1512 quod
145 1366 193 1493 ad
202 1448 259 1491 nos
280 1446 345 1491 non
367 1430 519 1514 pertinet,
535 1431 661 1496 scilicet
676 1430 716 1494 de
731 1426 902 1494 eventibus
924 1436 1108 1491 nostrarum

30 1509 221 1585 actionum3
246 1523 440 1575 nouantem
462 1510 631 1595 prohibuit
653 1533 710 1579 nos
737 1530 806 1574 esse
827 1507 971 1573 solicitos
993 1506 1033 1572 de
1057 1527 1108 1579 eo,

29 1589 125 1674 quod
147 1589 188 1654 ad
209 1611 267 1655 nos
289 1594 442 1676 pertinet,
466 1593 591 1659 scilicet
612 1593 653 1658 de
676 1602 784 1659 nostro
807 1590 972 1676 opere²».

80 1672 148 1739 195.
170 1670 280 1738 Obiic.
304 1670 340 1738 t⁰
363 1672 512 1739 Admisso
535 1674 595 1740 Dei
618 1673 846 1749 Providentia,
862 1671 957 1738 cuius
980 1668 1109 1735 decreta

31 1763 126 1818 certe
149 1752 298 1819 frustrari
321 1774 385 1818 non
407 1767 551 1841 possunt,
576 1769 684 1822 actum
705 1766 754 1823 est
780 1753 821 1819 de
844 1763 952 1820 nostra
979 1751 1110 1818 liberta-

32 1849 88 1912 te;
105 1855 164 1900 nec
185 1836 253 1901 utta
274 1835 339 1901 erit
359 1837 587 1983 continpentia,
603 1839 657 1904 sed
673 1839 783 1903 omnia
808 1838 851 1902 ita
874 1846 980 1911 erunt,
997 1847 1110 1900 utnon

34 1917 164 2004 possint
185 1937 248 1982 non
270 1938 357 1995 esse,
379 1939 438 1984 nec
458 1938 475 1983 a
493 1921 555 1986 iter
573 1942 656 1986 esse.
681 1921 780 2017 Ergo.

83 1999 153 2065 196.
177 2000 274 2084 Resp.
291 2000 371 2083 Nep.
393 2012 460 2065 ont.
475 2000 535 2066 Dei
558 2001 766 2069 Providentia
789 2019 892 2084 neque
913 2017 931 2061 a
954 1995 1047 2063 nobis
1071 1997 1108 2061 ti-

33 2079 210 2159 bertatem,
226 2102 330 2166 neque
352 2083 484 2148 archus
504 2087 613 2151 contin
638 2083 767 2152 entibus
788 2081 1040 2166 contingentiam
1056 2100 1111 2145 cx-

33 2160 129 2227 ciudi
152 2163 217 2226 iam
242 2164 352 2229 docuit
380 2185 404 2229 s.
429 2165 577 2231 Thomas.
633 2189 673 2232 on
696 2165 885 2231 excluditur
912 2162 1047 2247 quidem
1076 2161 1111 2226 ii-

34 2243 160 2309 bertas.
176 2244 288 2310 «Cum
310 2246 397 2311 enim
419 2246 558 2313 Divinae
574 2249 803 2314 Providentiae
824 2266 889 2309 non
912 2245 1018 2309 sotum
1039 2242 1112 2310 sub

36 2324 161 2391 dantur
181 2327 329 2404 effectus,
350 2326 404 2392 sed
427 2331 526 2394 etiam
548 2351 692 2408 caussae,
717 2341 749 2395 et
770 2325 858 2393 modi
881 2325 1024 2403 essendi3
1048 2347 1111 2392 non

35 2410 215 2493 sequitur,
238 2407 325 2494 quod
347 2410 374 2474 si
397 2413 505 2476 omnia
526 2410 588 2478 Dei
612 2409 819 2480 Providentia
842 2421 1007 2496 aguntur,
1030 2410 1112 2474 nihii

36 2489 84 2554 sit
106 2491 140 2554 in
162 2488 271 2568 nobis;
295 2491 342 2555 sic
363 2494 450 2557 enim
472 2503 548 2560 sunt
568 2519 588 2559 n
610 2495 675 2560 Deo
691 2493 837 2578 preciso,
859 2502 896 2557 ut
915 2511 975 2576 per
996 2511 1054 2555 nos
1074 2491 1113 2555 ti·

35 2571 120 2636 bere
141 2571 392 2638 fiant⁸n1dem
413 2572 589 2640 dicendum
611 2577 650 2643 de
673 2573 955 2670 contingentibns;
972 2571 1060 2638 Deus
1082 2595 1114 2636 e·

36 2653 113 2718 nim
135 2654 204 2740 ipse
226 2653 383 2738 providit,
398 2667 436 2722 nt
456 2655 616 2742 quaedam
641 2677 834 2732 necessario,
858 2654 1017 2740 quaedam
1040 2675 1122 2743 con-u

37 2735 207 2820 tingenter
233 2737 412 2801 evenirent.
442 2739 685 2815 «Quibusdam
713 2738 881 2806 effectibus
909 2737 1115 2823 praeparavit

37 2835 174 2882 mussas
195 2819 415 2899 necessarias,
437 2828 475 2884 ut
497 2825 679 2887 necessario
706 2822 895 2896 evenirent,
917 2818 1115 2904 quibusdam

37 2917 122 2964 vero
142 2919 270 2965 caussas
292 2901 526 2988 contingentes,
547 2913 586 2968 ut
607 2905 775 2971 evenirent
797 2901 1045 2986 contingenter,
1068 2922 1115 2966 se·

39 2980 188 3046 cundum
202 2982 425 3047 conditionem
440 2986 666 3068 proximarum
681 3005 868 3052 caussarum
880 2985 893 3021 ⁸
904 3005 932 3046 n.
949 2984 1022 3050 Non
1037 3005 1116 3067 crgo

40 3059 245 3130 frustrantur
267 3062 385 3128 Divina
413 3062 561 3145 decreta3
585 3090 661 3133 nam
684 3071 745 3134 «si
770 3067 856 3132 Deus
886 3066 1028 3151 providit
1056 3066 1116 3131 boc

41 3141 207 3223 futurum,
230 3145 290 3210 boc
312 3145 390 3223 erit;
407 3146 460 3212 scd
484 3149 532 3212 sic
554 3151 632 3228 erit,
654 3150 738 3217 sicut
761 3149 847 3214 Deus
870 3148 1013 3232 providit
1033 3147 1115 3213 illud

42 3245 117 3290 csse
139 3226 301 3306 futumm;
324 3228 468 3314 providit
487 3241 598 3299 autem
622 3232 705 3299 illud
727 3253 796 3298 esse
819 3230 967 3297 futurum
990 3233 1116 3297 contin-

83 3533 91 3567 ι
115 3533 164 3594 ορ.
186 3535 243 3591 on..
264 3531 339 3593 insa..
360 3547 386 3583 ο.
410 3533 471 3584 ras.

82 3605 94 3639 ²
114 3600 179 3654 tntu.
193 3631 226 3640 -
240 3598 250 3637 ⁵
265 3603 344 3664 thid„
364 3619 390 3655 c.
406 3605 451 3666 en
472 3606 504 3658 ct
518 3610 612 3670 ettam,
632 3624 658 3661 o.
674 3609 706 3660 72
721 3613 748 3660 et
762 3607 806 3660 73.

81 3673 135 3738 ⁵1,
156 3689 185 3740 q.
206 3671 291 3740 xxtt,
312 3689 338 3728 a.
360 3678 377 3730 4
396 3692 421 3728 o.
