2475 3909
514 182 693 232 russeoem
1033 162 1115 229 a23··'

69 267 280 347 causalitatis,
303 288 428 354 nempe,
450 291 511 334 nou
531 271 626 333 datur
644 269 765 355 effeetus
785 272 850 335 siae
872 290 977 345 causa,
1000 267 1135 342 elicere;

69 362 175 438 potest
196 352 338 437 denique
357 352 571 438 contemplari
595 373 628 417 se
652 355 767 440 ipsam,
787 374 903 438 resque
925 362 1016 417 extra
1046 370 1079 415 se
1102 371 1135 414 e-

68 435 237 511 xistentes,
253 442 348 519 atque
369 445 437 499 tum
458 435 584 508 harum,
602 444 669 499 tum
684 436 825 520 suipsius
847 450 997 501 naturam
1018 452 1138 517 cogno-

67 536 169 580 scere.
197 517 297 600 Atqui
328 516 407 580 lraec
435 518 496 581 tria
523 518 707 591 sufficiunt,
731 529 767 582 ut
790 539 877 582 mens
902 538 944 583 ex
965 516 1070 599 seipsa
1093 514 1133 577 ad

68 600 220 663 notitiam
243 598 545 685 alicuiusSupremi
567 599 720 663 Numinis
742 601 933 665 existentiae
956 596 1134 684 perveniat.

68 682 157 826 quo
179 700 269 744 mens
290 690 398 745 nostra
422 700 481 766 per
501 700 540 745 ea
563 684 645 765 ipsa,
668 702 750 768 quae
772 680 951 746 adversarii
975 681 1038 766 ipsi
1062 698 1137 743 eon-

67 784 104 827 ce
129 774 199 837 unt,
223 760 263 825 ad
285 762 344 826 Dei
374 763 594 849 cognitionem
622 762 771 828 devenire
793 774 909 850 potest.
933 764 1038 839 Item,
1061 781 1136 825 cum

68 866 161 909 mens
176 855 284 909 nostra
305 846 469 910 notionem
489 843 618 908 ordinis
639 846 757 911 habere
780 849 893 931 possit,
915 853 1019 931 potest
1039 846 1136 907 etiam

69 946 181 990 rerum
202 926 350 991 ordinem
373 946 583 1011 cognoscere;
610 948 640 990 e.
689 977 711 1002 .‚
733 928 775 993 ali
800 947 858 993 uos
880 928 1137 1009 homines‚.puta

70 1017 232 1091 parentes,
256 1008 317 1073 sibi
339 1008 524 1094 superiores
545 1030 631 1085 esse,
654 948 734 1075 alios
756 948 819 1073 slli
841 1007 1010 1094 aequales,
1034 1016 1066 1071 et
1088 1026 1138 1069 re-

68 1110 143 1153 rum
166 1090 312 1154 omnium
336 1096 508 1155 Auctorem
524 1112 622 1176 supra
644 1093 750 1156 omnia
767 1112 847 1167 esse;
865 1112 928 1175 qua
954 1100 1064 1176 ropter
1079 1109 1138 1173 per

68 1172 345 1256 comparationem
367 1172 541 1249 idearum,
564 1186 597 1237 ct
617 1173 833 1239 ratiocinandi
859 1111 1045 1238 facultatem
1069 1180 1139 1255 pot-

68 1264 116 1319 est
139 1253 180 1316 arl
204 1256 423 1339 cognitionem
446 1256 536 1321 illius
558 1256 704 1321 veritatis
730 1255 860 1321 moralis
884 1256 1064 1341 pervenire,
1087 1273 1138 1315 or·

69 1337 175 1399 dinem
198 1359 218 1400 o
239 1359 270 1401 se
290 1339 325 1400 in
345 1339 413 1403 suis
433 1337 604 1402 actionibus
627 1338 810 1403 serendum
832 1360 903 1401 csse.

107 1419 161 1483 81.
178 1418 314 1483 Accedit
332 1419 418 1505 quod
443 1440 506 1485 non
530 1431 636 1508 potest
657 1422 753 1485 homo
775 1420 990 1487 institutionis
1010 1418 1139 1483 socialis

68 1499 198 1565 auxilio
219 1503 369 1568 veritates
389 1502 641 1587 apprehendere,
659 1502 720 1565 nisi
737 1503 807 1568 eius
831 1504 915 1570 ratio
937 1502 1057 1567 virtute
1073 1499 1136 1565 sibi

69 1584 205 1680 propria
229 1583 302 1648 illas
323 1586 476 1650 veritates
507 1606 547 1672 ap
573 1584 748 1650 rehendere
774 1596 882 1671 queat.
914 1586 1066 1659 Etenim,
1088 1582 1139 1647 uti

69 1663 149 1729 alibi
165 1664 393 1731 adnotavimus
407 1668 431 1743 ⁴,
445 1677 521 1731 tuuc
542 1606 697 1731 discimus
720 1670 882 1743 veritates,
899 1687 980 1753 quas
1001 1664 1057 1729 alii
1074 1685 1138 1729 non

68 1746 198 1824 docent,
221 1768 295 1811 cum
311 1746 505 1833 applicando
526 1748 684 1833 quaedam
710 1751 871 1835 principia
895 1750 987 1815 nobis
1009 1758 1082 1811 nota
1098 1745 1139 1809 ad

69 1828 218 1915 aliquam
241 1832 470 1914 particularem
492 1832 674 1906 materiam,
699 1842 730 1897 ct
750 1831 867 1897 exinde
891 1828 1059 1897 inserendo
1082 1829 1139 1892 ali-

68 1932 151 1997 quas
174 1912 414 1988 conclusiones,
437 1913 663 1997 cognoscimus
686 1925 795 1977 utrum
818 1935 872 1989 ea,
896 1935 979 1999 quae
1001 1908 1042 1974 ab
1065 1911 1138 1974 aliis

70 1993 167 2058 nobis
190 1994 416 2090 explicantur,
439 1995 616 2069 sinisera,
638 2016 749 2059 necne.
773 1994 881 2072 Quare
904 1997 959 2079 qni
984 1992 1062 2059 dicit
1083 1995 1139 2057 ho-

70 2076 197 2140 minem
227 2077 439 2141 institutionis
471 2075 600 2141 socialis
628 2074 773 2141 subsidio
800 2076 838 2141 ad
864 2078 1008 2142 veritatis
1029 2097 1067 2140 co
1091 2076 1139 2138 ni-

69 2160 195 2222 tionem
225 2159 417 2241 pervenire,
441 2159 468 2221 is
490 2158 610 2224 latetur
636 2179 705 2222 esse
728 2160 761 2221 in
784 2158 911 2223 hunnine
934 2160 998 2223 vim
1020 2156 1060 2223 ad
1104 2177 1139 2221 as

69 2240 226 2305 veritates
248 2242 316 2305 suis
338 2240 479 2325 propriis
500 2240 746 2326 operationibus
768 2240 1015 2325 cognoscendas.

104 2322 160 2391 82.
177 2320 219 2388 Ut
233 2321 491 2388 adversariorum
507 2345 543 2387 ar
589 2332 696 2387 menta
712 2321 808 2386 facile
823 2324 1045 2397 exsolvantur,
1060 2322 1137 2385 setis
1203 2331 1207 2344 ¹

66 2414 115 2470 est
137 2406 216 2469 haec
237 2407 348 2470 animo
369 2403 524 2470 recolere:
559 2403 574 2434 ⁰
587 2402 694 2469 Cerdo
717 2405 956 2469 coutroversiae
980 2424 1043 2467 non
1067 2424 1137 2466 ver-

66 2488 152 2552 titur
175 2488 209 2551 in
230 2507 282 2564 eo,
304 2499 428 2561 utrum,
448 2506 548 2551 necne
570 2486 688 2550 multas
709 2486 873 2562 veritates,
897 2488 931 2550 in
954 2485 1136 2570 primisque

66 2569 316 2657 metaphysicas‚
337 2580 370 2635 et
391 2567 530 2633 morales
552 2567 594 2631 ab
616 2567 815 2643 homiuibus,
831 2588 970 2651 quorum
986 2567 1137 2633 societate

66 2652 207 2728 utimur,
230 2652 436 2727 edoceamur,
459 2649 515 2714 sed
538 2650 572 2713 in
594 2670 644 2723 eo,
668 2660 791 2726 utrum,
814 2670 913 2714 necne
936 2649 979 2726 ii,
1003 2648 1059 2733 qui
1083 2669 1139 2714 au-

65 2731 149 2797 xilio
165 2734 379 2799 iustitutionis
400 2732 530 2798 socialis
552 2741 712 2808 carerent,
729 2740 857 2815 possent
878 2750 1070 2815 cognoscere
1085 2752 1139 2797 ve-

65 2816 184 2882 ritates
205 2816 415 2896 universales,
438 2836 501 2880 non
523 2834 602 2879 exce
628 2814 682 2890 tis,
705 2814 817 2879 saltem
838 2813 949 2912 aliqua
971 2836 1013 2879 ex
1035 2826 1137 2900 parte,

66 2897 308 2986 metaphysicis,
330 2909 363 2965 et
384 2894 572 2963 moralibus.
654 2895 818 2962 Institutio
841 2893 970 2960 socialis
994 2897 1138 2961 maximo

67 2978 258 3046 adiumento
278 2991 328 3046 est
345 2981 482 3057 homini,
497 2987 533 3043 ut
547 2978 580 3041 in
595 2978 783 3123 coquitione
804 2978 874 3043 veri
897 2977 1137 3063 progrediatur.

67 3065 126 3127 llst
147 3062 224 3127 inde
245 3060 363 3128 inferri
389 3084 429 3126 ne
452 3063 500 3127 uit
529 3070 602 3125 ante
631 3060 742 3138 llam,
767 3081 804 3124 ae
826 3062 894 3126 sine
917 3059 974 3123 illa
996 3060 1137 3125 hominis

64 3145 229 3208 rationem
250 3144 355 3209 evolvi
378 3084 464 3209 nulla
484 3142 609 3207 ratione
630 3162 732 3226 posse.
750 3140 783 3208 3⁰
798 3140 999 3219 Adversarii,
1014 3150 1051 3205 ut
1064 3160 1141 3225 prs-

66 3224 143 3291 bent
164 3226 312 3293 homines
333 3226 400 3291 siue
424 3224 548 3291 auxilio
577 3224 792 3289 institutionis
813 3222 964 3300 socialis,
992 3220 1137 3308 adeoque

66 3309 138 3373 siue
159 3328 308 3374 sermone
330 3306 451 3373 nullam
474 3308 644 3372 veritatem
670 3326 862 3391 cognoscere
892 3325 1006 3393 posse,
1035 3306 1140 3368 nomi-

67 3400 145 3456 nant
159 3411 224 3455 non
240 3411 359 3476 paucos
378 3388 656 3455 surdomutorum
678 3388 891 3465 institutores
908 3388 964 3473 qui
981 3395 1139 3452 testantur

67 3471 312 3554 surdo-mutos,
336 3484 506 3559 antequam
528 3469 569 3535 ad
590 3468 805 3536 methodicam
827 3470 1064 3537 institutionem
1085 3468 1139 3533 ad-

103 3663 211 3732 ¹Log.,
232 3681 259 3732 p.
281 3664 326 3729 lll,
348 3679 373 3716 c.
394 3663 428 3727 V,
448 3678 475 3715 a.
499 3665 523 3724 l,
543 3677 571 3728 p.
592 3663 638 3715 93.
