2475 3909
182 157 223 223 fid
572 173 773 223 tonicae

30 241 50 283 ¹·
139 283 214 327 vera
237 261 323 337 sint,
347 260 440 343 quia,
463 279 537 323 cum
559 257 791 327 demonstratio
813 284 831 326 a
853 259 1025 346 principiis
1046 258 1192 346 pendeat,

140 344 228 409 nulla
250 344 314 410 erit
334 340 576 420 demonstratio,
600 343 662 407 nisi
685 344 846 442 principia
867 363 941 407 vera
955 363 1023 408 esse
1038 354 1194 409 sumatur.

180 428 231 493 49.
255 424 496 491 advertendum
518 424 570 491 hic
591 434 640 490 est
661 428 822 511 principia
843 425 996 510 distingui
1013 428 1047 490 in
1061 445 1195 506 commu-

140 509 216 587 nio,
245 520 278 575 et
343 510 443 592 oprio.
474 508 666 574 Communia
687 531 724 575 ea
749 519 846 585 sunt,
874 528 957 593 quac
984 508 1018 571 in
1046 507 1195 573 omnibns

141 593 288 658 scientiis
322 611 416 655 ocum
438 589 590 657 habent¹.
615 590 750 677 Propria
772 601 895 670 antem,
938 610 999 653 uae
1020 590 1103 654 circa
1125 592 1197 654 sun

141 674 223 739 iecta
244 672 442 761 singularum
468 675 677 739 scientiarum
705 684 885 739 versantur.
908 612 946 738 d
971 693 1017 757 g.‚
1039 674 1197 758 principia

139 759 274 843 propria
296 756 489 843 geometriae
518 768 592 822 sunt
612 777 647 821 ea
669 777 753 840 quae
780 758 961 843 respiciunt
987 758 1196 839 quantitatem

139 839 359 905 continuam².
382 839 448 902 lam
473 850 541 905 tum
563 839 725 934 principia
740 838 936 912 communia,
952 849 1019 902 tum
1034 839 1194 984 principia

140 921 273 1007 propria
294 922 363 988 sine
386 922 452 986 ulla
473 921 744 987 demonstratione
771 932 944 985 sumuntur
966 922 1000 984 in
1022 922 1076 985 ila
1097 923 1198 985 scien-

140 1002 206 1081 tia,
228 1006 262 1068 in
283 1025 349 1089 qua
371 1003 588 1080 adhibentur;
611 1006 638 1069 si
659 1005 748 1068 enim
769 1001 1014 1068 demonstranda
1039 1014 1144 1068 essent
1165 1005 1197 1067 in

141 1085 254 1151 eadem
276 1090 423 1164 scientia,
446 1096 522 1152 tunc
544 1108 606 1150 non
628 1094 733 1151 essent
754 1085 914 1182 principia
931 1084 1019 1151 illins
1034 1086 1194 1160 scientiae,

161 1170 218 1234 uia
241 1169 418 1256 quidquam
444 1170 534 1253 prius
556 1167 622 1250 illis
643 1170 676 1233 in
698 1190 737 1231 ea
758 1168 890 1232 scientia
917 1164 1034 1232 loret⁸.
1057 1170 1100 1232 At
1122 1188 1195 1231 vero

138 1186 220 1322 dtus
243 1254 374 1319 interest
396 1253 481 1316 inter
501 1254 662 1341 principia
680 1249 879 1327 communia,
900 1259 933 1314 et
953 1250 1098 1338 propria,
1112 1248 1198 1335 quod

139 1336 322 1399 communia
344 1343 418 1400 sunt
439 1354 480 1397 ex
502 1355 535 1398 se
557 1335 743 1419 perspicua,
765 1333 904 1415 ideoque
926 1330 1097 1406 eiusmodi,
1115 1343 1151 1398 ut
1165 1334 1196 1395 in

138 1414 227 1481 nulla
249 1419 385 1484 scientia
406 1416 618 1481 demonstrari
643 1413 809 1512 indigeant
819 1415 845 1490 ⁴3
870 1416 1113 1499 propalavero,
1137 1414 1196 1478 etsi

138 1516 202 1561 non
224 1497 484 1567 demonstrentur
505 1499 539 1562 in
559 1520 598 1569 ea
621 1498 778 1574 scientia,
807 1496 900 1561 cuius
920 1506 995 1561 sunt
1018 1496 1193 1582 principia,

138 1592 271 1664 possunt
292 1593 399 1648 tamen
420 1580 631 1645 demonstrari
653 1580 687 1643 in
708 1580 773 1644 alia
794 1578 929 1645 scientia
955 1580 1131 1663 superiori.
1155 1580 1197 1642 Ε-

138 1661 268 1748 xemplo
291 1666 332 1729 sit
355 1662 433 1728 illud
455 1663 663 1749 principium,
685 1674 835 1747 cpuncto
857 1660 896 1722 od
916 1673 1064 1743 punctum
1084 1660 1196 1729 lineam

136 1756 251 1808 rectam
273 1746 394 1823 ducere
416 1746 475 1811 hoc
496 1746 584 1809 enim
603 1745 818 1830 principium,
833 1751 871 1806 ut
887 1762 911 1805 s.
927 1741 1064 1807 Thomas
1078 1744 1196 1828 inquit,

138 1850 156 1889 a
172 1830 326 1914 supponit
346 1829 530 1905 Geometra,
553 1837 585 1892 et
606 1825 722 1912 probat
735 1823 912 1901 Naturalis,
928 1825 1095 1889 ostendens
1111 1823 1196 1910 quod

137 1910 223 1977 inter
244 1910 409 1994 quaelihet
429 1909 494 1973 duo
516 1921 633 1993 puncta
654 1909 698 1973 sit
717 1908 804 1971 linea
825 1916 911 1971 recte
934 1905 1063 1971 media⁵
1079 1930 1109 1971 n.

263 2039 331 2093 Aer.
345 2040 378 2092 ΙΙ.
389 2036 465 2090 -lle
486 2042 597 2090 termlno
617 2037 705 2089 medio
723 2036 867 2102 syllogismi
885 2036 1081 2089 demonstrativi

176 2155 227 2219 50.
252 2152 421 2217 Terminus
442 2147 567 2214 medius
589 2149 767 2246 syllogismi
783 2147 1088 2217 demonstrativiest
1101 2174 1198 2219 causa

137 2236 208 2310 rei,
230 2256 312 2319 qnae
334 2230 580 2297 demonstranda
601 2232 786 2316 suscipitur.
812 2231 854 2296 Et
874 2250 967 2309 sane,
990 2233 1196 2320 syllogismus

136 2316 407 2385 demonstrativus
429 2313 535 2399 gignit
556 2315 589 2377 in
611 2313 705 2378 nohis
719 2313 888 2378 scientiam
904 2314 963 2379 rei.
979 2318 1077 2402 Atqui
1093 2320 1199 2384 scien·

138 2404 192 2481 tia,
215 2401 264 2465 uti
286 2420 361 2463 mox
383 2398 538 2471 dice‘mns,
561 2405 610 2460 est
631 2395 775 2478 cognitio
790 2396 838 2459 rei
854 2416 913 2479 per
928 2403 1092 2464 cansam‘.
1110 2402 1197 2486 Ergo

136 2504 233 2549 causa
247 2482 294 2547 rei
307 2492 356 2547 est
370 2478 496 2545 medius
511 2478 668 2543 terminus
682 2478 716 2541 in
730 2477 915 2565 syllogismo
930 2477 1193 2550 demonstrativo.

175 2566 226 2632 51.
251 2564 318 2628 lam
340 2560 505 2649 quaelibet
525 2582 632 2637 causa,
654 2580 767 2645 nempe
789 2561 857 2624 sive
879 2562 1032 2641 efficiens,
1047 2564 1116 2630 sive
1132 2587 1197 2629 ma·

137 2648 272 2723 terialis‚
296 2648 363 2710 sive
384 2644 541 2721 formalis,
557 2645 625 2709 sive
640 2640 745 2708 llnalis
756 2642 781 2720 ¹,
797 2640 896 2706 medii
913 2648 1042 2710 termini
1060 2669 1197 2713 munere

137 2730 230 2816 iungi
275 2738 368 2795 otest.
392 2729 429 2792 E.
454 2746 498 2811 g„
522 2724 846 2812 «quandocumque,
868 2738 907 2792 ut
928 2727 975 2792 ait
995 2750 1020 2793 s.
1042 2728 1196 2804 Thomas,

137 2748 272 2899 aliquidp
280 2810 518 2876 demonstratur
539 2806 577 2873 de
600 2817 666 2875 tolo
681 2828 740 2905 per
753 2819 871 2894 partes,
895 2808 1026 2875 videtur
1047 2833 1117 2878 esse
1141 2811 1197 2877 de-

137 2895 324 2961 monstratio
346 2911 404 2977 per
425 2912 554 2957 censam
576 2890 786 2966 materialem
803 2900 910 2988 partes
925 2894 1013 2956 enim
1028 2916 1060 2959 se
1076 2894 1197 2961 habent

137 2977 176 3043 ad
197 2988 300 3047 totum
322 2972 497 3043 secundum
517 2976 678 3041 rationem
699 2974 877 3039 materiae⁸
891 2997 920 3038 n.
943 2975 977 3042 Si
997 2973 1198 3045 demonstra·

170 3230 181 3265 ¹
200 3225 286 3290 Vulgo
305 3226 450 3279 automata,
471 3220 524 3270 sire
543 3219 679 3282 capacem
697 3222 893 3280 nuncupantur.

169 3301 181 3337 ²
200 3296 240 3353 Ad
250 3298 315 3349 haec
329 3295 455 3359 principia
469 3291 575 3355 propria
588 3296 747 3341 revocantur
757 3291 939 3353 praenotlones
950 3291 1022 3341 circs
1033 3290 1196 3349 subiectum,

134 3388 213 3440 quae,
233 3378 263 3422 ut
281 3372 360 3435 paulo
379 3372 440 3418 aute
458 3366 590 3420 diximus.
611 3367 672 3413 sunt
690 3364 803 3428 definitio
821 3364 972 3420 nominalis,
991 3369 1018 3413 et
1037 3368 1193 3429 suppositio.

170 3446 181 3482 ὅ
200 3440 235 3496 (Il
250 3458 272 3495 s.
293 3439 401 3497 Tuom..
421 3442 452 3490 ln
470 3438 516 3489 lto.
535 3439 549 3487 1
565 3438 679 3493 Pastor„
699 3436 763 3485 lect.
784 3431 855 3485 xlx.
868 3432 924 3473 -l
946 3437 1009 3486 leid.

171 3518 183 3554 ³
203 3520 253 3581 Op.
272 3520 326 3574 eit„
349 3516 410 3565 lent.
432 3507 534 3564 V.-⁶
554 3503 591 3559 Cl
605 3510 712 3559 interim
732 3521 759 3570 p.
779 3508 824 3558 57.

170 3590 182 3626 ⁷
201 3588 238 3640 lle
257 3588 297 3638 liis
316 3598 458 3638 cansarum
477 3582 614 3647 speciebus
633 3584 660 3631 in
680 3581 814 3645 Ontoloqtc
833 3581 1001 3636 disseremus.

171 3664 232 3714 *ln
252 3661 296 3713 tit.
317 3662 344 3712 ll
362 3662 461 3710 Poster.
482 3656 574 3713 Anat,
595 3656 658 3705 lect.
679 3650 725 3729 lli.
