2475 3909
124 127 188 196 984
497 127 749 190 onsrnaronoana

84 239 278 306 narrarunt;
300 229 444 313 aliasque
467 249 529 293 non
549 247 668 325 paucas
696 226 855 291 veritates.
876 224 1094 302 Quamobrem
1117 225 1156 293 ti-

84 327 137 379 cet
158 312 248 377 nobis
273 314 316 378 ita
338 322 574 394 argumentari:
597 307 772 384 veritates,
794 309 861 373 sine
884 300 1004 392 quibus
1020 308 1155 375 Revela·

85 395 133 459 tio
156 404 301 460 constare
335 416 373 459 ne
400 394 474 467 uit,
496 400 659 487 tamquam
690 402 799 456 certae
831 388 995 455 habendae
1017 412 1036 454 a
1058 391 1153 457 nobis

84 490 170 553 suut,
194 485 367 573 antequam
413 474 604 540 evolationis
619 472 824 537 existentiam
837 493 1077 557 cognoscamus.
1097 479 1154 542 At·

83 560 141 644 qui
166 557 447 623 Traditronalistae
468 553 665 622 contendunt
687 554 759 619 illas
779 554 918 621 incertas
939 555 1033 621 nobis
1057 578 1151 639 csse,

83 651 257 723 antequam
273 640 482 706 Revelationa
498 639 708 703 innotescant.
732 637 831 721 Ergo,
854 636 1032 702 secundum
1051 640 1152 725 ipsos,

82 722 204 788 incerta
227 731 310 787 esset
338 725 407 806 ipsa
428 719 649 787 Revelationis
675 720 870 796 existentia,
893 730 926 783 et
947 720 1082 805 proinde
1102 723 1153 787 in·

83 816 169 869 certa
190 806 289 869 etiam
311 805 433 879 omnia,
455 824 538 889 quae
561 801 731 866 Revelatio
752 802 976 886 complectitur
996 802 1019 864 ¹.

123 887 193 951 140.
218 886 299 951 Cum
322 886 401 950 haec
423 888 469 952 ita
490 906 523 949 se
544 881 694 962 babeant,
718 904 773 947 nos
795 885 937 949 mediam
962 886 1048 951 inter
1074 887 1152 951 Tra-

80 965 305 1046 ditionalistas‚
322 978 354 1034 et
367 966 596 1035 Rationalisias
608 966 695 1029 viam
707 965 872 1031 terendam
883 973 953 1032 es'se
967 987 1148 1035 censemus.

80 1048 285 1124 Quare,dum
300 1059 410 1115 contra
426 1048 655 1115 Rationalistas
669 1047 891 1114 contendimus
905 1049 1149 1117 Reveletionem

80 1129 233 1197 Divinam
257 1130 381 1216 philoso
406 1130 459 1209 bo,
481 1133 538 1216 qui
562 1132 632 1195 sine
653 1150 764 1195 errore
785 1132 818 1195 in
841 1133 910 1198 suis
932 1133 1150 1216 inquisitioni-

79 1211 142 1279 bus
163 1235 222 1299 pro
263 1212 313 1278 edi
339 1154 428 1290 rub,
452 1215 585 1279 omnino
606 1210 835 1277 consulendam
857 1234 948 1290 esse,
973 1215 1148 1280 asserimus

77 1308 191 1362 contra
242 1293 494 1364 raditionatistas
522 1300 682 1361 rationem
703 1294 901 1373 humanam,
923 1296 1051 1369 etiarnsi
1078 1318 1150 1361 mo-

79 1377 192 1444 raliter
213 1391 387 1463 spectetur,
408 1402 451 1447 ex
472 1400 505 1444 se
527 1378 597 1462 ipsa
614 1398 676 1441 non
716 1396 874 1442 aucarum
890 1378 1063 1446 veritatum
1074 1400 1148 1443 car-

78 1460 252 1528 titudinem
273 1462 416 1548 assequi,
438 1482 530 1527 secus
553 1481 659 1546 neque
708 1457 922 1527 evolationem
936 1480 1145 1547 cognoscere,

75 1551 113 1607 et
131 1544 312 1619 consulere,
336 1566 440 1629 neque
463 1544 537 1609 illas
560 1542 736 1609 famulatus
760 1552 880 1625 partes,
894 1564 976 1627 quas
993 1545 1026 1609 in
1042 1546 1148 1611 lutro-

75 1623 218 1691 ‹luutioua
240 1626 386 1696 diximus
399 1628 428 1703 ²,
440 1646 520 1711 erga
533 1624 685 1709 dogmata
700 1623 840 1691 revelata
854 1624 985 1712 explere
1002 1638 1108 1713 posset
1118 1628 1145 1690 ⁸.

374 1798 662 1847 vonvurnrs
698 1803 846 1850 ansul

533 1898 696 1967 FiiilS

468 2312 806 2331 ῃ

108 2374 121 2415 ¹
141 2374 218 2430 Sacra
239 2373 355 2429 Romana
376 2372 549 2443 congregatio
571 2377 665 2431 iudicis
678 2382 720 2433 die
736 2383 770 2434 ts
783 2385 838 2435 iun.
856 2388 926 2439 tens
944 2394 1060 2453 quatuor
1079 2408 1144 2456 pro-

72 2451 236 2514 positiones,
263 2451 357 2514 quibue
382 2452 522 2513 praecipua
543 2454 631 2515 capite
657 2458 871 2509 traditiouuttsmi
894 2462 1081 2524 perimuntur,
1101 2467 1142 2517 ci.

71 2520 185 2587 August.
207 2520 352 2588 bonnettyo
372 2523 572 2575 subscribendae
591 2528 746 2577 transmisit.
768 2525 806 2580 Ex
825 2532 867 2581 bis
885 2533 951 2582 dirae
969 2538 1032 2586 satis
1046 2539 1080 2587 eit
1094 2538 1141 2591 bia

70 2593 182 2646 referre:
205 2596 232 2645 l¹
250 2598 421 2647 Ratiocinatio
441 2598 487 2647 Det
504 2600 675 2656 existentiam,
697 2604 801 2651 animae
818 2608 1035 2667 spiritualitatem,
1054 2612 1143 2660 tome.

70 2670 114 2714 uis
126 2668 265 2719 ubertatem
283 2684 340 2719 aum
359 2670 508 2719 certitudine
525 2670 637 2731 probare
651 2680 744 2735 poteet.
768 2676 841 2724 lidae
858 2683 985 2741 posterior
1003 2690 1040 2731 est
1059 2685 1142 2735 liene-

70 2738 176 2797 tunam,
195 2743 351 2804 proindeque
369 2742 584 2804 adprobandum
603 2744 652 2793 net
669 2748 830 2796 maurium
854 2758 946 2802 contra
965 2754 1083 2820 utbeump
1102 2758 1141 2806 ad

68 2810 233 2874 probandam
251 2816 356 2864 animae
373 2814 511 2865 rationulis
529 2814 747 2878 spiritualitatem,
767 2833 800 2869 aa
817 2821 960 2874 ilbertutem
979 2834 1069 2877 aautra
1088 2842 1142 2878 ssa·

69 2882 199 2933 tse'aliemi
211 2893 234 2935 et
242 2884 370 2947 futatirmt
381 2894 531 2937 sectatorem
550 2887 661 2950 allegari
677 2894 855 2942 coaumteuter
867 2908 921 2943 stou
933 2904 1024 2959 pateat.
1040 2898 1070 2948 Β·
1084 2901 1139 2951 ita-

70 2956 150 3005 tiouis
168 2970 229 3007 usus
247 2958 335 3007 Fidem
351 2960 573 3021 premeditatae
589 2974 647 3009 eum
665 2974 712 3025 ope
729 2964 901 3026 rwdatiaus'e,
922 2976 945 3019 et
955 2972 1056 3034 gratiae
1073 2986 1141 3021 cau.

105 3098 184 3163 ’Pp-
204 3098 221 3150 3
240 3105 266 3150 et
285 3102 314 3151 t.

104 3170 117 3208 ³
135 3166 218 3223 Lubet
237 3173 304 3224 baec
322 3170 361 3223 Pii
374 3170 431 3224 ee.
452 3168 487 3223 lX
505 3174 616 3224 oraculo
635 3176 803 3228 contlrmere.
826 3176 884 3242 lpse
902 3182 974 3233 enim
990 3184 1135 3253 inermes.

66 3244 103 3291 ad
121 3258 210 3295 amnes
230 3247 398 3298 Patriurebue
414 3251 468 3295 etc.
483 3246 499 3296 9
519 3260 580 3297 nor.
596 3248 674 3307 1846,
690 3263 755 3305 rem.
769 3251 863 3315 deque
877 3256 992 3318 agimus,
1005 3257 1135 3320 breviter,

64 3318 95 3365 et
114 3316 228 3367 dilucida
247 3320 283 3369 lta
301 3318 429 3369 deliniens
452 3337 463 3362 ι
487 3316 587 3369 Ambae
606 3316 714 3381 (Fides,
734 3326 761 3372 et
779 3318 867 3389 ratio)
886 3328 922 3378 ite
941 3329 992 3378 sibi
1011 3336 1137 3385 mutuans

66 3400 146 3450 opem
167 3389 266 3450 ierunt,
288 3397 316 3441 ut
336 3394 407 3441 recta
428 3392 494 3441 ratio
513 3386 585 3440 Fidei
605 3394 743 3445 raritatem
759 3395 931 3457 demonstret,
949 3404 1067 3460 tneetnr,
1088 3405 1138 3455 de·

67 3459 169 3517 tendet,
199 3458 275 3512 Fides
293 3476 356 3515 raro
375 3464 503 3514 rationem
522 3462 556 3513 ab
574 3465 697 3517 omuibus
725 3468 860 3517 erroribus
884 3471 998 3532 liberet,
1019 3487 1135 3540 eamque

63 3528 223 3661 gisinarum
242 3547 331 3587 rerum
350 3536 498 3601 cognitione
518 3534 630 3589 mirifice
649 3539 780 3600 illustret,
801 3540 951 3606 confirmet,
971 3551 1139 3616 etqneper·

89 3603 142 3658 aiei
163 3621 189 3655 s.
