2475 3909
144 135 201 202 136
538 145 740 196 cosuoueom

103 248 188 302 sunt.
212 235 322 312 Quare
346 254 363 292 n
380 228 497 294 bruta.
517 277 523 292 .
544 278 551 292 .
575 241 756 316 sequuntur
784 224 948 318 iudicium
974 218 1036 284 sibi
1060 241 1077 282 u
1099 215 1173 281 Deo

105 319 245 384 inditum
262 317 272 354 ¹
291 334 325 391 »;
340 322 373 378 et
397 311 531 396 proinde
554 333 572 375 u
588 313 705 378 babent
727 322 833 375 motus
855 309 1038 378 interiores,
1061 313 1094 366 et
1114 323 1174 396 ex-

105 402 243 464 teriones
265 395 389 462 similes
405 393 546 459 motibus
567 395 765 470 rationis2»,
779 394 823 457 ito
845 400 882 455 ut
896 411 913 449 u
929 384 1070 451 habeant
1083 405 1174 468 prm·

107 483 228 568 cipium
250 477 435 546 ordinatum
458 475 497 540 de
520 475 686 563 aliquibus
698 477 741 537 ⁸».

284 614 352 668 Aur.
366 611 547 668 lli-Utrum
567 618 656 666 anime
676 615 814 664 brutorum
835 613 990 671 materialis,

337 702 371 739 en
390 688 574 738 immaterialis
593 689 705 738 dicende
724 689 768 746 eit,
790 687 932 750 inquiritur

147 812 216 878 103.
243 811 411 888 Animam,
426 832 562 896 eamque
586 809 790 884 sentientem,
814 806 933 872 belluis
955 808 1058 870 inesse
1081 804 1178 868 novi-

108 915 188 960 mus.
212 895 281 957 lem
303 894 423 970 anime,
446 914 529 978 quae
551 893 584 956 in
606 890 725 957 belluis
746 901 885 977 vegetat,
907 888 1072 960 cescum,
1093 908 1175 962 una,

107 986 139 1040 et
160 973 270 1039 eadem
293 995 363 1040 esse
386 973 492 1042 debet.
515 975 563 1038 lie
584 973 717 1060 quidem
742 993 829 1051 vera,
852 971 1062 1056 principium,
1084 969 1177 1053 quod

106 1059 139 1121 in
156 1057 261 1122 brutis
283 1066 424 1141 vegetat,
440 1057 594 1134 uisendi,
610 1076 725 1122 eorum
746 1053 851 1120 forma
867 1049 1090 1123 substantialis
1104 1072 1176 1115 esse

50 1171 56 1174 -
106 1137 213 1215 debet,
236 1139 314 1225 quie
335 1149 384 1204 est
405 1139 499 1216 illud,
522 1159 649 1224 exque
672 1137 767 1202 bruta
789 1139 823 1202 in
845 1158 903 1202 suu
926 1135 1033 1222 specie
1056 1134 1177 1198 consti-

106 1231 264 1298 tuuntur,
286 1229 380 1286 etex
402 1243 466 1307 que
488 1221 621 1287 effectus
641 1219 706 1285 sibi
728 1219 878 1365 proprios
900 1217 1096 1304 producunt.
1123 1220 1179 1280 m-

129 1304 163 1368 ui
183 1351 191 1379 ‚
215 1315 250 1371 ut
276 1301 355 1367 alibi
378 1305 543 1370 innuimus
558 1305 584 1379 ⁴,
609 1305 643 1368 iu
664 1323 730 1387 quo
742 1303 811 1366 ibet
835 1302 1013 1386 composito
1031 1299 1174 1364 naturali

122 1405 213 1449 orma
235 1384 457 1452 substantiolis
477 1406 541 1450 non
557 1386 621 1450 nisi
637 1406 700 1450 una
721 1405 790 1448 esse
811 1393 927 1468 potest.
950 1384 1037 1468 Ergo
1057 1401 1177 1457 unum,

107 1477 140 1532 et
163 1467 248 1532 idem
270 1477 318 1532 est
340 1469 562 1556 principium,
585 1466 672 1552 quod
696 1469 729 1532 iu
751 1465 856 1531 brutis
876 1476 1027 1550 vegetat,
1050 1471 1085 1526 et
1106 1485 1178 1530 sen·

107 1551 148 1614 tit
162 1551 185 1611 ⁵.
208 1548 292 1626 Quia
315 1569 393 1614 vero
416 1549 548 1616 brutum
570 1559 719 1614 naturam
751 1569 841 1612 suam
863 1547 1048 1632 sper-iliram
1076 1548 1178 1612 sumit

108 1651 170 1694 non
193 1652 235 1695 en
257 1651 308 1708 eo,
330 1630 416 1777 ‹puod
439 1639 592 1730 vegetat,
616 1631 670 1697 sed
694 1653 735 1695 cx
756 1651 809 1708 eo,
831 1629 919 1716 quod
942 1633 1039 1696 sentit
1054 1628 1082 1707 ⁶,
1105 1650 1178 1692 eon
1233 1692 1234 1713 2

107 1733 245 1797 sequens
266 1722 314 1779 est
335 1714 416 1778 rlud
444 1735 579 1780 umcum
605 1715 835 1800 principium,
858 1711 943 1798 quod
965 1710 1075 1778 forme
1103 1709 1179 1777 sub
1233 1792 1234 1797 ἵ

477 1837 769 1854 mn

146 1887 157 1928 ¹
178 1895 226 1956 (lp.
248 1895 301 1950 cit,
315 1905 343 1956 q.
359 1892 419 1950 cit„
433 1905 460 1941 r.
476 1891 487 1939 l
505 1889 593 1942 c.-²
614 1889 641 1940 l·
660 1889 711 1949 ἐκ,
726 1845 861 1953 milvi,
875 1903 902 1939 e.
918 1880 979 1940 ded
993 1889 1024 1940 Ξ,

145 1963 156 1999 ³
177 1967 225 2028 οη.
242 1967 339 2028 dtrpp„
355 1963 418 2014 ibid.
433 1977 459 2013 u.
473 1962 489 2013 2
505 1977 530 2013 c.
545 1959 644 2014 Exinde
663 1969 772 2012 eauctne
791 1959 888 2012 {lector
907 1965 1038 2012 rationem
1058 1964 1179 2026 exponit.

108 2049 160 2101 que
181 2037 256 2086 bruta
277 2037 420 2098 qrrrmdnm
439 2039 604 2098 prudentiam
622 2039 792 2099 participum,
811 2040 839 2084 et
857 2035 945 2096 ludere
962 2049 1181 2099 proecopnereere

109 2110 243 2160 dicuntur.
263 2106 337 2172 Quod
356 2108 389 2157 ed
409 2109 576 2170 prudentiam
598 2109 704 2167 attinet,
725 2109 761 2157 ita
781 2108 877 2170 inquit:
894 2127 904 2152 ι
922 2104 962 2157 lix
975 2107 1026 2156 bec
1038 2109 1180 2171 contingit.

109 2182 179 2245 quod
199 2183 224 2231 in
243 2181 367 2244 operibus
386 2181 523 2230 brutorum
537 2182 692 2230 animalium
712 2185 842 2241 apparent
859 2181 992 2246 quaedam
1006 2182 1180 2242 capacitates.

109 2257 138 2305 in
157 2257 286 2317 quantum
308 2253 405 2301 babent
425 2253 623 2302 inclinationem
642 2253 792 2302 naturalem
812 2253 845 2301 ed
864 2253 994 2314 quosdam
1013 2254 1182 2303 ordinatissi-

109 2340 168 2390 mos
187 2338 336 2388 processus,
357 2330 449 2388 utpote
468 2338 482 2374 a
503 2339 606 2375 summe
627 2331 684 2374 arte
704 2325 848 2374 ordinatos.
865 2321 898 2374 lit
913 2331 1020 2386 propter
1032 2325 1085 2376 hoc
1099 2328 1182 2375 etium

110 2402 241 2462 quaedem
262 2398 386 2447 errimelie
407 2397 532 2448 dicuntur
552 2398 701 2458 prudentie,
721 2400 763 2447 rel
782 2399 909 2459 regemn
929 2411 981 2446 nou
1001 2398 1074 2460 quod
1094 2399 1125 2447 iu
1145 2400 1182 2448 eie

111 2473 145 2523 uit
164 2473 252 2534 ulique
274 2471 352 2529 retio,
374 2469 415 2519 rel
434 2471 541 2520 electio:
562 2471 631 2534 quod
650 2483 683 2519 ex
702 2468 753 2519 boc
772 2476 892 2532 apparet,
906 2471 976 2534 quod
995 2470 1097 2526 omniu.
1113 2484 1182 2534 quae

111 2550 172 2594 eunt
192 2543 270 2592 unius
290 2548 411 2602 naturae,
433 2543 555 2592 similiter
573 2547 719 2605 operantur
736 2560 760 2600 ις
778 2542 804 2590 1³
817 2541 868 2599 2⁸⁸,
888 2555 915 2605 q.
931 2539 1004 2600 lllll,
1024 2541 1083 2591 m!
1105 2545 1140 2592 ed
1155 2545 1181 2592 3.

110 2613 201 2680 Quoad
220 2621 310 2664 autem
328 2616 475 2677 [uterorum
494 2617 742 2678 praecognitionem:
759 2634 769 2658 ι
786 2610 826 2664 Ex
842 2615 967 2665 instinctu
987 2616 1105 2664 naturali
1128 2629 1185 2664 mo-

111 2694 189 2738 retur
207 2687 306 2736 animal
320 2687 352 2736 ed
366 2687 466 2750 aliquid
487 2686 654 2746 futurumne
668 2689 689 2736 si
704 2687 823 2736 sutorum
837 2688 1013 2748 praevideret:
1027 2687 1184 2738 huiusmodi

112 2761 182 2812 enirn
203 2759 343 2809 lustinctue
356 2765 395 2810 eut
408 2761 446 2810 eie
460 2759 557 2811 inditur
569 2759 601 2809 ab
616 2761 752 2809 intellecto
768 2756 860 2809 birino
877 2778 901 2816 η
918 2762 995 2817 idid„
1008 2773 1036 2822 q.
1052 2755 1111 2817 xi,
1126 2760 1184 2809 nd

113 2833 146 2886 ed
161 2833 186 2880 l.
203 2829 322 2881 Praestet
342 2833 422 2882 etiem
443 2846 506 2882 cum
525 2831 618 2882 eodem
635 2837 728 2882 eructo
741 2829 854 2881 Doctum
868 2831 932 2882 illud
945 2832 1097 2884 advertere.
1113 2833 1183 2895 quod

112 2905 201 2956 nullus
220 2903 320 2953 truditur
340 2905 445 2967 proprie
465 2909 591 2967 aceeptus
611 2905 638 2954 iu
655 2905 739 2954 brutio
758 2905 868 2954 mreuiri
889 2909 985 2966 potest,
998 2907 1061 2967 quie
1076 2904 1184 2953 babitus

114 2979 218 3041 proprie
238 2977 329 3034 sumti,
349 2983 380 3024 ut
399 2976 513 3026 diximus
534 2978 559 3029 in
580 2979 694 3040 Dpeum.
716 2973 762 3043 (c.
784 2974 804 3034 1,
825 2989 852 3024 a.
875 2977 918 3026 ill.
938 2991 966 3038 p.
990 2977 1038 3026 ltl'i
1060 2975 1116 3025 rol.
1139 2971 1184 3036 Ι),

114 3051 215 3100 retiano
236 3053 434 3110 rumperentur,
453 3069 463 3093 ι
479 3051 549 3100 τίνος
562 3054 652 3100 rotem
667 3051 805 3098 sensitiree
820 3050 844 3096 in
858 3050 942 3098 brutis
955 3048 1119 3099 animalibus
1132 3063 1184 3099 non

114 3129 261 3185 operentur
279 3133 311 3169 ex
330 3121 441 3183 imperio
463 3122 570 3172 rationis
588 3141 598 3165 ι
615 3118 657 3189 (¹²
669 3121 719 3177 2²⁶.
735 3137 762 3185 q.
778 3117 806 3179 b,
821 3135 847 3170 e.
863 3121 925 3171 eae
939 3121 979 3188 Ξ).
997 3120 1184 3183 unquentum

118 3195 221 3244 ubruta
243 3194 370 3243 animalia
390 3207 403 3242 e
426 3195 526 3244 ratione
546 3194 661 3244 bominis
681 3209 728 3256 per
745 3195 887 3256 qrramdam
908 3194 1129 3243 consuetudinem
1149 3195 1187 3243 di·

114 3273 265 3330 eponuntur
284 3265 316 3314 ed
338 3265 435 3329 eliquld
461 3268 626 3328 operandum
646 3269 695 3325 ele,
717 3270 757 3316 rel
777 3269 865 3323 aliter,
886 3267 936 3315 boc
957 3267 1034 3315 modo
1055 3268 1082 3315 in
1101 3265 1186 3315 brutis

114 3338 274 3389 animalibus
293 3337 398 3388 habitus
411 3338 606 3401 quodammode
622 3341 681 3401 poni
696 3345 804 3400 possunt
820 3358 844 3396 η
860 3341 926 3388 idid.
942 3336 997 3375 -4
1018 3336 1183 3388 etberto.

151 3412 162 3446 ⁵
184 3408 239 3458 lloc
253 3411 336 3472 merie
350 3413 521 3473 perspicuum
534 3411 580 3462 liet
591 3413 616 3460 in
633 3412 844 3476 ,letlrcpcleptn
859 3412 902 3461 ubi
917 3413 948 3461 de
961 3411 1064 3461 unitate
1081 3412 1186 3460 enimae

118 3483 143 3529 in
165 3480 272 3530 bomine
290 3481 460 3531 disceremus.

152 3549 163 3585 ⁸
186 3567 196 3594 ι
214 3547 242 3598 ln
261 3551 321 3611 boc,
341 3554 410 3615 quod
429 3559 470 3602 est
489 3555 643 3606 censitirum
657 3569 725 3614 esre,
741 3558 863 3607 consistit
884 3555 951 3607 ratio
969 3555 1094 3606 animulis
1108 3573 1135 3615 η
1151 3556 1187 3606 lle

116 3632 203 3679 nore,
223 3627 246 3671 et
263 3630 377 3683 sinemo,
396 3625 461 3674 lect.
482 3621 515 3676 ll.
