2475 3909
143 123 185 188 92
537 139 740 186 unorcan

106 238 178 282 mus
192 219 215 292 ¹,
240 217 280 282 ad
303 217 521 304 cognitionem
544 219 754 284 scientificum
775 219 914 284 alicuius
935 219 982 284 rei
1006 239 1181 364 asscguen-

107 298 182 362 dam
205 299 405 376 inductione,
428 309 460 366 et
482 299 669 388 syllogismo
691 320 774 385 opus
795 311 854 366 est.
877 303 988 387 Atqui,
1005 301 1030 364 si
1045 323 1081 365 so
1095 323 1113 365 a
1129 304 1182 366 in·
1228 330 1229 347 ι

106 378 216 444 ductio
240 381 363 446 nullam
390 381 529 446 alicuius
557 383 606 444 rei
635 379 844 466 scientificum
872 383 1091 468 cognitionem
1119 404 1182 468 per
1228 386 1230 435 ἒ

107 480 141 524 se
154 461 258 555 'nohis
279 463 393 547 largiri
415 475 531 548 potest,
552 463 656 529 multo
677 462 785 528 minus
805 465 954 529 omnium
968 463 1180 530 scientiarum

105 561 242 607 unicum
266 545 514 610 instrumentum
535 565 604 610 esse
628 554 742 630 potest.
765 547 865 631 Ergo.
1231 612 1232 635 ,

146 623 199 714 dd.
212 625 322 717 'Prop
346 625 393 692 3³.
425 627 563 692 Unicum
591 647 653 690 esre
679 628 787 713 nequit
810 627 1010 711 principium
1037 627 1180 690 omnium
1231 670 1232 673 κ

108 715 323 768 scaenicorum.

147 783 321 850 Probatur.
346 786 436 851 lllens
459 798 567 853 nostra
582 791 803 872 cognitionem
818 809 929 853 veram
945 798 1022 853 tunc
1035 788 1181 873 assequi-

108 875 182 940 tur,
207 887 281 931 cum
303 867 382 933 haec
406 889 479 934 cum
502 891 562 948 re,
590 892 689 955 quam
717 877 959 957 repraesentat,
980 869 1179 935 adamussim

106 949 290 1024 consentit;
314 963 515 1036 quapropter
537 952 712 1028 scientiae,
740 955 861 1048 quippe
882 971 967 1036 quae
987 951 1181 1017 derivantur

108 1047 127 1090 a
150 1030 335 1112 cognitione
359 1033 623 1118 principiorum,
644 1054 684 1097 ex
707 1032 828 1118 quihus
849 1054 902 1097 res
923 1034 1089 1110 existunt,
1113 1053 1181 1096 non

108 1121 243 1194 possunt
265 1133 373 1178 veram
396 1116 614 1197 cognitionem
644 1136 753 1179 rerum
782 1114 876 1179 nohis
906 1113 1085 1198 praehere,
1111 1114 1177 1177 nisi

104 1210 219 1254 earum
246 1193 408 1279 principia
431 1216 505 1280 pum
528 1198 631 1281 princi
660 1198 702 1261 iis
731 1199 876 1281 ipsarum
904 1215 1014 1259 rerum
1042 1197 1180 1259 omnino

106 1270 311 1366 cohaereant.
332 1276 424 1350 Quae
447 1299 520 1340 cum
537 1278 581 1343 ita
596 1300 630 1342 se
637 1219 793 1352 habeant,
808 1285 1078 1360 argumentamur
1091 1275 1180 1340 hunc

109 1375 142 1416 m
166 1353 309 1420 modum:
326 1355 495 1444 Principia
518 1361 728 1426 scientiarum
742 1369 956 1425 consentanea
970 1359 1035 1425 sint
1047 1367 1182 1443 oportet

108 1435 283 1521 principiis
304 1435 499 1516 obiectivis,
522 1451 555 1506 ct
576 1440 720 1506 realibus
748 1445 894 1528 ipsarum
922 1459 1044 1503 rerum.
1074 1440 1178 1523 Atqui

109 1518 236 1611 species
257 1537 380 1595 rerum,
425 1541 486 1583 uae
508 1533 583 1587 sunt
602 1523 769 1588 obiectum
790 1519 985 1605 cognitionis
1002 1520 1180 1596 humanae,

106 1595 258 1664 diversae
281 1610 365 1666 sunt.
390 1541 435 1665 dr
458 1621 477 1664 o
499 1601 626 1668 diversa
648 1608 713 1669 sint
734 1610 861 1690 oportet
882 1600 1043 1685 principia
1069 1602 1182 1684 cogni-

107 1677 207 1745 tionis
228 1679 399 1744 humanae.
416 1706 432 1742 «
477 1705 518 1747 on
541 1695 660 1760 tamen,
681 1687 728 1750 ait
741 1706 766 1749 s.
783 1683 933 1758 Thomas,
946 1691 994 1747 est
1008 1681 1180 1780 possibile,

106 1761 194 1844 quod
217 1783 260 1826 ex
283 1760 361 1827 solis
380 1762 545 1848 aliquibus
564 1767 675 1832 taliter
688 1763 917 1830 communibus
931 1773 1055 1849 possint
1068 1763 1181 1827 omnia

107 1841 305 1928 syllogizari,
329 1845 408 1929 quia
432 1865 549 1930 genera
576 1850 701 1913 entium
723 1857 799 1912 suut
819 1845 1014 1909 diversa‘».
1038 1845 1089 1907 Ex
1109 1864 1180 1927 quo

108 1937 300 2009 argumento
322 1926 488 2010 colligitur
507 1931 664 1995 unitatem
688 1928 844 2014 principii
867 1925 1182 1989 omninmscientia-

108 2026 182 2070 rum
206 2027 280 2072 cum
304 2008 518 2102 pantheismo‚
542 2015 574 2075 in
597 2031 664 2094 quo
684 2011 793 2074 unitas
813 2009 898 2072 entis
920 2005 1110 2079 adstruitur,
1126 2025 1183 2069 co-

106 2086 261 2164 haerere;
286 2088 460 2171 siquidem,
483 2113 556 2156 cum
581 2093 742 2178 principia
766 2089 978 2154 scientiarum
1001 2085 1114 2162 rehus,
1138 2085 1181 2150 de

107 2167 230 2252 quihus
252 2169 285 2232 in
307 2170 454 2233 scientiis
475 2175 595 2257 agitur,
616 2172 797 2237 consentire
818 2168 970 2242 debeant,
987 2187 1116 2232 necesse
1130 2177 1182 2232 est

107 2258 156 2326 ut,
180 2249 206 2313 si
231 2249 367 2314 unicum
390 2263 473 2317 esset
493 2255 692 2338 principium
706 2252 853 2318 omnium
868 2251 1092 2326 scientiamm,
1106 2250 1182 2313 uni-

111 2351 186 2396 cum
207 2350 263 2394 eus
286 2351 321 2394 re
344 2330 413 2417 ipsa
434 2335 601 2400 existeret.

469 2501 802 2516 -.Μ

148 2582 157 2616 ¹
180 2574 215 2630 (ll
232 2592 261 2642 p.
282 2579 327 2636 iii,
347 2583 374 2627 et
393 2575 489 2626 tili-tii.

141 2649 153 2687 ²
173 2651 202 2700 in
222 2650 267 2702 ιιι.
290 2651 304 2700 1
323 2651 436 2704 Portar..
459 2647 525 2697 lect.
545 2643 638 2696 litii.
660 2643 767 2696 hlonere
781 2647 825 2696 hic
838 2652 957 2708 praestat
971 2647 1004 2696 ah
1017 2650 1096 2698 unico
1104 2649 1183 2710 ›prin-

107 2725 178 2786 cipio
197 2724 419 2775 contradictionis.
441 2732 546 2781 nempe,
568 2721 627 2768 Non
645 2726 726 2782 potari
745 2721 811 2768 idem
829 2723 909 2769 simui
927 2734 992 2777 aare,
1013 2728 1036 2770 et
1049 2735 1101 2769 noa
1113 2735 1180 2780 erra,

108 2807 201 2844 omnes
220 2793 345 2844 scientias
364 2791 478 2842 densari
499 2803 551 2840 non
571 2803 658 2853 posse.
678 2786 713 2839 lli
725 2803 800 2848 sane,
815 2792 977 2854 principiam
990 2792 1184 2841 contradictio·

108 2867 150 2916 uir
170 2864 262 2926 procul
282 2862 361 2913 dohlo
380 2868 421 2912 eat
440 2875 595 2924 sarpremum
616 2861 775 2924 principium
796 2863 916 2926 topicam,
931 2862 1030 2927 quippe
1049 2863 1120 2927 qnod
1139 2877 1184 2913 ra·

106 2939 205 2988 tionem
219 2937 313 2993 reddit,
329 2948 378 2984 cnr
397 2935 525 2996 principia
547 2935 699 2983 communia
713 2934 832 2983 omnium
847 2935 1021 2984 scientiarum
1033 2947 1097 2985 rara
1112 2935 1180 2994 aint;

109 3012 131 3059 at
150 3009 210 3072 quia
228 3009 300 3057 enim
320 3006 478 3068 investigare
497 3006 580 3062 velit,
607 3018 657 3054 our
675 3005 708 3053 de
734 3005 787 3055 lllir
811 3007 951 3068 principiis
976 3019 1010 3054 ne
1037 3007 1181 3056 minimum

107 3082 215 3146 quidam
235 3079 350 3128 dubitari
369 3079 462 3140 pocati,
481 3078 572 3126 atatim
591 3077 765 3139 deprehendit
785 3078 810 3126 ti
830 3078 1182 3140 caesareumrhemis

108 3153 174 3206 ialra
194 3156 294 3208 essent,
315 3149 385 3200 idem
404 3149 485 3199 atmut
503 3147 693 3207 affirmaretur,
706 3153 734 3198 at
746 3156 899 3212 angeretur.
913 3145 948 3201 ht
960 3161 1023 3200 raro
1036 3150 1096 3200 inde
1108 3148 1183 3200 hand

107 3225 166 3276 lluit
186 3224 250 3273 illud
271 3222 431 3287 principium
456 3233 514 3270 ease
539 3220 691 3271 huirrsrnodi
717 3222 877 3283 principium
902 3235 1079 3284 supremum,
1100 3225 1131 3272 ut
1148 3234 1182 3272 ex

108 3298 176 3359 ipso,
197 3298 270 3345 velut
289 3294 323 3343 ah
342 3296 420 3343 unica
440 3305 533 3347 causa.
554 3295 677 3342 universa
697 3295 808 3343 scientia
822 3297 972 3355 promanat.
987 3288 1095 3345 Etenim
1108 3295 1184 3355 prin-

107 3369 209 3430 cipium
229 3367 445 3418 contradictionis
464 3370 503 3413 cst
523 3365 684 3426 principium
704 3378 865 3422 commum
885 3377 917 3414 aa
937 3366 1067 3428 principio
1089 3370 1182 3415 auteur

108 3440 264 3496 communi,
285 3443 377 3500 utpote
396 3435 466 3500 qrrod
487 3435 559 3486 clrca
579 3435 682 3485 nullam
704 3438 849 3498 specialem
876 3438 1017 3486 materiam
1037 3442 1182 3495 venatur,

109 3510 210 3564 nuliius
228 3509 324 3559 obiecti
337 3510 455 3632 uirgultis
473 3509 531 3558 erni
550 3512 648 3572 poisat.
664 3502 700 3559 Cl
709 3521 733 3558 ι.
747 3503 857 3569 Thoan,
871 3508 899 3558 in
912 3509 961 3558 cit.
977 3509 1023 3560 itt.
1039 3510 1181 3568 iPortrr„

110 3581 186 3644 tiit..
205 3586 233 3631 et
252 3577 360 3634 lechii
391 3616 397 3634 .
