2475 3909
94 120 137 187 ⁶28
507 140 692 188 ouranoom

63 218 152 286 Deus
175 220 247 285 illas
269 221 425 299 condidit,
448 219 623 288 dicendum
640 220 725 286 soret
746 219 852 286 Deum
874 232 930 287 aut
945 221 1135 297 nescivisse,

55 312 116 365 aut
138 324 200 365 non
224 304 366 387 potuisse
393 325 445 368 res
467 305 623 380 condere,
645 303 758 387 quales
781 304 814 367 in
836 324 870 368 se
891 302 1052 401 intelligit.
1075 305 1140 366 ht·

58 384 116 465 qui
142 383 224 448 illud
249 384 393 451 infinitae
415 386 612 470 sapientiae,
636 385 695 449 hoc
717 384 862 450 infinitae
885 396 1048 471 potentiae
1069 383 1137 448 Dei

56 476 231 549 repugnat.
256 467 345 549 Ergo
367 478 527 563 repugnat
547 488 599 533 res
622 464 784 531 naturales
805 488 869 530 non
891 467 1137 531 accuratissime

59 546 257 641 respondero
280 550 551 633 exemplaribus,
573 569 656 635 quae
679 550 712 613 in
745 547 914 615 intellectu
934 548 1055 613 Divino
1081 568 1137 612 re-

57 638 242 711 perruntur.

98 708 149 792 83.
175 709 260 774 Hinc
287 712 366 775 scite
390 733 407 775 a
430 710 634 778 Scholasticis
661 712 822 777 sancitum
846 710 909 776 suit
929 731 1038 775 oerum
1061 730 1136 773 cum

58 799 122 851 ente
145 792 281 855 concerti
294 813 302 869 ;
325 794 449 859 scilicet
471 814 566 858 omne
590 815 705 857 verum
731 803 780 858 est
801 813 882 869 eris,
904 800 983 877 quia
1013 793 1137 856 veritas

58 872 124 946 rei,
148 880 184 935 ut
205 871 374 950 diximus,
399 876 431 939 in
455 876 589 941 eutitate
615 875 663 939 rei
691 874 867 949 fundatur,
896 886 930 939 et
951 894 1047 939 omne
1076 893 1137 937 eus

56 962 105 1015 cst
128 974 259 1029 rerum,
282 956 359 1039 quia
379 977 476 1021 omne
504 978 561 1021 ens
583 956 731 1022 ordinem
753 955 794 1021 ad
816 956 1020 1023 Intellectum
1043 953 1139 1019 Divi-

61 1054 137 1096 num
161 1038 343 1100 necessario
364 1037 461 1104 habet
474 1038 496 1099 ¹.

63 1194 69 1207 ι
97 1114 149 1180 st.
174 1118 224 1179 Ex
246 1118 296 1183 his
316 1118 512 1204 intelligitur
534 1119 659 1184 nullam
682 1116 855 1185 falsitatem
879 1128 964 1184 meta
990 1119 1137 1206 hysicam

59 1214 93 1289 ιιι
116 1195 215 1261 rebus
239 1200 377 1265 inveniri
404 1222 511 1286 posse,
536 1212 583 1280 et,
608 1200 743 1286 siquae
769 1222 821 1265 res
845 1199 945 1266 falsae
966 1139 1137 1275 dicuutur,

61 1274 96 1338 rd
120 1278 219 1345 veluti
243 1283 414 1379 improprie
437 1283 561 1348 dictum
589 1280 817 1368 accipiendum
840 1302 923 1360 esse,
946 1303 1075 1367 nempe,
1097 1292 1140 1347 ut

59 1377 85 1419 s.
109 1358 247 1425 Thomas
270 1363 397 1449 iuqurt,
425 1366 461 1428 io
487 1365 593 1429 ordine
620 1364 661 1427 ad
688 1364 875 1429 intellectum
907 1376 1049 1435 matrum
1063 1410 1072 1441 ,
1093 1360 1138 1426 ad

58 1459 159 1523 quem
174 1463 225 1507 res
237 1464 294 1528 per
310 1447 449 1511 accidens
463 1447 652 1512 reseruntur
666 1447 690 1509 ².
714 1445 845 1512 Scilicet
866 1448 893 1511 si
916 1468 968 1511 res
990 1445 1139 1510 referan-

60 1531 114 1586 tur
136 1522 174 1587 ad
193 1525 393 1591 intellectum
408 1528 598 1604 humanum,
612 1525 850 1611 quodammodo
867 1527 966 1593 falsae
982 1527 1047 1594 dici
1065 1545 1140 1611 pos-

61 1615 149 1681 sunt,
165 1608 246 1690 quia
260 1618 334 1673 suut
354 1608 526 1692 quaedam,
543 1629 627 1693 quae
649 1610 710 1675 etsi
732 1630 810 1673 vera
832 1610 865 1672 in
887 1631 920 1673 se
935 1610 1011 1686 sint,
1028 1619 1138 1674 tamen

63 1683 109 1748 ita
128 1698 243 1752 natura
266 1710 323 1753 sua
344 1699 530 1776 comparata
553 1699 640 1766 sunt,
663 1699 699 1756 ut
713 1690 861 1755 sensibus
884 1692 1004 1757 nostris
1018 1714 1036 1753 a
1051 1709 1138 1774 quae

2 1788 15 1792 —
29 1778 298 1819 *vnn-amma
321 1771 428 1839 qualia
444 1792 508 1821 nnn
524 1780 596 1822 nunt
611 1796 629 1823 n
657 1791 815 1829 nnnnrnre
827 1784 961 1835 nunant„
977 1776 1022 1831 lta
1045 1770 1139 1830 nuri-

60 1823 188 1888 calcum
212 1846 271 1909 per
284 1845 328 1901 se,
346 1823 481 1910 perinde
496 1846 533 1889 ac
549 1846 678 1900 aurum,
700 1835 748 1888 cst
769 1846 897 1900 verum,
919 1828 999 1908 quin
1020 1831 1139 1888 natura

60 1906 145 1983 cius,
169 1925 231 1969 non
254 1926 344 1971 secus
360 1927 396 1970 ac
412 1908 498 1981 auri,
514 1906 694 1990 exemplari
710 1906 830 1970 Mentis
846 1905 983 1970 Divinae
1003 1925 1139 1970 cousen-

62 1996 156 2054 tanca
179 1996 245 2065 est;
270 1988 399 2071 atquin
423 1988 576 2072 speciem,
592 2007 649 2051 seu
666 1986 913 2050 similitudinem
934 1986 1005 2051 auri
1027 1985 1139 2060 babet,

63 2068 265 2153 proindeque
281 2069 483 2133 occasionem
504 2069 638 2154 praebet
660 2068 837 2133 intellectui
858 2078 981 2145 nostro,
998 2077 1035 2132 ut
1053 2065 1139 2131 illud

60 2170 130 2215 esse
152 2168 269 2215 aurum
291 2148 428 2226 iudicet,
454 2149 572 2213 salsum
593 2149 834 2233 quodammodo
854 2147 918 2214 dici
940 2157 1048 2235 potest
1061 2149 1084 2212 ⁸.

172 2273 241 2324 Ans.
264 2272 352 2323 lll.-
366 2272 460 2327 Utrum
481 2289 533 2324 una
552 2276 585 2324 sit
606 2280 710 2325 tratum
729 2276 838 2331 veritas,
858 2288 893 2323 ιιι
912 2271 1026 2338 pluras⁶

106 2385 157 2451 85.
175 2382 328 2468 Ontologi
343 2381 459 2447 docent
482 2402 576 2446 unam
601 2402 670 2447 esse
685 2382 868 2459 veritatem,
885 2403 1002 2467 nempe
1018 2379 1137 2457 Deum,

68 2478 258 2549 ceterasque
281 2485 418 2530 resnou
442 2464 503 2527 nisi
527 2463 660 2529 veritate
688 2464 769 2528 Eius
790 2484 859 2527 esse
881 2484 985 2539 reras3
1008 2484 1050 2527 ex
1071 2479 1139 2546 quo

65 2548 139 2612 colli
189 2558 234 2623 nt,
253 2557 288 2611 ut
303 2544 383 2611 alibi
404 2544 528 2609 dictum
548 2554 607 2620 est,
624 2554 763 2609 mentem
785 2546 959 2609 humanam
982 2565 1044 2608 non
1064 2562 1140 2629 pos-

68 2650 101 2695 se
125 2629 226 2693 ulum
250 2649 363 2693 verum
385 2646 598 2711 cognoscere,
622 2628 685 2690 uisi
711 2625 817 2690 Deum
841 2625 1023 2703 intueatur,
1045 2626 1139 2708 quin,

66 2732 142 2777 cum
166 2708 252 2773 Deus
275 2712 318 2776 sit
340 2712 450 2786 unica,
473 2728 576 2792 eaque
599 2727 725 2771 summa
745 2707 888 2786 Veritas,
913 2706 1000 2772 nulla
1021 2726 1073 2771 res
1087 2725 1140 2769 re·

70 2812 120 2868 ra,
144 2789 236 2867 alibi,
259 2810 358 2876 quam
381 2792 414 2855 in
436 2789 517 2866 Deo,
539 2788 738 2873 apprehendi
760 2798 877 2875 potest.

105 3046 114 3083 ⁸
136 3039 172 3096 Cr
187 3056 210 3094 a.
231 3037 339 3097 Thous..
361 3039 409 3102 Qq.
430 3039 529 3101 dtaepp„
551 3038 590 3087 Do
612 3038 686 3089 ror..
706 3049 734 3099 q.
757 3032 777 3094 l,
798 3048 826 3085 a.
847 3034 862 3084 2
881 3034 914 3086 ad
937 3036 962 3084 t.

103 3116 116 3152 ²
137 3118 185 3181 Op.
207 3118 262 3173 ott„
282 3127 310 3176 q.
332 3108 353 3167 Ι,
375 3123 401 3159 a.
425 3109 436 3157 l
459 3107 537 3159 o.-³
557 3105 578 3167 l,
598 3122 626 3171 q.
646 3104 720 3163 xlv,
740 3120 766 3157 a.
790 3108 800 3156 l
822 3122 851 3157 c.

103 3186 114 3223 ⁴
134 3188 222 3239 Aliam
242 3184 438 3250 qtraestionem,
458 3193 526 3243 quae
547 3180 617 3229 circa
639 3181 778 3228 veritatem
792 3183 923 3235 retertur,
939 3183 1030 3229 utrum
1043 3192 1141 3242 nempe

66 3261 163 3310 dentur
183 3262 318 3313 veritates,
338 3267 408 3317 qrrae
427 3252 479 3303 rint
499 3255 674 3310 necessariae,
695 3250 888 3308 immutabiles,
902 3255 930 3300 et
941 3254 1079 3309 aeternna.
1094 3252 1141 3302 hio

66 3332 231 3389 omittimus,
251 3342 313 3380 urm
334 3327 414 3390 paulo
433 3330 495 3374 anta
514 3324 678 3373 ostendimus
696 3328 791 3372 contra
810 3318 979 3372 Cartesianos
997 3325 1140 3383 raritates,

67 3416 136 3465 qnae
156 3404 187 3450 ad
207 3401 334 3452 aasentias
353 3411 443 3446 rerum
463 3399 596 3458 spectant,
615 3408 674 3443 esse
693 3396 866 3452 oecumenius,
887 3399 1020 3452 aeternas,
1040 3399 1068 3445 et
1087 3397 1143 3444 im·

68 3473 220 3530 mutabiles,
240 3479 267 3522 et
284 3472 312 3520 ln
332 3470 508 3532 srttertotopr'o
527 3465 703 3517 refutavimus
723 3464 920 3529 Progressistas,
933 3466 980 3535 qui
995 3468 1140 3521 raritatem

65 3544 101 3600 ab
122 3557 173 3597 uon
193 3545 224 3597 ad
245 3544 325 3595 etiarn
345 3544 459 3595 aetatem
480 3538 601 3607 progredi
620 3538 793 3608 obganniunt.
