<?xml version="1.0" encoding="UTF-8"?>
<!DOCTYPE html PUBLIC "-//W3C//DTD XHTML 1.0 Transitional//EN"
    "http://www.w3.org/TR/xhtml1/DTD/xhtml1-transitional.dtd">
<html xmlns="http://www.w3.org/1999/xhtml" xml:lang="en" lang="en">
 <head>
  <title>
</title>
<meta http-equiv="Content-Type" content="text/html;charset=utf-8" />
  <meta name='ocr-system' content='tesseract 3.04.00' />
  <meta name='ocr-capabilities' content='ocr_page ocr_carea ocr_par ocr_line ocrx_word'/>
</head>
<body>
  <div class='ocr_page' id='page_1' title='image "./philosophiachri00sansgoog_0294.png"; bbox 0 0 2475 3909; ppageno 0'>
   <div class='ocr_carea' id='block_1_1' title="bbox 72 146 1141 393">
    <p class='ocr_par' dir='ltr' id='par_1_1' title="bbox 72 146 1141 393">
     <span class='ocr_line' id='line_1_1' title="bbox 114 146 732 212; baseline -0.006 0"><span class='ocrx_word' id='word_1_1' title='bbox 114 146 176 212; x_wconf 74' lang='lat' dir='ltr'><strong>tlt-2</strong></span> <span class='ocrx_word' id='word_1_2' title='bbox 481 163 732 212; x_wconf 79' lang='lat' dir='ltr'><strong>currunrouocvn</strong></span> 
     </span>
     <span class='ocr_line' id='line_1_2' title="bbox 72 244 1141 393; baseline 0.001 -81"><span class='ocrx_word' id='word_1_3' title='bbox 72 248 161 313; x_wconf 85' lang='lat' dir='ltr'><strong>vitati</strong></span> <span class='ocrx_word' id='word_1_4' title='bbox 185 248 225 314; x_wconf 92' lang='lat' dir='ltr'><strong>sit</strong></span> <span class='ocrx_word' id='word_1_5' title='bbox 248 258 384 332; x_wconf 90' lang='lat' dir='ltr'><strong>oportet.</strong></span> <span class='ocrx_word' id='word_1_6' title='bbox 407 248 474 313; x_wconf 90' lang='lat' dir='ltr'><strong>Nec</strong></span> <span class='ocrx_word' id='word_1_7' title='bbox 496 248 536 313; x_wconf 91' lang='lat' dir='ltr'><strong>de</strong></span> <span class='ocrx_word' id='word_1_8' title='bbox 558 246 750 314; x_wconf 80' lang='lat' dir='ltr'><strong>veritatibus</strong></span> <span class='ocrx_word' id='word_1_9' title='bbox 769 247 905 312; x_wconf 88' lang='lat' dir='ltr'><strong>alterius</strong></span> <span class='ocrx_word' id='word_1_10' title='bbox 931 246 1059 393; x_wconf 74' lang='lat' dir='ltr'><strong>pencris</strong></span> <span class='ocrx_word' id='word_1_11' title='bbox 1079 244 1141 313; x_wconf 92' lang='lat' dir='ltr'><strong>du·</strong></span> 
     </span>
    </p>
   </div>
   <div class='ocr_carea' id='block_1_2' title="bbox 74 328 1140 478">
    <p class='ocr_par' dir='ltr' id='par_1_2' title="bbox 74 328 1140 478">
     <span class='ocr_line' id='line_1_3' title="bbox 74 328 1140 478; baseline 0.001 -84"><span class='ocrx_word' id='word_1_12' title='bbox 74 329 174 395; x_wconf 87' lang='lat' dir='ltr'><strong>hitari</strong></span> <span class='ocrx_word' id='word_1_13' title='bbox 197 339 311 414; x_wconf 89' lang='lat' dir='ltr'><strong>potest,</strong></span> <span class='ocrx_word' id='word_1_14' title='bbox 335 332 412 415; x_wconf 87' lang='lat' dir='ltr'><strong>quia</strong></span> <span class='ocrx_word' id='word_1_15' title='bbox 423 332 603 478; x_wconf 85' lang='lat' dir='ltr'><strong>¹primaeva</strong></span> <span class='ocrx_word' id='word_1_16' title='bbox 624 328 775 405; x_wconf 88' lang='lat' dir='ltr'><strong>traditio,</strong></span> <span class='ocrx_word' id='word_1_17' title='bbox 797 329 847 425; x_wconf 79' lang='lat' dir='ltr'><strong>uti</strong></span> <span class='ocrx_word' id='word_1_18' title='bbox 867 348 963 426; x_wconf 88' lang='lat' dir='ltr'><strong>pauo</strong></span> <span class='ocrx_word' id='word_1_19' title='bbox 990 342 1063 395; x_wconf 87' lang='lat' dir='ltr'><strong>ante</strong></span> <span class='ocrx_word' id='word_1_20' title='bbox 1084 328 1140 395; x_wconf 88' lang='lat' dir='ltr'><strong>de·</strong></span> 
     </span>
    </p>
   </div>
   <div class='ocr_carea' id='block_1_3' title="bbox 74 411 1141 581">
    <p class='ocr_par' dir='ltr' id='par_1_3' title="bbox 74 411 1141 581">
     <span class='ocr_line' id='line_1_4' title="bbox 74 411 1141 560; baseline 0.002 -85"><span class='ocrx_word' id='word_1_21' title='bbox 74 414 338 560; x_wconf 58' lang='lat' dir='ltr'><strong>mptusppaviupus,</strong></span> <span class='ocrx_word' id='word_1_22' title='bbox 360 434 401 479; x_wconf 87' lang='lat' dir='ltr'><strong>ex</strong></span> <span class='ocrx_word' id='word_1_23' title='bbox 454 412 543 479; x_wconf 84' lang='lat' dir='ltr'><strong>ivina</strong></span> <span class='ocrx_word' id='word_1_24' title='bbox 567 411 776 480; x_wconf 82' lang='lat' dir='ltr'><strong>Revelatione</strong></span> <span class='ocrx_word' id='word_1_25' title='bbox 796 431 956 496; x_wconf 76' lang='lat' dir='ltr'><strong>originem</strong></span> <span class='ocrx_word' id='word_1_26' title='bbox 977 431 1073 493; x_wconf 46' lang='lat' dir='ltr'><strong>suam,</strong></span> <span class='ocrx_word' id='word_1_27' title='bbox 1087 431 1141 477; x_wconf 88' lang='lat' dir='ltr'><strong>sn·</strong></span> 
     </span>
     <span class='ocr_line' id='line_1_5' title="bbox 74 514 294 581; baseline 0 -24"><span class='ocrx_word' id='word_1_28' title='bbox 74 514 144 557; x_wconf 84' lang='lat' dir='ltr'><strong>mr.</strong></span> <span class='ocrx_word' id='word_1_29' title='bbox 198 515 255 581; x_wconf 87' lang='lat' dir='ltr'><strong>rgo</strong></span> <span class='ocrx_word' id='word_1_30' title='bbox 287 542 294 557; x_wconf 93' lang='lat'><strong>.</strong></span> 
     </span>
    </p>
   </div>
   <div class='ocr_carea' id='block_1_4' title="bbox 125 627 1092 761">
    <p class='ocr_par' dir='ltr' id='par_1_4' title="bbox 125 627 1092 761">
     <span class='ocr_line' id='line_1_6' title="bbox 125 627 1092 685; baseline -0.006 0"><span class='ocrx_word' id='word_1_31' title='bbox 125 628 192 685; x_wconf 83' lang='lat' dir='ltr'><strong>hnr.</strong></span> <span class='ocrx_word' id='word_1_32' title='bbox 208 627 478 685; x_wconf 77' lang='lat' dir='ltr'><strong>lV.—l]orotlarlnm</strong></span> <span class='ocrx_word' id='word_1_33' title='bbox 499 645 529 681; x_wconf 80' lang='lat' dir='ltr'><strong>ox</strong></span> <span class='ocrx_word' id='word_1_34' title='bbox 549 630 656 681; x_wconf 87' lang='lat' dir='ltr'><strong>theoriis</strong></span> <span class='ocrx_word' id='word_1_35' title='bbox 674 630 727 680; x_wconf 85' lang='lat' dir='ltr'><strong>iam</strong></span> <span class='ocrx_word' id='word_1_36' title='bbox 746 629 934 679; x_wconf 81' lang='lat' dir='ltr'><strong>demonstratis</strong></span> <span class='ocrx_word' id='word_1_37' title='bbox 952 629 1092 680; x_wconf 74' lang='lat' dir='ltr'>deducitur</span> 
     </span>
     <span class='ocr_line' id='line_1_7' title="bbox 310 699 909 761; baseline -0.005 -6"><span class='ocrx_word' id='word_1_38' title='bbox 310 711 403 755; x_wconf 84' lang='lat' dir='ltr'><strong>contra</strong></span> <span class='ocrx_word' id='word_1_39' title='bbox 422 700 618 761; x_wconf 80' lang='lat' dir='ltr'><strong>Rationalistus,</strong></span> <span class='ocrx_word' id='word_1_40' title='bbox 639 710 667 753; x_wconf 87' lang='lat' dir='ltr'><strong>ct</strong></span> <span class='ocrx_word' id='word_1_41' title='bbox 684 699 909 753; x_wconf 83' lang='lat' dir='ltr'><strong>Traditionalistas</strong></span> 
     </span>
    </p>
   </div>
   <div class='ocr_carea' id='block_1_5' title="bbox 75 806 1149 3115">
    <p class='ocr_par' dir='ltr' id='par_1_5' title="bbox 75 806 1144 1222">
     <span class='ocr_line' id='line_1_8' title="bbox 117 806 1142 892; baseline -0.001 -16"><span class='ocrx_word' id='word_1_42' title='bbox 117 812 187 879; x_wconf 83' lang='grc'><strong>136.</strong></span> <span class='ocrx_word' id='word_1_43' title='bbox 214 811 488 877; x_wconf 80' lang='lat' dir='ltr'><strong>Rationalistorum</strong></span> <span class='ocrx_word' id='word_1_44' title='bbox 515 810 646 875; x_wconf 92' lang='lat' dir='ltr'><strong>nomine</strong></span> <span class='ocrx_word' id='word_1_45' title='bbox 672 809 766 873; x_wconf 89' lang='lat' dir='ltr'><strong>hioa</strong></span> <span class='ocrx_word' id='word_1_46' title='bbox 792 806 886 872; x_wconf 89' lang='lat' dir='ltr'><strong>nohis</strong></span> <span class='ocrx_word' id='word_1_47' title='bbox 913 806 1142 892; x_wconf 78' lang='lat' dir='ltr'><strong>intelliguntur</strong></span> 
     </span>
     <span class='ocr_line' id='line_1_9' title="bbox 75 890 1142 990; baseline -0.002 -33"><span class='ocrx_word' id='word_1_48' title='bbox 75 892 137 969; x_wconf 91' lang='lat' dir='ltr'><strong>illi,</strong></span> <span class='ocrx_word' id='word_1_49' title='bbox 154 895 210 990; x_wconf 87' lang='lat' dir='ltr'><strong>qui</strong></span> <span class='ocrx_word' id='word_1_50' title='bbox 227 892 423 960; x_wconf 90' lang='lat' dir='ltr'><strong>contendunt</strong></span> <span class='ocrx_word' id='word_1_51' title='bbox 443 894 612 967; x_wconf 85' lang='lat' dir='ltr'><strong>rationem,</strong></span> <span class='ocrx_word' id='word_1_52' title='bbox 635 891 760 957; x_wconf 88' lang='lat' dir='ltr'><strong>etiamsi</strong></span> <span class='ocrx_word' id='word_1_53' title='bbox 784 890 946 955; x_wconf 73' lang='lat' dir='ltr'><strong><em>moraliter</em></strong></span> <span class='ocrx_word' id='word_1_54' title='bbox 967 900 1142 976; x_wconf 71' lang='lat' dir='ltr'><strong>spectetur,</strong></span> 
     </span>
     <span class='ocr_line' id='line_1_10' title="bbox 76 971 1144 1061; baseline 0 -22"><span class='ocrx_word' id='word_1_55' title='bbox 76 973 139 1039; x_wconf 91' lang='lat' dir='ltr'><strong>sibi</strong></span> <span class='ocrx_word' id='word_1_56' title='bbox 164 977 227 1061; x_wconf 82' lang='lat' dir='ltr'><strong>ipsi</strong></span> <span class='ocrx_word' id='word_1_57' title='bbox 249 977 383 1041; x_wconf 89' lang='lat' dir='ltr'><strong>omnino</strong></span> <span class='ocrx_word' id='word_1_58' title='bbox 404 978 561 1048; x_wconf 84' lang='lat' dir='ltr'><strong>sufficere,</strong></span> <span class='ocrx_word' id='word_1_59' title='bbox 584 975 666 1058; x_wconf 92' lang='lat' dir='ltr'><strong>quin</strong></span> <span class='ocrx_word' id='word_1_60' title='bbox 681 972 747 1038; x_wconf 89' lang='lat' dir='ltr'><strong>ulla</strong></span> <span class='ocrx_word' id='word_1_61' title='bbox 766 971 974 1038; x_wconf 84' lang='lat' dir='ltr'><strong>Revelationc</strong></span> <span class='ocrx_word' id='word_1_62' title='bbox 997 971 1144 1057; x_wconf 79' lang='lat' dir='ltr'>indigeat</span> 
     </span>
     <span class='ocr_line' id='line_1_11' title="bbox 77 1053 1140 1154; baseline -0.002 -32"><span class='ocrx_word' id='word_1_63' title='bbox 77 1056 116 1122; x_wconf 92' lang='lat' dir='ltr'><strong>ad</strong></span> <span class='ocrx_word' id='word_1_64' title='bbox 139 1055 335 1154; x_wconf 87' lang='lat' dir='ltr'><strong>assequenda</strong></span> <span class='ocrx_word' id='word_1_65' title='bbox 361 1060 430 1123; x_wconf 89' lang='lat' dir='ltr'><strong>sine</strong></span> <span class='ocrx_word' id='word_1_66' title='bbox 446 1058 511 1122; x_wconf 93' lang='lat' dir='ltr'><strong>ullo</strong></span> <span class='ocrx_word' id='word_1_67' title='bbox 532 1078 645 1121; x_wconf 89' lang='lat' dir='ltr'><strong>errore</strong></span> <span class='ocrx_word' id='word_1_68' title='bbox 666 1057 774 1119; x_wconf 89' lang='lat' dir='ltr'><strong>omnia</strong></span> <span class='ocrx_word' id='word_1_69' title='bbox 800 1053 973 1141; x_wconf 76' lang='lat' dir='ltr'><strong>dogmata,</strong></span> <span class='ocrx_word' id='word_1_70' title='bbox 995 1075 1078 1137; x_wconf 90' lang='lat' dir='ltr'><strong>quae</strong></span> <span class='ocrx_word' id='word_1_71' title='bbox 1099 1055 1140 1120; x_wconf 90' lang='lat' dir='ltr'><strong>ad</strong></span> 
     </span>
     <span class='ocr_line' id='line_1_12' title="bbox 77 1139 842 1222; baseline -0.005 -18"><span class='ocrx_word' id='word_1_72' title='bbox 77 1140 247 1221; x_wconf 78' lang='lat' dir='ltr'><strong>religionis</strong></span> <span class='ocrx_word' id='word_1_73' title='bbox 267 1140 403 1219; x_wconf 90' lang='lat' dir='ltr'><strong>cultum,</strong></span> <span class='ocrx_word' id='word_1_74' title='bbox 425 1139 519 1206; x_wconf 91' lang='lat' dir='ltr'><strong>etad</strong></span> <span class='ocrx_word' id='word_1_75' title='bbox 543 1160 648 1204; x_wconf 90' lang='lat' dir='ltr'><strong>mores</strong></span> <span class='ocrx_word' id='word_1_76' title='bbox 671 1140 842 1222; x_wconf 77' lang='lat' dir='ltr'><strong>pertinent.</strong></span> 
     </span>
    </p>

    <p class='ocr_par' dir='ltr' id='par_1_6' title="bbox 77 1218 1147 2761">
     <span class='ocr_line' id='line_1_13' title="bbox 117 1218 1143 1307; baseline -0.002 -22"><span class='ocrx_word' id='word_1_77' title='bbox 117 1222 186 1288; x_wconf 78' lang='lat'><strong>137.</strong></span> <span class='ocrx_word' id='word_1_78' title='bbox 211 1227 252 1289; x_wconf 81' lang='lat' dir='ltr'><strong>At</strong></span> <span class='ocrx_word' id='word_1_79' title='bbox 272 1243 312 1286; x_wconf 83' lang='lat' dir='ltr'><strong>ex</strong></span> <span class='ocrx_word' id='word_1_80' title='bbox 338 1224 400 1299; x_wconf 92' lang='lat' dir='ltr'><strong>iis,</strong></span> <span class='ocrx_word' id='word_1_81' title='bbox 421 1243 503 1307; x_wconf 89' lang='lat' dir='ltr'><strong>quae</strong></span> <span class='ocrx_word' id='word_1_82' title='bbox 525 1222 590 1285; x_wconf 90' lang='lat' dir='ltr'><strong>iam</strong></span> <span class='ocrx_word' id='word_1_83' title='bbox 615 1218 838 1297; x_wconf 74' lang='lat' dir='ltr'><strong>ostendimus,</strong></span> <span class='ocrx_word' id='word_1_84' title='bbox 861 1237 1000 1303; x_wconf 90' lang='lat' dir='ltr'><strong>pronum</strong></span> <span class='ocrx_word' id='word_1_85' title='bbox 1021 1230 1070 1285; x_wconf 91' lang='lat' dir='ltr'><strong>est</strong></span> <span class='ocrx_word' id='word_1_86' title='bbox 1093 1220 1143 1283; x_wconf 93' lang='lat' dir='ltr'><strong>in-</strong></span> 
     </span>
     <span class='ocr_line' id='line_1_14' title="bbox 77 1300 1144 1391; baseline -0.006 -22"><span class='ocrx_word' id='word_1_87' title='bbox 77 1302 223 1391; x_wconf 82' lang='lat' dir='ltr'><strong>telligere</strong></span> <span class='ocrx_word' id='word_1_88' title='bbox 240 1308 328 1391; x_wconf 91' lang='lat' dir='ltr'><strong>ipsos</strong></span> <span class='ocrx_word' id='word_1_89' title='bbox 342 1328 359 1369; x_wconf 87' lang='lat' dir='ltr'><strong>a</strong></span> <span class='ocrx_word' id='word_1_90' title='bbox 375 1327 451 1371; x_wconf 91' lang='lat' dir='ltr'><strong>vero</strong></span> <span class='ocrx_word' id='word_1_91' title='bbox 466 1304 673 1369; x_wconf 85' lang='lat' dir='ltr'><strong>vehementer</strong></span> <span class='ocrx_word' id='word_1_92' title='bbox 686 1300 851 1366; x_wconf 87' lang='lat' dir='ltr'><strong>aberrare.</strong></span> <span class='ocrx_word' id='word_1_93' title='bbox 872 1300 1014 1376; x_wconf 83' lang='lat' dir='ltr'><strong>Etenim,</strong></span> <span class='ocrx_word' id='word_1_94' title='bbox 1029 1321 1144 1384; x_wconf 85' lang='lat' dir='ltr'><strong>quem-</strong></span> 
     </span>
     <span class='ocr_line' id='line_1_15' title="bbox 77 1381 1143 1461; baseline -0.002 -12"><span class='ocrx_word' id='word_1_95' title='bbox 77 1383 250 1451; x_wconf 81' lang='lat' dir='ltr'><strong>admodum</strong></span> <span class='ocrx_word' id='word_1_96' title='bbox 272 1387 527 1454; x_wconf 88' lang='lat' dir='ltr'><strong>dcmonstratum</strong></span> <span class='ocrx_word' id='word_1_97' title='bbox 550 1407 568 1450; x_wconf 96' lang='lat' dir='ltr'><strong>a</strong></span> <span class='ocrx_word' id='word_1_98' title='bbox 591 1384 684 1449; x_wconf 89' lang='lat' dir='ltr'><strong>nohis</strong></span> <span class='ocrx_word' id='word_1_99' title='bbox 706 1394 779 1461; x_wconf 89' lang='lat' dir='ltr'><strong>cst,</strong></span> <span class='ocrx_word' id='word_1_100' title='bbox 807 1381 975 1447; x_wconf 76' lang='lat' dir='ltr'><strong>facultates</strong></span> <span class='ocrx_word' id='word_1_101' title='bbox 1000 1381 1143 1447; x_wconf 87' lang='lat' dir='ltr'><strong>hominis</strong></span> 
     </span>
     <span class='ocr_line' id='line_1_16' title="bbox 78 1462 1143 1549; baseline 0.001 -19"><span class='ocrx_word' id='word_1_102' title='bbox 78 1467 276 1546; x_wconf 83' lang='lat' dir='ltr'><strong>individuae,</strong></span> <span class='ocrx_word' id='word_1_103' title='bbox 300 1472 326 1535; x_wconf 93' lang='lat' dir='ltr'><strong>si</strong></span> <span class='ocrx_word' id='word_1_104' title='bbox 350 1470 596 1536; x_wconf 82' lang='lat' dir='ltr'><strong>considerentur</strong></span> <span class='ocrx_word' id='word_1_105' title='bbox 619 1488 779 1531; x_wconf 90' lang='lat' dir='ltr'><strong>unacum</strong></span> <span class='ocrx_word' id='word_1_106' title='bbox 803 1466 844 1529; x_wconf 84' lang='lat' dir='ltr'><strong>iis</strong></span> <span class='ocrx_word' id='word_1_107' title='bbox 858 1462 1036 1541; x_wconf 88' lang='lat' dir='ltr'><strong>adiunctis,</strong></span> <span class='ocrx_word' id='word_1_108' title='bbox 1058 1485 1143 1549; x_wconf 84' lang='lat' dir='ltr'><strong>quae</strong></span> 
     </span>
     <span class='ocr_line' id='line_1_17' title="bbox 78 1545 1144 1619; baseline -0.003 -5"><span class='ocrx_word' id='word_1_109' title='bbox 78 1548 207 1614; x_wconf 90' lang='lat' dir='ltr'><strong>illarum</strong></span> <span class='ocrx_word' id='word_1_110' title='bbox 231 1553 498 1619; x_wconf 77' lang='lat' dir='ltr'><strong>exercitationem</strong></span> <span class='ocrx_word' id='word_1_111' title='bbox 519 1548 730 1616; x_wconf 86' lang='lat' dir='ltr'><strong>concomitari</strong></span> <span class='ocrx_word' id='word_1_112' title='bbox 753 1548 867 1619; x_wconf 89' lang='lat' dir='ltr'><strong>solent,</strong></span> <span class='ocrx_word' id='word_1_113' title='bbox 890 1566 954 1610; x_wconf 92' lang='lat' dir='ltr'><strong>non</strong></span> <span class='ocrx_word' id='word_1_114' title='bbox 972 1556 1047 1611; x_wconf 92' lang='lat' dir='ltr'><strong>sunt</strong></span> <span class='ocrx_word' id='word_1_115' title='bbox 1061 1545 1144 1611; x_wconf 90' lang='lat' dir='ltr'><strong>adeo</strong></span> 
     </span>
     <span class='ocr_line' id='line_1_18' title="bbox 78 1627 1145 1714; baseline -0.003 -18"><span class='ocrx_word' id='word_1_116' title='bbox 78 1632 216 1709; x_wconf 90' lang='lat' dir='ltr'><strong>validae,</strong></span> <span class='ocrx_word' id='word_1_117' title='bbox 240 1645 272 1701; x_wconf 92' lang='lat' dir='ltr'><strong>et</strong></span> <span class='ocrx_word' id='word_1_118' title='bbox 293 1634 416 1710; x_wconf 86' lang='lat' dir='ltr'><strong>firmae,</strong></span> <span class='ocrx_word' id='word_1_119' title='bbox 433 1646 468 1699; x_wconf 90' lang='lat' dir='ltr'><strong>ut</strong></span> <span class='ocrx_word' id='word_1_120' title='bbox 482 1634 633 1699; x_wconf 91' lang='lat' dir='ltr'><strong>omnihus</strong></span> <span class='ocrx_word' id='word_1_121' title='bbox 649 1630 841 1696; x_wconf 89' lang='lat' dir='ltr'><strong>veritatibus</strong></span> <span class='ocrx_word' id='word_1_122' title='bbox 855 1627 1065 1714; x_wconf 89' lang='lat' dir='ltr'><strong>assequendis</strong></span> <span class='ocrx_word' id='word_1_123' title='bbox 1089 1649 1145 1713; x_wconf 89' lang='lat' dir='ltr'><strong>pa-</strong></span> 
     </span>
     <span class='ocr_line' id='line_1_19' title="bbox 78 1710 1145 1801; baseline -0.003 -22"><span class='ocrx_word' id='word_1_124' title='bbox 78 1736 130 1780; x_wconf 88' lang='lat' dir='ltr'><strong>res</strong></span> <span class='ocrx_word' id='word_1_125' title='bbox 151 1716 226 1793; x_wconf 88' lang='lat' dir='ltr'><strong>sint,</strong></span> <span class='ocrx_word' id='word_1_126' title='bbox 249 1717 367 1801; x_wconf 85' lang='lat' dir='ltr'><strong>quibus</strong></span> <span class='ocrx_word' id='word_1_127' title='bbox 389 1716 513 1781; x_wconf 91' lang='lat' dir='ltr'><strong>homini</strong></span> <span class='ocrx_word' id='word_1_128' title='bbox 535 1735 617 1800; x_wconf 91' lang='lat' dir='ltr'><strong>opus</strong></span> <span class='ocrx_word' id='word_1_129' title='bbox 639 1710 749 1779; x_wconf 88' lang='lat' dir='ltr'><strong>estad</strong></span> <span class='ocrx_word' id='word_1_130' title='bbox 774 1710 953 1777; x_wconf 85' lang='lat' dir='ltr'><strong>intellectus</strong></span> <span class='ocrx_word' id='word_1_131' title='bbox 968 1710 1145 1776; x_wconf 87' lang='lat' dir='ltr'><strong>institutio·</strong></span> 
     </span>
     <span class='ocr_line' id='line_1_20' title="bbox 78 1791 1145 1883; baseline -0.002 -22"><span class='ocrx_word' id='word_1_132' title='bbox 78 1818 165 1875; x_wconf 88' lang='lat' dir='ltr'><strong>nem,</strong></span> <span class='ocrx_word' id='word_1_133' title='bbox 188 1811 221 1864; x_wconf 91' lang='lat' dir='ltr'><strong>et</strong></span> <span class='ocrx_word' id='word_1_134' title='bbox 244 1799 415 1865; x_wconf 81' lang='lat' dir='ltr'><strong>voluntatis</strong></span> <span class='ocrx_word' id='word_1_135' title='bbox 437 1798 593 1883; x_wconf 84' lang='lat' dir='ltr'><strong>regimen.</strong></span> <span class='ocrx_word' id='word_1_136' title='bbox 616 1796 726 1872; x_wconf 82' lang='lat' dir='ltr'><strong>Quare</strong></span> <span class='ocrx_word' id='word_1_137' title='bbox 748 1793 947 1859; x_wconf 74' lang='lat' dir='ltr'><strong>confecimus</strong></span> <span class='ocrx_word' id='word_1_138' title='bbox 961 1791 1145 1859; x_wconf 86' lang='lat' dir='ltr'><strong>Revelatio-</strong></span> 
     </span>
     <span class='ocr_line' id='line_1_21' title="bbox 80 1874 1144 1972; baseline -0.003 -30"><span class='ocrx_word' id='word_1_139' title='bbox 80 1902 153 1945; x_wconf 91' lang='lat' dir='ltr'><strong>nem</strong></span> <span class='ocrx_word' id='word_1_140' title='bbox 176 1880 327 1945; x_wconf 85' lang='lat' dir='ltr'><strong>Divinam</strong></span> <span class='ocrx_word' id='word_1_141' title='bbox 348 1882 479 1947; x_wconf 91' lang='lat' dir='ltr'><strong>omnino</strong></span> <span class='ocrx_word' id='word_1_142' title='bbox 501 1876 729 1943; x_wconf 88' lang='lat' dir='ltr'><strong>consulendam</strong></span> <span class='ocrx_word' id='word_1_143' title='bbox 752 1898 822 1943; x_wconf 87' lang='lat' dir='ltr'><strong>esse</strong></span> <span class='ocrx_word' id='word_1_144' title='bbox 838 1874 1041 1972; x_wconf 92' lang='lat' dir='ltr'><strong>philosopho,</strong></span> <span class='ocrx_word' id='word_1_145' title='bbox 1058 1889 1094 1942; x_wconf 94' lang='lat' dir='ltr'><strong>ut</strong></span> <span class='ocrx_word' id='word_1_146' title='bbox 1108 1876 1144 1940; x_wconf 94' lang='lat' dir='ltr'><strong>iu</strong></span> 
     </span>
     <span class='ocr_line' id='line_1_22' title="bbox 79 1958 1144 2047; baseline -0.004 -21"><span class='ocrx_word' id='word_1_147' title='bbox 79 1964 145 2027; x_wconf 90' lang='lat' dir='ltr'><strong>suis</strong></span> <span class='ocrx_word' id='word_1_148' title='bbox 172 1963 443 2047; x_wconf 84' lang='lat' dir='ltr'><strong>inquisitionibus</strong></span> <span class='ocrx_word' id='word_1_149' title='bbox 471 1964 538 2026; x_wconf 91' lang='lat' dir='ltr'><strong>sine</strong></span> <span class='ocrx_word' id='word_1_150' title='bbox 561 1981 672 2025; x_wconf 90' lang='lat' dir='ltr'><strong>errore</strong></span> <span class='ocrx_word' id='word_1_151' title='bbox 702 1958 942 2043; x_wconf 74' lang='lat' dir='ltr'><strong>progrediatur.</strong></span> <span class='ocrx_word' id='word_1_152' title='bbox 965 1982 983 2019; x_wconf 80' lang='lat' dir='ltr'><strong>u</strong></span> <span class='ocrx_word' id='word_1_153' title='bbox 1006 1958 1144 2023; x_wconf 87' lang='lat' dir='ltr'><strong>Necesse</strong></span> 
     </span>
     <span class='ocr_line' id='line_1_23' title="bbox 79 2038 1147 2191; baseline -0.004 -82"><span class='ocrx_word' id='word_1_154' title='bbox 79 2056 128 2110; x_wconf 90' lang='lat' dir='ltr'><strong>est</strong></span> <span class='ocrx_word' id='word_1_155' title='bbox 150 2044 427 2191; x_wconf 84' lang='lat' dir='ltr'><strong>philosophantem</strong></span> <span class='ocrx_word' id='word_1_156' title='bbox 451 2045 482 2108; x_wconf 95' lang='lat' dir='ltr'><strong>in</strong></span> <span class='ocrx_word' id='word_1_157' title='bbox 505 2042 648 2127; x_wconf 82' lang='lat' dir='ltr'><strong>aliquem</strong></span> <span class='ocrx_word' id='word_1_158' title='bbox 670 2061 813 2105; x_wconf 89' lang='lat' dir='ltr'><strong>errorem</strong></span> <span class='ocrx_word' id='word_1_159' title='bbox 834 2038 914 2115; x_wconf 89' lang='lat' dir='ltr'><strong>lahi,</strong></span> <span class='ocrx_word' id='word_1_160' title='bbox 936 2039 996 2104; x_wconf 88' lang='lat' dir='ltr'><strong>nisi</strong></span> <span class='ocrx_word' id='word_1_161' title='bbox 1012 2039 1147 2105; x_wconf 88' lang='lat' dir='ltr'><strong>adiuve-</strong></span> 
     </span>
     <span class='ocr_line' id='line_1_24' title="bbox 82 2120 1147 2211; baseline -0.005 -18"><span class='ocrx_word' id='word_1_162' title='bbox 82 2138 135 2193; x_wconf 91' lang='lat' dir='ltr'><strong>tur</strong></span> <span class='ocrx_word' id='word_1_163' title='bbox 157 2146 214 2211; x_wconf 90' lang='lat' dir='ltr'><strong>per</strong></span> <span class='ocrx_word' id='word_1_164' title='bbox 237 2149 270 2191; x_wconf 91' lang='lat' dir='ltr'><strong>ra</strong></span> <span class='ocrx_word' id='word_1_165' title='bbox 297 2128 363 2191; x_wconf 89' lang='lat' dir='ltr'><strong>ium</strong></span> <span class='ocrx_word' id='word_1_166' title='bbox 386 2126 504 2191; x_wconf 83' lang='lat' dir='ltr'><strong>Fidei²</strong></span> <span class='ocrx_word' id='word_1_167' title='bbox 528 2150 556 2187; x_wconf 92' lang='lat'><strong>».</strong></span> <span class='ocrx_word' id='word_1_168' title='bbox 581 2124 659 2189; x_wconf 90' lang='lat' dir='ltr'><strong>lnde</strong></span> <span class='ocrx_word' id='word_1_169' title='bbox 681 2120 876 2198; x_wconf 77' lang='lat' dir='ltr'><strong>factumest,</strong></span> <span class='ocrx_word' id='word_1_170' title='bbox 891 2120 1049 2187; x_wconf 90' lang='lat' dir='ltr'><strong>utnullus</strong></span> <span class='ocrx_word' id='word_1_171' title='bbox 1070 2122 1147 2188; x_wconf 89' lang='lat' dir='ltr'><strong>Phi·</strong></span> 
     </span>
     <span class='ocr_line' id='line_1_25' title="bbox 80 2202 1147 2307; baseline -0.003 -33"><span class='ocrx_word' id='word_1_172' title='bbox 80 2209 232 2295; x_wconf 88' lang='lat' dir='ltr'><strong>losophus</strong></span> <span class='ocrx_word' id='word_1_173' title='bbox 252 2229 397 2307; x_wconf 79' lang='lat' dir='ltr'><strong>paganus</strong></span> <span class='ocrx_word' id='word_1_174' title='bbox 420 2217 556 2294; x_wconf 74' lang='lat' dir='ltr'><strong>systema</strong></span> <span class='ocrx_word' id='word_1_175' title='bbox 579 2202 765 2271; x_wconf 89' lang='lat' dir='ltr'><strong>condiderit</strong></span> <span class='ocrx_word' id='word_1_176' title='bbox 792 2205 937 2289; x_wconf 88' lang='lat' dir='ltr'><strong>plurium</strong></span> <span class='ocrx_word' id='word_1_177' title='bbox 957 2204 1147 2271; x_wconf 75' lang='lat' dir='ltr'><strong>exitialium</strong></span> 
     </span>
     <span class='ocr_line' id='line_1_26' title="bbox 81 2286 1145 2373; baseline -0.003 -18"><span class='ocrx_word' id='word_1_178' title='bbox 81 2312 227 2356; x_wconf 90' lang='lat' dir='ltr'><strong>errorum</strong></span> <span class='ocrx_word' id='word_1_179' title='bbox 250 2312 406 2365; x_wconf 83' lang='lat' dir='ltr'><strong>immune,</strong></span> <span class='ocrx_word' id='word_1_180' title='bbox 425 2303 458 2355; x_wconf 94' lang='lat' dir='ltr'><strong>ct</strong></span> <span class='ocrx_word' id='word_1_181' title='bbox 473 2288 654 2373; x_wconf 82' lang='lat' dir='ltr'><strong>philosophi</strong></span> <span class='ocrx_word' id='word_1_182' title='bbox 677 2297 834 2364; x_wconf 85' lang='lat' dir='ltr'><strong>recentes,</strong></span> <span class='ocrx_word' id='word_1_183' title='bbox 855 2286 927 2371; x_wconf 85' lang='lat' dir='ltr'><strong>qui,</strong></span> <span class='ocrx_word' id='word_1_184' title='bbox 950 2286 1145 2363; x_wconf 87' lang='lat' dir='ltr'><strong>inconsulta,</strong></span> 
     </span>
     <span class='ocr_line' id='line_1_27' title="bbox 81 2367 1145 2458; baseline -0.003 -21"><span class='ocrx_word' id='word_1_185' title='bbox 81 2374 131 2439; x_wconf 89' lang='lat' dir='ltr'><strong>vel</strong></span> <span class='ocrx_word' id='word_1_186' title='bbox 153 2372 304 2458; x_wconf 88' lang='lat' dir='ltr'><strong>despecta</strong></span> <span class='ocrx_word' id='word_1_187' title='bbox 325 2372 508 2439; x_wconf 85' lang='lat' dir='ltr'><strong>Catholicae</strong></span> <span class='ocrx_word' id='word_1_188' title='bbox 531 2369 624 2433; x_wconf 90' lang='lat' dir='ltr'><strong>Fidei</strong></span> <span class='ocrx_word' id='word_1_189' title='bbox 658 2367 827 2448; x_wconf 88' lang='lat' dir='ltr'><strong>doctrina,</strong></span> <span class='ocrx_word' id='word_1_190' title='bbox 860 2369 1011 2433; x_wconf 87' lang='lat' dir='ltr'><strong>scientias</strong></span> <span class='ocrx_word' id='word_1_191' title='bbox 1034 2390 1145 2435; x_wconf 91' lang='lat' dir='ltr'><strong>rerum</strong></span> 
     </span>
     <span class='ocr_line' id='line_1_28' title="bbox 81 2448 1146 2536; baseline -0.003 -16"><span class='ocrx_word' id='word_1_192' title='bbox 81 2466 267 2521; x_wconf 89' lang='lat' dir='ltr'><strong>construere</strong></span> <span class='ocrx_word' id='word_1_193' title='bbox 290 2455 484 2529; x_wconf 89' lang='lat' dir='ltr'><strong>voluerunt,</strong></span> <span class='ocrx_word' id='word_1_194' title='bbox 507 2472 569 2515; x_wconf 94' lang='lat' dir='ltr'><strong>non</strong></span> <span class='ocrx_word' id='word_1_195' title='bbox 597 2448 693 2515; x_wconf 92' lang='lat' dir='ltr'><strong>modo</strong></span> <span class='ocrx_word' id='word_1_196' title='bbox 723 2454 898 2536; x_wconf 81' lang='lat' dir='ltr'><strong>paganicae</strong></span> <span class='ocrx_word' id='word_1_197' title='bbox 926 2450 1146 2536; x_wconf 87' lang='lat' dir='ltr'><strong>philosophiae</strong></span> 
     </span>
     <span class='ocr_line' id='line_1_29' title="bbox 82 2532 1144 2618; baseline -0.003 -15"><span class='ocrx_word' id='word_1_198' title='bbox 82 2560 210 2603; x_wconf 85' lang='lat' dir='ltr'><strong>errores</strong></span> <span class='ocrx_word' id='word_1_199' title='bbox 232 2538 479 2609; x_wconf 79' lang='lat' dir='ltr'><strong>renovaverint,</strong></span> <span class='ocrx_word' id='word_1_200' title='bbox 501 2532 581 2609; x_wconf 92' lang='lat' dir='ltr'><strong>sed,</strong></span> <span class='ocrx_word' id='word_1_201' title='bbox 605 2532 664 2595; x_wconf 94' lang='lat' dir='ltr'><strong>hac</strong></span> <span class='ocrx_word' id='word_1_202' title='bbox 684 2534 874 2618; x_wconf 84' lang='lat' dir='ltr'><strong>pracsertim</strong></span> <span class='ocrx_word' id='word_1_203' title='bbox 897 2543 1006 2597; x_wconf 86' lang='lat' dir='ltr'><strong>nostra</strong></span> <span class='ocrx_word' id='word_1_204' title='bbox 1027 2544 1144 2612; x_wconf 84' lang='lat' dir='ltr'><strong>aetate,</strong></span> 
     </span>
     <span class='ocr_line' id='line_1_30' title="bbox 84 2615 1071 2761; baseline -0.006 -76"><span class='ocrx_word' id='word_1_205' title='bbox 84 2621 149 2686; x_wconf 90' lang='lat' dir='ltr'><strong>illis</strong></span> <span class='ocrx_word' id='word_1_206' title='bbox 173 2619 307 2688; x_wconf 88' lang='lat' dir='ltr'><strong>lortassc</strong></span> <span class='ocrx_word' id='word_1_207' title='bbox 331 2620 433 2704; x_wconf 81' lang='lat' dir='ltr'><strong>magis</strong></span> <span class='ocrx_word' id='word_1_208' title='bbox 455 2616 585 2699; x_wconf 90' lang='lat' dir='ltr'><strong>impios,</strong></span> <span class='ocrx_word' id='word_1_209' title='bbox 607 2626 639 2679; x_wconf 89' lang='lat' dir='ltr'><strong>ct</strong></span> <span class='ocrx_word' id='word_1_210' title='bbox 660 2616 818 2681; x_wconf 88' lang='lat' dir='ltr'><strong>absurdos</strong></span> <span class='ocrx_word' id='word_1_211' title='bbox 829 2615 1034 2761; x_wconf 66' lang='lat' dir='ltr'><strong>¹protulerint</strong></span> <span class='ocrx_word' id='word_1_212' title='bbox 1048 2616 1071 2679; x_wconf 86' lang='lat'><strong>⁸.</strong></span> 
     </span>
    </p>

    <p class='ocr_par' dir='ltr' id='par_1_7' title="bbox 83 2696 1149 3115">
     <span class='ocr_line' id='line_1_31' title="bbox 124 2696 1145 2784; baseline -0.001 -18"><span class='ocrx_word' id='word_1_213' title='bbox 124 2702 193 2769; x_wconf 89' lang='grc'><strong>138.</strong></span> <span class='ocrx_word' id='word_1_214' title='bbox 217 2704 267 2767; x_wconf 85' lang='lat' dir='ltr'><strong>Ex</strong></span> <span class='ocrx_word' id='word_1_215' title='bbox 290 2724 329 2767; x_wconf 91' lang='lat' dir='ltr'><strong>eo</strong></span> <span class='ocrx_word' id='word_1_216' title='bbox 349 2712 479 2775; x_wconf 88' lang='lat' dir='ltr'><strong>autom,</strong></span> <span class='ocrx_word' id='word_1_217' title='bbox 503 2696 589 2781; x_wconf 84' lang='lat' dir='ltr'><strong>quod</strong></span> <span class='ocrx_word' id='word_1_218' title='bbox 612 2696 720 2762; x_wconf 92' lang='lat' dir='ltr'><strong>nullus</strong></span> <span class='ocrx_word' id='word_1_219' title='bbox 743 2697 807 2762; x_wconf 91' lang='lat' dir='ltr'><strong>luit</strong></span> <span class='ocrx_word' id='word_1_220' title='bbox 853 2698 1063 2784; x_wconf 92' lang='lat' dir='ltr'><strong>hilosophus,</strong></span> <span class='ocrx_word' id='word_1_221' title='bbox 1109 2701 1145 2765; x_wconf 91' lang='lat' dir='ltr'><strong>ui</strong></span> 
     </span>
     <span class='ocr_line' id='line_1_32' title="bbox 84 2721 1148 2868; baseline -0.001 -21"><span class='ocrx_word' id='word_1_222' title='bbox 84 2784 119 2848; x_wconf 90' lang='lat' dir='ltr'><strong>iu</strong></span> <span class='ocrx_word' id='word_1_223' title='bbox 139 2783 267 2868; x_wconf 86' lang='lat' dir='ltr'><strong>aliquos</strong></span> <span class='ocrx_word' id='word_1_224' title='bbox 287 2804 413 2851; x_wconf 88' lang='lat' dir='ltr'><strong>errores</strong></span> <span class='ocrx_word' id='word_1_225' title='bbox 437 2804 500 2847; x_wconf 94' lang='lat' dir='ltr'><strong>non</strong></span> <span class='ocrx_word' id='word_1_226' title='bbox 523 2777 689 2857; x_wconf 89' lang='lat' dir='ltr'><strong>inciderit,</strong></span> <span class='ocrx_word' id='word_1_227' title='bbox 712 2776 990 2847; x_wconf 87' lang='lat' dir='ltr'><strong>Traditionalistae</strong></span> <span class='ocrx_word' id='word_1_228' title='bbox 1017 2721 1148 2846; x_wconf 73' lang='lat' dir='ltr'><strong>condlu-</strong></span> 
     </span>
     <span class='ocr_line' id='line_1_33' title="bbox 84 2858 1145 2939; baseline 0.001 -11"><span class='ocrx_word' id='word_1_229' title='bbox 84 2863 165 2931; x_wconf 90' lang='lat' dir='ltr'><strong>dunt</strong></span> <span class='ocrx_word' id='word_1_230' title='bbox 185 2867 344 2930; x_wconf 85' lang='lat' dir='ltr'><strong>rationem</strong></span> <span class='ocrx_word' id='word_1_231' title='bbox 366 2866 446 2929; x_wconf 86' lang='lat' dir='ltr'><strong>adeo</strong></span> <span class='ocrx_word' id='word_1_232' title='bbox 470 2862 679 2938; x_wconf 89' lang='lat' dir='ltr'><strong>imbecillam,</strong></span> <span class='ocrx_word' id='word_1_233' title='bbox 701 2872 734 2926; x_wconf 92' lang='lat' dir='ltr'><strong>et</strong></span> <span class='ocrx_word' id='word_1_234' title='bbox 755 2858 917 2927; x_wconf 85' lang='lat' dir='ltr'><strong>infirmam</strong></span> <span class='ocrx_word' id='word_1_235' title='bbox 937 2883 1018 2939; x_wconf 86' lang='lat' dir='ltr'><strong>esse,</strong></span> <span class='ocrx_word' id='word_1_236' title='bbox 1042 2875 1077 2931; x_wconf 93' lang='lat' dir='ltr'><strong>ut</strong></span> <span class='ocrx_word' id='word_1_237' title='bbox 1094 2865 1145 2930; x_wconf 89' lang='lat' dir='ltr'><strong>vel</strong></span> 
     </span>
     <span class='ocr_line' id='line_1_34' title="bbox 83 2941 1147 3022; baseline -0.001 -10"><span class='ocrx_word' id='word_1_238' title='bbox 83 2946 206 3013; x_wconf 89' lang='lat' dir='ltr'><strong>nullam</strong></span> <span class='ocrx_word' id='word_1_239' title='bbox 228 2948 359 3012; x_wconf 86' lang='lat' dir='ltr'><strong>omnino</strong></span> <span class='ocrx_word' id='word_1_240' title='bbox 381 2948 563 3019; x_wconf 89' lang='lat' dir='ltr'><strong>veritatem,</strong></span> <span class='ocrx_word' id='word_1_241' title='bbox 587 2941 636 3007; x_wconf 88' lang='lat' dir='ltr'><strong>vel</strong></span> <span class='ocrx_word' id='word_1_242' title='bbox 659 2943 764 3009; x_wconf 91' lang='lat' dir='ltr'><strong>nullas</strong></span> <span class='ocrx_word' id='word_1_243' title='bbox 786 2945 936 3009; x_wconf 88' lang='lat' dir='ltr'><strong>veritates</strong></span> <span class='ocrx_word' id='word_1_244' title='bbox 957 2942 1147 3022; x_wconf 86' lang='lat' dir='ltr'><strong>abstractus,</strong></span> 
     </span>
     <span class='ocr_line' id='line_1_35' title="bbox 83 3026 1149 3115; baseline -0.002 -19"><span class='ocrx_word' id='word_1_245' title='bbox 83 3030 135 3096; x_wconf 82' lang='lat' dir='ltr'><strong>vel</strong></span> <span class='ocrx_word' id='word_1_246' title='bbox 157 3028 271 3099; x_wconf 88' lang='lat' dir='ltr'><strong>saltem</strong></span> <span class='ocrx_word' id='word_1_247' title='bbox 292 3028 396 3095; x_wconf 87' lang='lat' dir='ltr'><strong>nullas</strong></span> <span class='ocrx_word' id='word_1_248' title='bbox 417 3028 569 3094; x_wconf 89' lang='lat' dir='ltr'><strong>veritates</strong></span> <span class='ocrx_word' id='word_1_249' title='bbox 592 3026 842 3115; x_wconf 77' lang='lat' dir='ltr'><strong>metaphysicas,</strong></span> <span class='ocrx_word' id='word_1_250' title='bbox 865 3037 898 3097; x_wconf 89' lang='lat' dir='ltr'><strong>et</strong></span> <span class='ocrx_word' id='word_1_251' title='bbox 919 3027 1055 3094; x_wconf 82' lang='lat' dir='ltr'><strong>morales</strong></span> <span class='ocrx_word' id='word_1_252' title='bbox 1077 3030 1149 3094; x_wconf 89' lang='lat' dir='ltr'><strong>sine</strong></span> 
     </span>
    </p>
   </div>
   <div class='ocr_carea' id='block_1_6' title="bbox 86 3266 1151 3701">
    <p class='ocr_par' dir='ltr' id='par_1_8' title="bbox 86 3266 1150 3481">
     <span class='ocr_line' id='line_1_36' title="bbox 121 3266 1150 3333; baseline -0.001 -10"><span class='ocrx_word' id='word_1_253' title='bbox 121 3272 131 3309; x_wconf 80' lang='lat'>¹</span> <span class='ocrx_word' id='word_1_254' title='bbox 152 3268 257 3323; x_wconf 80' lang='lat' dir='ltr'><strong>Frustra</strong></span> <span class='ocrx_word' id='word_1_255' title='bbox 272 3268 414 3319; x_wconf 83' lang='lat' dir='ltr'><strong>adversarii</strong></span> <span class='ocrx_word' id='word_1_256' title='bbox 428 3267 556 3333; x_wconf 81' lang='lat' dir='ltr'><strong>quasdam</strong></span> <span class='ocrx_word' id='word_1_257' title='bbox 570 3266 650 3317; x_wconf 79' lang='lat' dir='ltr'><strong>lateas</strong></span> <span class='ocrx_word' id='word_1_258' title='bbox 664 3270 821 3331; x_wconf 88' lang='lat' dir='ltr'><strong>populorum</strong></span> <span class='ocrx_word' id='word_1_259' title='bbox 835 3270 971 3332; x_wconf 82' lang='lat' dir='ltr'><strong>opiniones</strong></span> <span class='ocrx_word' id='word_1_260' title='bbox 989 3271 1064 3321; x_wconf 88' lang='lat' dir='ltr'><strong>uohls</strong></span> <span class='ocrx_word' id='word_1_261' title='bbox 1081 3272 1150 3323; x_wconf 82' lang='lat' dir='ltr'><strong>ohti-</strong></span> 
     </span>
     <span class='ocr_line' id='line_1_37' title="bbox 86 3341 1150 3407; baseline 0 -11"><span class='ocrx_word' id='word_1_262' title='bbox 86 3345 169 3402; x_wconf 86' lang='lat' dir='ltr'><strong>eiunt;</strong></span> <span class='ocrx_word' id='word_1_263' title='bbox 187 3342 316 3407; x_wconf 85' lang='lat' dir='ltr'><strong>siquidem</strong></span> <span class='ocrx_word' id='word_1_264' title='bbox 331 3341 380 3391; x_wconf 79' lang='lat' dir='ltr'><strong>hae</strong></span> <span class='ocrx_word' id='word_1_265' title='bbox 394 3354 479 3405; x_wconf 82' lang='lat' dir='ltr'><strong>noque</strong></span> <span class='ocrx_word' id='word_1_266' title='bbox 493 3345 651 3403; x_wconf 85' lang='lat' dir='ltr'><strong>perpetuae,</strong></span> <span class='ocrx_word' id='word_1_267' title='bbox 666 3354 751 3404; x_wconf 85' lang='lat' dir='ltr'><strong>neque</strong></span> <span class='ocrx_word' id='word_1_268' title='bbox 766 3343 928 3393; x_wconf 77' lang='lat' dir='ltr'><strong>universales</strong></span> <span class='ocrx_word' id='word_1_269' title='bbox 940 3347 1011 3402; x_wconf 83' lang='lat' dir='ltr'><strong>sunt,</strong></span> <span class='ocrx_word' id='word_1_270' title='bbox 1026 3344 1150 3407; x_wconf 82' lang='lat' dir='ltr'><strong>proinde-</strong></span> 
     </span>
     <span class='ocr_line' id='line_1_38' title="bbox 86 3413 875 3481; baseline -0.001 -16"><span class='ocrx_word' id='word_1_271' title='bbox 86 3430 138 3481; x_wconf 76' lang='lat' dir='ltr'><strong>que</strong></span> <span class='ocrx_word' id='word_1_272' title='bbox 158 3429 173 3464; x_wconf 85' lang='lat' dir='ltr'><strong>a</strong></span> <span class='ocrx_word' id='word_1_273' title='bbox 193 3428 322 3465; x_wconf 82' lang='lat' dir='ltr'><strong>consentu</strong></span> <span class='ocrx_word' id='word_1_274' title='bbox 342 3415 461 3463; x_wconf 88' lang='lat' dir='ltr'><strong>omnium</strong></span> <span class='ocrx_word' id='word_1_275' title='bbox 480 3413 597 3477; x_wconf 70' lang='lat' dir='ltr'><strong>gentium</strong></span> <span class='ocrx_word' id='word_1_276' title='bbox 617 3413 727 3462; x_wconf 82' lang='lat' dir='ltr'><strong>minime</strong></span> <span class='ocrx_word' id='word_1_277' title='bbox 745 3414 875 3464; x_wconf 84' lang='lat' dir='ltr'><strong>oriuntur.</strong></span> 
     </span>
    </p>

    <p class='ocr_par' dir='ltr' id='par_1_9' title="bbox 122 3480 1108 3551">
     <span class='ocr_line' id='line_1_39' title="bbox 122 3480 1108 3551; baseline 0.002 -16"><span class='ocrx_word' id='word_1_278' title='bbox 122 3488 134 3522; x_wconf 71' lang='lat'><strong>²</strong></span> <span class='ocrx_word' id='word_1_279' title='bbox 154 3484 181 3535; x_wconf 92' lang='lat' dir='ltr'><strong>S.</strong></span> <span class='ocrx_word' id='word_1_280' title='bbox 201 3484 311 3545; x_wconf 68' lang='lat' dir='ltr'><strong>Bonan,</strong></span> <span class='ocrx_word' id='word_1_281' title='bbox 334 3489 364 3536; x_wconf 80' lang='lat' dir='ltr'><strong>lo</strong></span> <span class='ocrx_word' id='word_1_282' title='bbox 381 3486 427 3534; x_wconf 85' lang='grc'><strong>111.</strong></span> <span class='ocrx_word' id='word_1_283' title='bbox 449 3488 475 3535; x_wconf 90' lang='grc'><strong>11</strong></span> <span class='ocrx_word' id='word_1_284' title='bbox 493 3486 576 3543; x_wconf 76' lang='lat' dir='ltr'><strong>sent,</strong></span> <span class='ocrx_word' id='word_1_285' title='bbox 598 3480 663 3533; x_wconf 84' lang='lat' dir='ltr'><strong>Dist.</strong></span> <span class='ocrx_word' id='word_1_286' title='bbox 683 3480 782 3539; x_wconf 81' lang='lat' dir='ltr'><strong>xttttt.</strong></span> <span class='ocrx_word' id='word_1_287' title='bbox 802 3500 828 3536; x_wconf 81' lang='lat' dir='ltr'><strong>a.</strong></span> <span class='ocrx_word' id='word_1_288' title='bbox 853 3486 894 3545; x_wconf 86' lang='lat' dir='ltr'><strong>ll,</strong></span> <span class='ocrx_word' id='word_1_289' title='bbox 914 3502 942 3550; x_wconf 85' lang='lat' dir='ltr'><strong>q.</strong></span> <span class='ocrx_word' id='word_1_290' title='bbox 964 3490 973 3537; x_wconf 90' lang='grc'><strong>1</strong></span> <span class='ocrx_word' id='word_1_291' title='bbox 997 3490 1033 3538; x_wconf 86' lang='lat' dir='ltr'><strong>ud</strong></span> <span class='ocrx_word' id='word_1_292' title='bbox 1049 3502 1108 3551; x_wconf 77' lang='lat' dir='ltr'><strong>erp.</strong></span> 
     </span>
    </p>

    <p class='ocr_par' dir='ltr' id='par_1_10' title="bbox 87 3552 1151 3701">
     <span class='ocr_line' id='line_1_40' title="bbox 124 3552 1151 3622; baseline 0.005 -14"><span class='ocrx_word' id='word_1_293' title='bbox 124 3556 136 3592; x_wconf 85' lang='lat'><strong>³</strong></span> <span class='ocrx_word' id='word_1_294' title='bbox 155 3552 191 3608; x_wconf 88' lang='lat' dir='ltr'><strong>Cl</strong></span> <span class='ocrx_word' id='word_1_295' title='bbox 205 3558 325 3622; x_wconf 76' lang='lat' dir='ltr'><strong>Syllabas</strong></span> <span class='ocrx_word' id='word_1_296' title='bbox 337 3558 504 3620; x_wconf 76' lang='lat' dir='ltr'><strong>complectens</strong></span> <span class='ocrx_word' id='word_1_297' title='bbox 522 3558 673 3620; x_wconf 80' lang='lat' dir='ltr'><strong>praecipuos</strong></span> <span class='ocrx_word' id='word_1_298' title='bbox 691 3564 798 3609; x_wconf 72' lang='lat' dir='ltr'><strong>nosnos</strong></span> <span class='ocrx_word' id='word_1_299' title='bbox 814 3562 908 3609; x_wconf 82' lang='lat' dir='ltr'><strong>octotir</strong></span> <span class='ocrx_word' id='word_1_300' title='bbox 926 3574 1029 3611; x_wconf 77' lang='lat' dir='ltr'><strong>errores</strong></span> <span class='ocrx_word' id='word_1_301' title='bbox 1042 3566 1095 3611; x_wconf 87' lang='lat' dir='ltr'><strong>etc.</strong></span> <span class='ocrx_word' id='word_1_302' title='bbox 1109 3560 1151 3615; x_wconf 79' lang='lat' dir='ltr'><strong>tu</strong></span> 
     </span>
     <span class='ocr_line' id='line_1_41' title="bbox 87 3624 1149 3701; baseline 0.009 -21"><span class='ocrx_word' id='word_1_303' title='bbox 87 3630 175 3701; x_wconf 65' lang='lat' dir='ltr'><strong>Papus</strong></span> <span class='ocrx_word' id='word_1_304' title='bbox 189 3624 240 3693; x_wconf 86' lang='lat' dir='ltr'><strong>lll,</strong></span> <span class='ocrx_word' id='word_1_305' title='bbox 256 3626 314 3683; x_wconf 87' lang='lat' dir='ltr'><strong>vul</strong></span> <span class='ocrx_word' id='word_1_306' title='bbox 327 3628 462 3684; x_wconf 82' lang='lat' dir='ltr'><strong>decembr.</strong></span> <span class='ocrx_word' id='word_1_307' title='bbox 485 3628 565 3689; x_wconf 82' lang='grc'><strong>1861,</strong></span> <span class='ocrx_word' id='word_1_308' title='bbox 580 3634 594 3693; x_wconf 80' lang='lat' dir='ltr'><strong>s</strong></span> <span class='ocrx_word' id='word_1_309' title='bbox 609 3629 635 3689; x_wconf 87' lang='lat' dir='ltr'><strong>t,</strong></span> <span class='ocrx_word' id='word_1_310' title='bbox 655 3643 682 3681; x_wconf 89' lang='lat' dir='ltr'><strong>n.</strong></span> <span class='ocrx_word' id='word_1_311' title='bbox 698 3629 725 3691; x_wconf 83' lang='grc'><strong>3,</strong></span> <span class='ocrx_word' id='word_1_312' title='bbox 739 3634 767 3689; x_wconf 82' lang='lat' dir='ltr'><strong>at</strong></span> <span class='ocrx_word' id='word_1_313' title='bbox 779 3630 807 3691; x_wconf 82' lang='grc'><strong>1.</strong></span> <span class='ocrx_word' id='word_1_314' title='bbox 827 3636 854 3687; x_wconf 87' lang='lat' dir='ltr'><strong>et</strong></span> <span class='ocrx_word' id='word_1_315' title='bbox 873 3636 888 3695; x_wconf 76' lang='lat' dir='ltr'><strong>s</strong></span> <span class='ocrx_word' id='word_1_316' title='bbox 907 3631 937 3694; x_wconf 73' lang='grc'><strong>1,</strong></span> <span class='ocrx_word' id='word_1_317' title='bbox 956 3646 984 3687; x_wconf 83' lang='lat' dir='ltr'><strong>n.</strong></span> <span class='ocrx_word' id='word_1_318' title='bbox 1004 3633 1033 3693; x_wconf 84' lang='lat' dir='ltr'><strong>t,</strong></span> <span class='ocrx_word' id='word_1_319' title='bbox 1052 3636 1081 3690; x_wconf 76' lang='lat' dir='ltr'><strong>ot</strong></span> <span class='ocrx_word' id='word_1_320' title='bbox 1101 3634 1149 3692; x_wconf 77' lang='grc'><strong>11.</strong></span> 
     </span>
    </p>
   </div>
   <div class='ocr_carea' id='block_1_7' title="bbox 0 0 1258 3909">
    <p class='ocr_par' dir='ltr' id='par_1_11' title="bbox 0 0 1258 3909">
     <span class='ocr_line' id='line_1_42' title="bbox 0 0 1258 3909; baseline 0 0"><span class='ocrx_word' id='word_1_321' title='bbox 0 0 1258 3909; x_wconf 95' lang='lat' dir='ltr'><strong> </strong></span> 
     </span>
    </p>
   </div>
  </div>
 </body>
</html>
