2475 3909
154 142 215 210 312
443 156 628 209 rurosoma
650 158 841 219 narratus

117 242 283 308 Declarari
307 240 338 307 id
361 249 466 329 potest
485 241 636 338 exemplo
658 240 859 337 collectionis
880 239 1049 327 lapidum,
1070 260 1177 338 pope,
1230 211 1231 233 ἶ

114 328 177 392 etsi
199 324 326 391 infinita
347 334 500 409 ponatur,
524 322 604 388 nibal
626 336 791 389 continere
834 335 927 402 otest,
948 322 1035 410 quod
1057 322 1180 410 lapidas

114 406 154 471 ad
176 405 436 474 ratiocinandum
459 405 682 493 impotentiam
702 406 797 472 exclu
820 416 863 471 at.

299 533 367 587 dar.
388 534 422 589 V.
436 562 471 574 -
484 533 521 586 iio
540 540 696 599 argumento
716 536 986 603 physico-tbeologioo

153 641 205 709 ta.
229 646 465 727 Argumentum
484 641 830 727 physico-tirologicum
853 664 896 707 ex
917 641 1028 709 mundi
1049 644 1178 726 specie,
1231 643 1232 723 l

114 734 147 790 et
168 735 243 809 apta
274 724 415 811 partium
449 724 662 810 dispositione
695 726 845 791 sumitur.
868 726 936 790 lam
958 750 976 789 s
998 724 1058 791 boc
1079 745 1181 809 argu-

115 816 285 883 mentum,
309 817 346 871 ut
367 806 533 873 Hoockius
554 808 611 885 ait,
634 808 692 893 qui
714 809 880 893 copiosius
901 807 980 875 velit
1000 816 1183 893 pertracta·

114 910 163 966 re,
179 887 228 952 iili
249 898 316 956 tota
331 886 536 975 Physioiogia
557 900 606 955 est
627 888 845 976 percurrenda
861 892 871 928 ⁴
886 914 914 953 o.
931 894 974 955 At
994 888 1105 965 nobis,
1122 891 1181 988 qni

114 969 305 1055 compendio
326 970 504 1049 studemus,
526 971 603 1037 satis
625 974 668 1038 sit
688 972 895 1038 existentiam
916 970 977 1037 Dei
999 972 1181 1038 exordiae

116 1050 228 1118 mundi
251 1054 427 1139 generatim
448 1061 591 1139 spectato
612 1053 836 1140 comprobare.

156 1135 207 1201 dd.
224 1135 337 1220 ltaque
352 1146 578 1220 argumentum
598 1134 658 1201 hoo
674 1136 770 1203 modo
791 1132 996 1200 conficimus:
1012 1134 1182 1215 Mirificus

115 1216 148 1280 in
170 1216 230 1281 hoc
251 1216 371 1282 mundo
391 1216 472 1282 ordo
493 1216 614 1283 existit.
631 1220 745 1304 Atqui,
761 1219 823 1283 nisi
847 1218 912 1282 Ens
934 1214 1058 1281 infinita
1083 1218 1183 1285 intel-

115 1298 249 1385 ligentia
271 1296 468 1384 praeditum,
490 1319 606 1445 nempe
629 1299 730 1380 Deus,
745 1310 859 1367 auctor
880 1298 1065 1364 huiusmodi
1089 1301 1181 1365 ordi-

111 1380 393 1529 ”iffaffiifffftu'g
416 1382 563 1446 admiran
589 1383 598 1446 i
624 1382 712 1447 iilius
734 1382 866 1450 ciicctns
888 1402 984 1447 causa
1013 1382 1180 1449 sufficiens

114 1474 468 1633 t⁰dddliiuodgdps'ectat
488 1544 529 1609 ad
549 1547 711 1623 maiorem,
734 1565 785 1611 res
807 1542 997 1622 mundanae,
1021 1544 1181 1631 quemad-

115 1628 247 1693 modum
276 1626 354 1693 aiibi
376 1650 394 1693 a
417 1625 509 1692 nobis
535 1638 699 1693 ostensum
721 1640 769 1693 est
784 1629 809 1705 ⁵,
831 1629 889 1693 etsi
913 1628 1076 1694 variarum
1109 1650 1181 1714 spe-
1233 1648 1234 1665 ¹

114 1710 238 1776 ciorum
260 1711 348 1783 sint.
373 1721 479 1777 manen
513 1708 559 1775 ita
580 1709 666 1775 inter
687 1732 720 1776 se
742 1712 818 1779 colli
844 1720 962 1785 antur,
986 1724 1022 1777 ul
1041 1711 1180 1777 unicum

116 1793 227 1864 mundi
249 1804 387 1892 splenia
407 1790 596 1870 efforment3
612 1802 708 1878 atque
731 1813 794 1861 non
811 1731 1012 1859 distantibus
1028 1793 1181 1859 innume·

114 1875 173 1953 ris,
196 1877 322 1954 varirs,
344 1885 377 1940 ct
400 1874 519 1961 partim
541 1876 738 1951 contrariis,
761 1875 881 1963 quibus
901 1874 1067 1963 praeditae
1090 1888 1179 1945 sunt.

115 1958 260 2035 viribus,
283 1980 342 2045 per.
362 1976 476 2023 causas
497 1956 695 2037 efficientes,
718 1970 751 2024 et
772 1957 883 2025 finales
903 1978 1013 2023 secum
1034 1957 1179 2023 invicem

116 2051 361 2118 connectuntur,
377 2048 411 2105 ct
431 2058 491 2124 per
503 2049 702 2106 constantem
723 2039 850 2119 harum,
865 2058 947 2125 quas
968 2038 1054 2104 inter
1070 2059 1110 2103 se
1125 2038 1179 2103 ba·

474 2198 801 2219 *nnn-nd...-

151 2271 160 2307 ¹
181 2268 265 2321 ibeol.
285 2276 341 2319 ssot.
362 2278 384 2321 st
402 2284 456 2321 reo.
474 2272 617 2336 principio,
638 2277 658 2322 t.
681 2271 701 2332 l,
722 2288 783 2339 pars
802 2270 822 2328 l,
842 2276 910 2321 sect.
932 2268 952 2321 l.
973 2266 1052 2325 Sane,
1072 2272 1179 2334 quaeli-

115 2344 161 2396 bet
179 2355 220 2392 res
240 2342 266 2389 in
286 2348 377 2392 natura
397 2346 498 2394 attente
512 2344 703 2403 consideretur,
726 2361 772 2397 nos
791 2346 823 2395 atl
842 2345 1003 2408 agnitionem
1017 2340 1063 2393 liei
1075 2344 1177 2395 ducere

114 2419 210 2479 potest.
231 2411 297 2463 ilino
315 2417 505 2477 quamplurimi
524 2417 651 2477 luerunt,
675 2424 756 2483 atque
776 2422 857 2473 sunt,
881 2416 928 2480 qai
946 2428 977 2465 ex
997 2429 1051 2465 noo
1070 2422 1177 2467 uatum

115 2489 218 2538 antium
233 2499 340 2551 gauere,
359 2500 385 2537 e.
405 2501 444 2551 g..
464 2504 495 2538 ex
514 2490 585 2539 oculi
604 2490 757 2550 dumtaxat,
777 2496 824 2540 aut
842 2490 929 2545 auris,
950 2491 997 2537 aut
1017 2502 1115 2539 mauras
1135 2504 1178 2541 ar-

115 2562 209 2617 tilicio,
229 2564 276 2609 aut
294 2572 328 2609 ex
345 2560 461 2622 pluviae,
482 2564 524 2613 rel
542 2563 693 2625 grandinis,
714 2566 881 2625 aliarumque
901 2566 1077 2610 meleorarnm
1097 2574 1180 2625 gene-

116 2634 242 2690 ratione,
261 2632 303 2683 vel
321 2644 354 2681 sx
373 2633 427 2681 sola
448 2634 637 2695 dispositione,
658 2640 685 2687 el
703 2650 783 2686 corso
808 2640 960 2689 astrorum,
981 2634 1022 2681 rel
1041 2636 1127 2683 etlam
1148 2650 1177 2685 ex

114 2704 232 2762 insectis,
250 2708 278 2755 el
298 2706 483 2768 vegetabilibus
503 2703 692 2770 Sapientissimi
713 2703 862 2759 Conditoris
878 2705 1045 2756 exlstentiam
1065 2706 1176 2757 demors-

114 2781 243 2829 strarant.
263 2772 350 2841 litque
368 2792 421 2841 quo
439 2792 529 2829 rerum
547 2781 711 2831 naturalium
730 2781 846 2831 eludium
867 2779 951 2841 magis
970 2777 1126 2840 perlinitur,
1146 2794 1178 2829 eo

117 2852 191 2914 plura
216 2848 365 2900 huiusmodi
389 2856 545 2915 argumenta
571 2866 586 2901 a
611 2852 771 2915 sapientibus
799 2852 975 2916 explicantur.
1001 2844 1038 2903 Gi
1058 2847 1178 2917 ubagts.

118 2926 185 2975 inat.
204 2922 282 2986 pisti„
302 2934 363 2983 pars
382 2919 428 2981 lv,
449 2923 553 2982 neos..
574 2925 711 2989 Appeodte
728 2935 859 2983 notorum,
879 2928 940 2972 nota
960 2922 994 2972 A·

152 2992 267 3045 ¹llutos
291 2996 439 3057 argumenti
464 2996 518 3045 rim
543 3002 698 3056 senserunt,
723 3002 750 3049 et
773 2998 958 3060 praedicarunt
981 2994 1030 3043 rirl
1055 2996 1175 3045 omnium

118 3071 238 3118 aetatum
264 3068 459 3129 sapientissimi.
486 3064 523 3118 lix
547 3070 664 3134 antiquis
689 3072 752 3120 satis
778 3072 831 3119 erit
853 3079 1003 3118 memorare
1027 3064 1174 3123 Platonem.

116 3139 306 3198 Aristotelem,
332 3134 498 3191 Ciceronem.
520 3138 559 3191 lix
579 3139 715 3193 Ecclesiae
734 3142 853 3193 Patribus
876 3140 976 3191 laudari
996 3140 1066 3189 later
1081 3152 1175 3191 omnes

118 3213 213 3263 debent
232 3226 255 3262 s.
271 3209 396 3270 lustinus,
415 3226 440 3264 s.
454 3208 596 3276 Gregorius
614 3212 807 3271 Nazianzenus,
827 3226 849 3263 s.
871 3209 1011 3277 Gregorius
1028 3208 1172 3275 Nyasessns.

117 3300 141 3334 s.
161 3280 371 3342 basiliensis.
392 3280 569 3348 Augustinus,
589 3300 702 3350 quorum
723 3287 886 3348 praeclsrean
906 3285 1094 3347 expositionem
1115 3300 1172 3349 pao·

119 3355 232 3403 autimas
250 3355 277 3405 ia
295 3350 345 3417 Op.
366 3357 448 3405 Elem.
467 3369 514 3406 seo
535 3360 601 3407 lost.
619 3362 685 3422 ptit.
705 3360 805 3415 ebriat..
827 3358 879 3408 rol.
900 3354 947 3415 lli,
969 3356 1053 3405 lbsol.
1072 3365 1171 3411 sorar..

121 3438 147 3472 c.
169 3422 190 3480 l,
210 3438 237 3473 a.
257 3426 284 3481 l.
305 3439 332 3487 ι).
352 3425 388 3475 36
406 3440 454 3490 sqq
473 3424 526 3490 (rel
546 3428 599 3478 367
618 3445 666 3495 sqq
686 3429 733 3481 ait.
754 3432 817 3480 sdit.
839 3426 946 3493 Neapol.
963 3422 1054 3493 isis).
1075 3422 1114 3477 lix
1134 3442 1174 3479 ae·

118 3492 280 3546 contioribus
293 3498 442 3547 meminisse
462 3500 534 3548 lurat
554 3514 643 3551 rerum
657 3504 817 3552 naturalium
830 3502 1001 3565 peritissimos
1016 3496 1172 3563 Ksplesnm.

120 3556 306 3622 Coporntcnm,
326 3563 495 3625 Newtonam,
517 3567 656 3632 liniarum,
678 3568 835 3623 Lalbnitium
854 3579 906 3623 eto.

157 3624 168 3661 ¹
188 3631 309 3693 &mlo
328 3650 353 3685 ο·
376 3634 421 3698 Vl,
441 3652 467 3689 a.
491 3642 515 3699 l,
536 3655 563 3705 ι).
587 3645 636 3695 lli
657 3659 715 3712 sqq,
735 3652 762 3696 et
781 3661 807 3697 a.
828 3645 854 3705 ³,
875 3658 902 3709 p.
925 3644 970 3695 lbl
992 3656 1051 3708 sqq.
