2475 3909
138 159 196 222 122
519 175 718 224 eosuonoum

95 256 221 404 picium
243 257 426 406 extistipnata
448 265 507 334 est,
523 279 565 322 ex
585 278 651 342 quo
672 257 818 324 diversae
839 261 964 346 speeies
984 281 1166 346 corporum

118 360 272 427 ignosoun
287 360 328 404 nr
358 385 366 402 .

355 463 422 516 dnn.
438 461 484 516 lv.
497 493 530 503 -
544 463 580 516 De
600 425 743 529 eoipotum
761 468 898 519 netiriteto

135 573 186 640 68.
204 571 272 636 lum
287 570 365 636 aiibi
379 570 576 638 ostendimus
591 569 747 637 adversus
761 572 1039 639 Maiebranehium
1050 575 1062 610 ¹
1074 575 1166 640 nihil

95 655 329 739 repugnantiae
351 655 385 718 in
407 675 446 719 eo
471 655 632 732 inveniri,
677 656 742 720 nod
763 677 898 741 corpora
943 656 1059 721 uadem
1079 661 1167 723 aeti·

95 736 193 800 vitate
216 737 360 822 praedita
385 737 460 812 sint,
481 750 513 803 et
534 748 645 803 contra
690 737 863 802 eibnitium
878 740 890 775 ⁸
905 676 969 802 adia
991 741 1023 803 in
1045 737 1109 804 alia
1126 763 1166 804 a·

118 840 173 883 ere
196 839 300 904 posse.
319 819 380 883 Hic
396 817 681 885 demonstrandum
704 819 799 885 nobis
819 831 867 886 est
886 842 1021 907 corpora
1043 843 1165 906 reapse

96 839 149 966 dn
173 901 336 966 activ'itate
358 901 498 988 potiere,
521 913 750 987 praetereaque
773 902 1017 986 inquirendum,
1038 925 1168 990 quous-

94 1005 162 1070 que.
176 985 249 1068 ipsa
270 985 478 1070 porrigatur,
501 1005 615 1069 nempe
645 997 755 1049 utrum
783 1003 921 1131 corpora
942 1007 1040 1051 nouas
1061 1007 1167 1072 gene-

95 1077 167 1131 rent.
188 1065 399 1140 substantias,
415 1087 454 1129 an
477 1064 645 1131 dumtaxat
667 1087 748 1131 nova
769 1068 836 1131 aeci
861 1068 947 1133 entia
963 1071 997 1132 in
1011 1068 1165 1134 substan-

96 1149 161 1222 tiis,
177 1169 259 1234 quae
277 1149 340 1212 iam
356 1149 509 1222 existunt,
532 1147 723 1234 producant.

134 1232 184 1298 69.
208 1233 304 1314 Prop.
329 1227 373 1294 1⁸.
400 1229 539 1314 Corpore
563 1232 696 1316 quodam
723 1231 884 1295 nativitate
900 1231 1046 1315 praedito
1067 1245 1160 1298 sont.

136 1312 304 1378 Probatur.
324 1311 534 1390 Quotidiano,
549 1325 581 1378 et
595 1313 753 1379 constanti
775 1314 962 1398 expetentia
982 1312 1165 1380 edocemur

94 1414 244 1483 corpora,
269 1395 382 1481 positis
402 1396 500 1460 certis
521 1393 771 1468 conditionibus,
797 1407 901 1460 oertos
928 1394 1059 1461 edeotns
1081 1417 1164 1483 pro-

95 1476 226 1553 ducere,
241 1499 269 1542 e.
288 1499 332 1564 g.,
348 1497 454 1541 ceram
470 1477 643 1560 liquefieri,
660 1480 686 1542 si
709 1479 778 1561 igni
801 1476 1024 1555 admoveatur,
1046 1499 1164 1544 aerem

95 1559 289 1636 illuminari,
305 1562 411 1625 statim
434 1580 471 1623 ao
492 1559 538 1624 soi
559 1559 679 1634 oritur;
697 1581 779 1644 aqua
801 1560 889 1624 sitim
911 1560 1081 1644 restingui.
1097 1565 1164 1628 At-

94 1645 151 1726 qui
167 1640 351 1706 huinsmodi
375 1639 508 1707 effeetus
523 1663 540 1704 a
555 1640 761 1726 corporibus,
778 1651 940 1726 tamquam
954 1661 972 1704 a
988 1643 1072 1706 reris
1086 1645 1163 1708 suis

94 1725 213 1800 causis,
229 1723 465 1810 producuntur.
482 1724 570 1808 Ergo
591 1744 728 1809 corpora
749 1724 782 1787 vi
804 1736 935 1789 actuosa
951 1724 1072 1809 poliere
1086 1746 1165 1789 cer-

96 1815 164 1871 tum
187 1817 245 1872 est.

133 1890 185 1954 70.
207 1887 317 1954 Minor
339 1887 495 1972 probatur
517 1884 550 1950 1⁰
571 1908 677 1963 exeo,
694 1885 780 1971 quod
802 1886 891 1952 uuila
913 1887 997 1952 ratio
1016 1899 1075 1963 est,
1094 1910 1165 1956 cur

95 1969 169 2035 iitos
189 1973 322 2036 effeetus
342 1969 545 2066 corporibus,
565 1969 663 2034 veluti
685 1969 771 2032 veris
791 1969 859 2032 suis
881 1969 1000 2044 causis,
1021 1969 1167 2057 denego·

94 2072 184 2126 mus,
207 2055 299 2138 quia,
323 2054 370 2118 uti
394 2071 426 2115 ιιι
450 2052 611 2134 Ontotogio
636 2049 851 2127 ostendimus,
873 2071 1009 2136 corpora
1030 2052 1164 2139 aliquid

95 2134 129 2197 in
150 2155 184 2198 se
208 2136 348 2199 invicem
381 2152 477 2216 agere
509 2155 570 2198 non
600 2142 781 2219 repugnat;
803 2131 838 2196 2⁰
860 2153 901 2196 ex
928 2133 1097 2220 eoquod,
1121 2149 1167 2204 ut

94 2235 120 2280 s.
137 2215 273 2281 Thomas
295 2215 442 2292 advertit,
460 2214 507 2280 iiii
522 2215 657 2280 effectus
677 2224 861 2279 constanter
882 2229 1072 2298 sequuntur,
1089 2218 1164 2284 nisi

94 2297 181 2381 qnod
203 2297 351 2363 accidens
373 2297 460 2443 ipsos
483 2296 640 2382 impediat
654 2298 679 2372 ‘;
700 2295 734 2363 3⁰
748 2295 826 2379 quia
848 2316 911 2360 non
934 2297 1037 2362 sotum
1058 2319 1168 2384 expe-

94 2381 209 2454 rimur,
233 2403 261 2445 e.
279 2401 323 2464 g„
346 2399 381 2443 ca
397 2400 498 2454 orem,
519 2378 573 2442 sed
595 2380 695 2444 etiam
717 2380 854 2443 satorem
869 2378 967 2462 ignis,
982 2380 1068 2464 quod
1083 2385 1168 2464 qui-

94 2461 167 2527 dem
190 2463 335 2547 experiri
360 2481 422 2541 non
445 2479 627 2548 possumus,
654 2459 715 2522 nisi
738 2459 875 2545 ipsemet
897 2461 978 2543 ignis
999 2465 1165 2529 sensatio-

95 2565 168 2608 uem
191 2547 308 2610 catoris
331 2543 509 2629 producere
531 2541 660 2605 dicatur
674 2543 698 2613 ⁵3
715 2541 750 2605 Ιθ
771 2561 813 2604 ex
827 2562 880 2616 eo,
894 2542 979 2626 qnod
1003 2547 1036 2608 iu
1057 2544 1166 2614 rebus

94 2628 296 2694 naturalibus
310 2624 467 2710 quaedam
489 2623 527 2688 ad
543 2635 648 2689 certos
662 2623 795 2686 effeetus
810 2621 1031 2708 producendos
1043 2627 1165 2714 dispo-

94 2708 228 2774 sitiones
251 2712 383 2784 insunt;
409 2729 439 2772 e.
457 2728 501 2792 g.,
526 2707 559 2771 in
581 2706 722 2780 semine,
749 2716 782 2771 et
803 2704 917 2770 teiinre
941 2708 1064 2793 aliquid
1088 2727 1165 2790 est,

93 2789 180 2874 qnod
202 2790 241 2854 ad
263 2789 512 2877 productionem
528 2787 667 2883 plantae,
683 2799 782 2933 atgne
803 2787 932 2882 inneibo
955 2789 1080 2937 aliqdnid
1095 2807 1164 2873 est,

116 2871 180 2937 uod
202 2872 240 2936 ad
256 2873 467 2938 nutritionem
483 2882 657 2944 coneurr1t3
673 2889 718 2932 un
741 2891 759 2933 e
774 2889 807 2932 tn
822 2869 995 2946 hissenus,
1032 2895 1087 2938 um
1107 2879 1167 2942 ef.

93 2891 198 3020 iectus
219 2954 421 3038 producitur,
436 2949 594 3036 quaedam
608 2949 690 3016 fiunt
711 2951 814 3016 reales
837 2950 1101 3034 immutationes,
1122 2982 1162 3026 e.

95 3057 146 3122 g.,
170 3036 204 3101 iu
226 3036 403 3102 nutritione
425 3035 460 3100 fit
482 3033 612 3182 phpsioa
634 3031 782 3097 ciborum
805 3031 1049 3120 decompositio.
1072 3039 1165 3104 Iam·

94 3139 184 3192 vero,
206 3141 224 3180 n
246 3119 308 3184 nisi
336 3139 388 3182 res
410 3128 523 3184 natura
536 3136 571 3180 es
593 3113 718 3200 aliquid
740 3126 882 3199 agerent,
905 3115 1029 3184 frustra
1049 3133 1163 3190 essent

93 3201 143 3266 eis
164 3199 302 3277 formae,
318 3208 351 3264 et
365 3201 501 3265 virtutes
521 3196 670 3274 collatam
692 3196 779 3262 sient
799 3197 827 3261 si
849 3197 1000 3265 ouiteiius
1021 3223 1086 3268 non
1106 3202 1163 3268 in-

130 3450 139 3484 t
159 3443 195 3499 Ct
210 3461 232 3497 ι.
253 3443 361 3506 Thom,
383 3446 429 3509 ΙΙΙ,
450 3463 479 3513 q.
498 3444 591 3508 ΙΙΙΙΙΙ,
611 3459 638 3496 a.
658 3445 675 3497 2
694 3447 727 3497 ad
749 3447 774 3497 t.

129 3518 142 3553 ²
163 3519 261 3575 Ontot„
281 3535 306 3569 e.
328 3515 374 3577 tx,
394 3535 420 3570 s.
443 3521 468 3580 7,
489 3535 516 3584 p.
539 3519 632 3570 'it-72.
652 3518 815 3578 -21ttu,
834 3533 861 3569 ι.
881 3517 909 3580 2,
928 3533 957 3585 p.
977 3517 1073 3574 6243.

131 3585 143 3622 Ι
162 3589 210 3648 oq.
225 3591 321 3652 supp-2
334 3593 372 3641 De
386 3593 454 3650 Poe,
469 3606 497 3655 q.
512 3589 559 3650 ΙΙΙ,
574 3605 600 3642 a.
616 3591 670 3640 7⁰.

130 3657 143 3698 ⁵
161 3651 384 3720 ttcrma01.‚e.
399 3659 444 3724 itt,
459 3675 485 3713 a.
500 3662 527 3724 2,
541 3677 568 3730 p.
583 3660 704 3716 ΞΙΗΙΙ
715 3662 769 3716 tol.
781 3659 808 3718 1.
