2475 3909
137 173 199 243 398
442 187 841 242 rnsononranarvnanrs

97 295 187 341 num.
211 299 230 338 u
246 274 324 340 Vult
346 271 466 338 bonum
487 293 709 418 consepuens‚
736 298 776 340 ex
799 297 866 360 qno
888 274 1010 339 maium
1043 273 1172 338 ordina-

100 369 171 433 tur3
187 378 229 422 ex
248 376 313 440 quo
334 355 494 440 sequitur,
510 375 581 502 pao
625 355 703 422 vetit
725 359 807 422 mala
824 357 908 422 iacta
923 357 1095 432 ordinare,
1113 378 1172 420 non

98 451 220 515 autem,
243 437 329 522 quod
351 436 432 502 velit
452 457 490 501 ea
534 437 643 514 eri¹r>3
658 438 826 515 nimirum,
849 439 876 504 si
899 437 996 504 horno
1019 459 1080 502 sna
1104 459 1173 521 pra-

98 520 198 586 vitate
220 517 343 584 bonum
365 519 399 583 in
420 517 543 583 maium
564 521 735 596 convertit,
757 520 891 598 Deus,e
913 519 1094 594 contrario,
1117 540 1173 583 sna

99 602 267 687 Sapientia
288 603 397 678 efficit,
413 610 449 667 ut
464 599 585 665 bonurn
607 621 649 664 ex
670 601 755 667 maio
778 612 940 668 nascatur.
958 602 1045 665 Hinc
1069 622 1096 664 s.
1110 603 1174 665 An·

99 685 247 767 guntinus
270 684 395 749 aiebat:
419 683 565 767 «Neque
587 681 725 747 Beue...
744 683 810 749 nito
832 682 928 748 modo
949 683 1076 748 sineret
1099 683 1172 746 mati

98 763 226 850 aliquid
247 785 316 830 esse
337 764 371 828 in
386 763 542 849 operibus
563 763 641 840 suis,
658 764 720 829 nisi
743 787 846 850 usque
868 763 949 830 adeo
964 777 1051 828 esset
1072 764 1175 829 omni·
1232 815 1233 834 2

100 859 226 931 potens,
248 855 281 911 et
301 845 420 920 bonus,
437 857 473 912 ut
494 843 576 910 bene
598 845 727 911 iaceret·
742 859 774 914 et
795 846 834 913 de
858 846 966 910 maio²
982 869 1011 908 n.
1028 847 1096 910 En.
1113 869 1174 932 gr„

99 939 136 994 ut
157 928 297 994 advertit
324 948 350 992 s.
373 928 529 1004 Thomas,
552 947 650 991 onon
672 941 754 994 esset
783 927 939 1012 patientia
961 927 1174 1014 Martyrum,

100 1011 128 1074 si
151 1030 216 1074 non
235 1019 321 1076 esset
341 1011 526 1096 persecutio
549 1011 783 1158 pprannornm⁸
800 1030 835 1086 »3
858 1020 955 1092 atque
988 1029 1029 1072 ex
1054 1009 1175 1074 scelere

100 1092 247 1156 omnium
269 1092 471 1157 atrocissimo
493 1091 527 1156 in
575 1089 712 1155 hristum
730 1091 851 1156 Filium
865 1090 924 1154 Dei
943 1098 1073 1175 patrato
1090 1089 1177 1156 Deus

100 1171 225 1238 bonum
239 1173 386 1238 omnium
401 1173 594 1246 maximum,
608 1192 723 1259 nempe
739 1194 822 1259 opus
836 1183 963 1238 nostrae
975 1169 1177 1258 redemptio-

100 1256 152 1320 nis
166 1253 293 1332 eduxit,
309 1266 353 1330 et,
369 1277 409 1319 ne
424 1254 518 1340 ptura
531 1265 766 1332 consectemur,
783 1254 918 1319 Divinae
936 1253 1099 1330 iustitiae,
1116 1253 1178 1318 ole-

102 1339 254 1413 menuae,
271 1335 473 1421 aliorumque
488 1334 722 1400 attributorum
738 1334 969 1412 manifestatio,
981 1355 1070 1418 quae
1086 1357 1178 1400 mnn-

101 1415 136 1482 di
158 1417 307 1483 ordinem
329 1419 552 1503 maximopere
572 1414 787 1494 commendat,
804 1417 925 1502 absque
947 1414 1025 1481 mati
1042 1417 1178 1482 moralis

103 1499 318 1584 permissione
340 1499 466 1564 nulium
489 1497 623 1563 haberet
644 1498 787 1564 loonm⁴.

143 1581 214 1646 216.
239 1581 352 1665 ltaque
366 1580 454 1645 Deus
475 1601 538 1644 non
560 1579 642 1656 vuit,
658 1577 713 1644 sed
735 1577 904 1645 dumtaxat
948 1577 1093 1643 ermittit
1115 1599 1179 1642 ma-
1234 1593 1235 1602 ¹

102 1660 172 1726 ium
193 1661 329 1727 moraie.
353 1661 454 1748 Atqui
474 1661 553 1726 haee
576 1662 749 1744 permissio
763 1659 893 1726 Divinis
939 1658 1179 1724 effectionibus

103 1741 183 1807 nihii
205 1742 307 1808 obest.
331 1743 419 1828 Ergo
448 1742 533 1806 maia
560 1743 700 1807 moralia
729 1741 790 1808 sub
818 1743 916 1807 unico
937 1743 1021 1807 Ente
1051 1739 1179 1806 infinite

103 1824 249 1908 perfeeto
272 1824 379 1889 iocum
401 1821 520 1889 habere
543 1835 688 1909 possunt.

142 1905 213 1971 217.
237 1905 318 1970 Rem
341 1917 442 1972 totam
465 1907 509 1971 ita
555 1905 673 1969 erstrin
700 1905 784 1970 imus
798 1923 806 1968 τ
822 1905 874 1971 Ex
896 1901 989 1968 malis
1014 1903 1099 1968 nihii
1125 1901 1180 1966 Di-

104 1987 198 2053 vinae
222 1987 420 2053 Persectioni
443 1925 636 2053 detraiitur.
689 2006 747 2084 rgo
770 1985 910 2082 frustra,
935 1995 1071 2070 praeter
1092 1987 1181 2069 prin-

104 2067 228 2153 cipium
250 2089 377 2134 summe
399 2068 541 2146 bonum,
563 2067 653 2132 atiud
676 2088 878 2154 prrnorprum
901 2087 1028 2133 summe
1052 2065 1180 2130 maium

104 2147 287 2216 Manichaei
310 2149 604 2215 comminiscuntur
615 2151 639 2212 ⁵.

142 2359 152 2398 ἱ
172 2361 204 2411 tn
222 2359 265 2412 tto.
286 2361 401 2420 isam..
422 2357 489 2410 put.
508 2353 602 2416 xtv1,
622 2371 651 2421 q.
668 2353 693 2417 t.
715 2369 741 2407 a.
761 2355 779 2407 t
797 2356 846 2406 rol.

140 2430 287 2492 mooun..
307 2447 333 2484 e.
351 2433 394 2492 tt,
414 2447 442 2483 n.
457 2431 485 2482 3.
505 2428 578 2483 Unde
597 2427 667 2480 Beue
682 2447 693 2474 a
710 2441 763 2478 non
781 2430 820 2478 en
838 2424 975 2495 (creaturis
993 2427 1100 2498 liberta)
1120 2433 1184 2482 ade-

105 2505 155 2555 mit
173 2503 243 2555 nano
261 2508 420 2568 potestatem
444 2497 609 2570 (pensandi),
637 2501 790 2564 potentins,
810 2503 837 2549 ot
856 2501 951 2549 metina
975 2513 1035 2551 esse
1061 2503 1184 2554 tunicam

105 2577 197 2699 etianp
205 2576 239 2627 de
256 2578 332 2628 matts
344 2577 411 2627 bene
423 2574 524 2634 neem,
537 2587 620 2639 quam
634 2574 704 2623 mata
717 2585 775 2624 ease
788 2586 840 2623 non
853 2573 938 2622 stnere
956 2591 980 2632 η
997 2575 1037 2624 De
1054 2577 1110 2626 cio.
1126 2579 1184 2630 Det.

105 2647 153 2698 tto.
198 2644 257 2708 ΧΙΙ,
276 2663 302 2698 e.
325 2650 351 2699 t.

142 2716 195 2778 ⁸1,
215 2733 242 2783 q.
263 2715 347 2780 xxu,
367 2734 394 2770 a.
414 2717 430 2768 2
450 2717 483 2769 ad
500 2715 529 2767 2.

142 2787 156 2826 ⁴
174 2788 294 2842 Perbette
313 2793 345 2842 ad
364 2791 434 2841 hano
448 2803 503 2840 rem
518 2789 603 2853 inquit
617 2802 640 2838 a.
655 2783 850 2838 Beneventum:
867 2804 878 2831 ι
894 2783 942 2837 Vis
954 2785 1058 2848 dtrtna,
1072 2790 1185 2841 eliciens

105 2863 206 2914 bonnm
225 2876 258 2914 ex
277 2864 359 2922 mato,
375 2868 533 2926 praepotens
551 2866 592 2912 eat
612 2861 693 2918 mato,
713 2865 740 2910 et
760 2859 818 2908 ideo
836 2859 946 2916 bonum,
960 2859 1031 2921 qnod
1054 2861 1119 2912 inde
1140 2864 1186 2912 ett-

107 2937 154 2995 oit,
174 2935 310 2998 praevalet
328 2935 407 2995 bono,
427 2935 496 3001 qnod
518 2934 618 2984 matum
639 2933 801 2995 corrumptt;
823 2936 849 2980 ot
869 2931 927 2980 ideo
947 2929 1007 2991 ptus
1026 2934 1103 2983 ratet
1124 2931 1187 2987 Eni-

105 3020 213 3058 reranm
232 3021 314 3064 nuno.
329 3021 411 3071 quam
427 3008 553 3058 ratuiaset
572 3011 648 3062 tuno,
669 3005 695 3052 in
714 3004 784 3068 quod
797 3016 868 3053 nuno
881 3001 959 3051 modo
973 3006 1187 3056 commendatur

107 3075 241 3142 Sapientia
262 3074 407 3130 Crantoris.
427 3077 500 3132 Unde
518 3074 661 3141 Gregortna
682 3078 707 3124 tn
727 3075 909 3125 benedictione
929 3075 1017 3124 oneret
1034 3079 1186 3138 paschatis,

109 3151 216 3214 olette
234 3151 328 3216 wipo,
348 3166 413 3216 quoa
430 3153 507 3202 tatem
526 3151 618 3200 mermt
636 3147 730 3198 habere
748 3149 951 3210 Redemptorom.
972 3142 1007 3196 Et
1026 3150 1187 3214 exemplum

107 3226 149 3272 est
167 3223 199 3273 de
217 3223 318 3287 scypho
337 3235 417 3280 nano.
437 3223 483 3286 qut
502 3221 644 3284 frangitur,
670 3225 698 3270 et
717 3221 844 3282 religatur
862 3217 906 3267 fito
925 3225 1053 3280 argenteo
1074 3223 1119 3272 ret
1141 3237 1188 3272 au-

107 3303 173 3351 reo,
194 3295 255 3357 quta
276 3295 370 3343 metior
389 3298 429 3343 eat
448 3298 525 3356 port.
554 3305 636 3356 quam
655 3297 736 3348 ante,
757 3305 808 3341 non
830 3291 930 3339 ratione
949 3289 1112 3352 tractionis,
1144 3295 1187 3344 sed

108 3363 210 3412 rattone
230 3365 391 3426 rettgattonis
414 3383 438 3423 ‘t
459 3366 490 3413 tn
509 3364 553 3414 uo.
575 3366 589 3413 1
607 3365 690 3422 Sene,
715 3360 781 3414 litat.
801 3357 894 3420 ttvr,
919 3374 944 3409 a.
968 3361 993 3421 1,
1013 3377 1043 3425 q.
1065 3364 1083 3414 6
1104 3367 1187 3417 reaot.

145 3431 157 3466 ⁵
175 3428 215 3481 Ba
228 3435 269 3491 tie,
283 3448 352 3498 quae
365 3435 451 3485 adhuc
465 3433 716 3494 domonstravimus,
734 3434 909 3485 «excluditur
922 3434 1015 3491 etiam,
1030 3441 1060 3484 nt
1077 3450 1099 3484 s.
1117 3433 1189 3488 Tho-

109 3510 168 3546 mna
185 3501 307 3562 advertit,
327 3505 503 3568 quorumdam
516 3518 601 3563 error,
616 3507 661 3569 qut
676 3511 783 3568 propter
797 3508 858 3562 troo,
872 3505 942 3568 quod
956 3504 1027 3555 mata
1042 3507 1071 3558 in
1085 3511 1190 3559 mundo

110 3570 215 3619 evenire
234 3575 365 3633 ridebant,
386 3577 509 3627 dicebant
526 3574 612 3628 Deum
631 3589 684 3626 non
703 3591 812 3630 esee...
835 3573 912 3627 Esset
931 3581 1020 3627 autern
1041 3592 1057 3629 e
1079 3587 1192 3631 contra-

111 3635 152 3684 rto
170 3644 354 3704 arenearum:
375 3643 401 3698 Si
420 3648 521 3699 matum
540 3653 598 3710 ert,
619 3646 689 3700 Deus
713 3655 764 3702 est.
792 3647 849 3703 Non
875 3649 946 3702 onim
972 3655 1043 3702 emet
1069 3653 1190 3711 matum,
