2475 3909
176 170 238 240 338
474 196 660 246 aanocoem
683 195 871 245 aaronitas

131 296 186 349 tur
208 279 302 366 quasi
323 278 508 346 mutabilis:
525 281 581 347 sed
596 280 669 347 idae
692 282 768 346 haee
792 281 951 365 teguntur,
975 296 1014 349 ut
1035 286 1196 369 exprima-
1232 280 1233 365 i

132 377 186 430 tur
207 372 413 450 peccatomm
436 373 620 430 nostrorum
649 362 829 440 acerbitas,
851 384 934 448 quae
957 364 1114 429 Divinam
1136 392 1196 437 me·
1232 370 1233 445 ξ

131 447 199 513 ruit
212 445 381 521 offensam,
395 454 560 529 tamquam
574 466 613 511 eo
629 467 730 531 usquc
754 446 892 511 increvit
912 447 1019 531 culpa,
1042 459 1080 512 ut
1102 452 1194 518 etiam
1232 470 1233 523 Ἰ

133 529 233 604 Deus,
248 528 306 614 qui
329 526 523 593 naturaliter
537 550 599 593 non
623 541 772 594 movetur
793 542 850 593 aut
871 530 931 603 ira,
955 543 1011 595 aut
1032 530 1127 608 odio,
1146 550 1196 601 aut
1232 524 1233 607 i

131 612 281 698 passione
302 607 381 685 nlla,
428 621 597 675 revocatus
618 610 768 676 videatur
789 610 829 673 ad
852 611 1054 676 iracundiam
1073 616 1084 653 ¹
1104 638 1133 679 o.

170 696 220 762 99.
243 689 352 757 Obiic.
431 692 519 757 Deus
541 693 674 759 alternis
696 692 824 757 vicibus
845 690 984 769 diversa,
1009 695 1079 761 ime
1102 718 1197 785 eppo

131 778 193 842 sita
215 774 295 841 vult.
319 776 406 859 Ergo
427 774 594 839 mutabitis
615 786 674 841 est.
1232 850 1233 867 χ

173 858 242 924 100.
264 856 361 942 Resp.
385 857 468 921 noc
491 869 570 932 aaa,
594 858 639 922 ita
664 868 701 922 nt
721 857 882 922 successio
903 859 979 932 ilia,
1002 867 1035 921 et
1058 862 1196 927 varietas
1232 892 1233 895 ¹

129 962 145 1004 s
168 950 252 1007 ectet
265 939 399 1005 effectus
410 938 548 1004 Divinae
561 940 757 1015 Voluntatis,
773 960 857 1003 eoae.
872 952 949 1017 nat,
965 942 1077 1025 ipsum
1094 956 1195 1009 actum

160 1021 312 1089 oluntatis
334 1019 417 1097 Dei,
439 1042 506 1104 nep.
529 1035 595 1086 ont.
616 1023 695 1105 Nep.
719 1042 803 1085 coes.
829 1022 927 1098 Sane,
950 1024 1011 1086 etsi
1035 1044 1097 1099 ea,
1120 1048 1196 1112 qnae

129 1104 217 1169 Dens
238 1102 407 1177 decernit,
430 1101 494 1167 sibi
523 1102 717 1178 succedant,
740 1114 772 1168 et
794 1103 956 1168 interdum
984 1125 1063 1169 cum
1088 1122 1194 1176 mutua

129 1186 335 1272 oppositione
356 1184 517 1262 eveniant,
534 1199 639 1251 tameo
656 1186 812 1250 Voluntas
827 1184 958 1261 Divina,
973 1188 1104 1273 qnippe
1119 1213 1194 1278 quae

130 1268 334 1344 aeternitate,
356 1277 389 1332 et
409 1267 508 1332 unico
532 1279 605 1334 actu
628 1267 803 1339 voluntatis
824 1267 878 1333 illa
900 1268 1062 1346 decernit,
1088 1274 1196 1338 immo-

129 1349 208 1432 bilis
230 1359 410 1437 permanet.
433 1374 451 1411 a
473 1351 571 1415 atiud
594 1362 654 1427 est,
677 1353 758 1414 scite
780 1348 818 1412 ad
843 1350 925 1414 hauc
946 1372 1017 1415 rem
1038 1368 1154 1421 monet
1172 1378 1192 1420 s.

129 1431 281 1509 Thomas,
304 1443 430 1498 mutare
453 1430 664 1508 voluntatem,
679 1444 712 1498 et
726 1430 815 1497 aliud
837 1445 885 1499 est
906 1432 986 1498 velle
1012 1434 1056 1497 ali
1085 1458 1194 1503 uarum

131 1535 240 1581 rerum
263 1514 484 1580 mutationem.
504 1516 610 1582 Potest
631 1516 717 1579 enim
742 1513 872 1598 aliquis,
894 1514 1009 1580 eadem
1033 1457 1195 1585 adiuuere

130 1595 343 1662 immobiliter
364 1610 582 1681 permanente,
603 1595 698 1674 velle,
713 1595 799 1680 quod
823 1618 906 1661 nunc
928 1596 983 1663 fiat
1004 1598 1082 1677 hoc,
1099 1614 1133 1668 et
1148 1623 1195 1688 po

132 1688 199 1743 stea
221 1677 278 1743 fiat
298 1679 497 1744 contrarium
512 1677 524 1715 ²
542 1702 571 1741 n.

171 1760 240 1827 101.
263 1757 371 1827 Obiic.
395 1757 429 1827 3⁰
453 1759 552 1836 Deus,
568 1781 643 1824 cum
666 1758 821 1823 mundum
845 1760 879 1824 in
900 1769 1045 1843 tempore
1060 1768 1193 1836 amarit,

129 1852 214 1907 certe
237 1865 255 1907 a
300 1843 420 1909 otentia
443 1840 612 1906 adactum
640 1842 781 1907 transiit.
805 1842 904 1926 Atqui
924 1844 1080 1928 quisquis
1099 1866 1124 1909 a
1146 1869 1196 1933 po·

130 1925 231 1989 tentia
255 1862 298 1988 ad
319 1935 426 1989 actum
449 1925 576 1999 transit,
598 1934 752 1989 mutatur.
776 1924 873 2008 Ergo.

170 2006 240 2073 102.
265 2007 377 2091 Resp,
398 2026 464 2089 aeq.
487 2006 565 2069 moi.
588 2005 778 2082 Enimvero,
801 2026 875 2069 cum
897 2004 982 2070 aetio
1006 2006 1041 2071 in
1065 2007 1141 2075 Deo
1160 2012 1196 2075 ab
1232 2022 1233 2031 ’

128 2088 276 2153 Essentia
297 2109 360 2153 non
382 2086 481 2154 distin
528 2096 602 2152 atur
616 2088 640 2161 ⁸,
656 2086 743 2152 Deus
756 2108 831 2151 oum
853 2086 995 2171 aliquam
1010 2110 1086 2154 rem
1101 2108 1195 2160 creat.

128 2190 249 2234 novum
271 2170 404 2255 quidem
427 2191 486 2255 pro
509 2169 577 2235 ucit
602 2169 770 2245 effectum,
794 2167 849 2232 sed
872 2188 935 2233 non
958 2190 1080 2235 noram
1103 2176 1196 2241 actio

128 2272 202 2316 nem
222 2254 248 2329 ‘;
271 2262 471 2338 quapropter
491 2272 557 2317 nen
579 2252 694 2317 transit
715 2250 755 2316 de
779 2251 920 2337 potentia
940 2252 973 2314 in
995 2262 1130 2335 aetum,
1145 2256 1194 2322 sed

128 2353 170 2396 ex
191 2354 231 2398 eo
253 2337 264 2400 i
291 2356 337 2412 so,
358 2332 445 2419 qued
469 2335 502 2399 in
525 2342 597 2397 actu
613 2343 673 2409 est,
689 2332 762 2398 ilias
783 2343 881 2398 creat.
905 2334 1030 2417 ltaque,
1053 2335 1137 2405 iicet
1151 2338 1196 2403 ei-

122 2414 233 2481 -fectue
304 2418 314 2482 i
336 2416 448 2483 sintin
463 2428 617 2500 tempore,
641 2424 747 2479 tameo
772 2416 867 2491 actio,
890 2436 954 2499 qna
977 2416 1051 2480 ilios
1076 2420 1194 2505 produ

128 2497 195 2574 cit,
217 2520 292 2564 cnm
314 2500 356 2563 sit
376 2496 511 2575 eadem,
534 2518 570 2561 ao
592 2497 739 2563 Essentia
761 2498 865 2574 Eius,
887 2508 936 2561 est
956 2508 1118 2580 aeterua,
1143 2524 1193 2599 pe·
1232 2570 1233 2573 Ἴ

128 2578 221 2645 riade
243 2602 280 2645 ac
301 2580 461 2648 Essentia.
484 2601 502 2641 a
523 2578 658 2646 Novitas
679 2589 804 2655 antem,
828 2580 875 2644 ait
895 2579 1054 2663 Aquinas,
1081 2583 1192 2650 Dirmi

128 2660 260 2728 effeetus
285 2683 349 2728 uon
370 2660 568 2729 demonstrat
592 2662 767 2730 novitatem
792 2661 930 2726 aetionis
951 2661 986 2725 in
1009 2660 1097 2741 Deo,
1122 2688 1192 2732 cunr
1232 2684 1233 2761 p

646 2854 777 2864 ..m-...—
1232 2844 1233 2879 i

164 2944 250 3000 ¹lit).
270 2950 308 2999 De
324 2946 528 3007 Neqetdree,
548 2958 574 2994 e.
589 2945 616 2996 4.
638 2941 674 2997 ct
690 2958 713 2995 a.
727 2938 834 3006 tuom,
855 2943 875 3007 i,
896 2961 922 3013 q.
938 2942 1012 3007 XIX,
1033 2950 1149 3002 atad
1172 2954 1191 3001 t.
1232 2946 1233 2959 ¹

162 3020 217 3083 ²1,
234 3036 263 3085 q.
283 3016 357 3079 xtx,
378 3032 404 3069 a.
426 3019 508 3069 tait.
528 3032 555 3069 c.

163 3091 174 3131 ³
196 3091 293 3144 «Deus
312 3105 364 3143 non
383 3091 481 3141 dieitur
499 3103 579 3155 agens
596 3090 713 3149 actione,
727 3102 796 3153 quae
814 3095 855 3141 est
873 3091 1126 3153 praedicamentum
1139 3094 1193 3165 (seu

125 3183 178 3222 uon
197 3169 250 3232 ortt
267 3169 376 3223 namna,
395 3178 459 3228 qitaa
476 3166 539 3215 droti
556 3164 654 3228 aliquid
671 3163 753 3231 fluens
772 3164 804 3212 eb
823 3172 920 3228 opeau,
934 3176 957 3215 aa
969 3178 1026 3214 eom
1039 3166 1138 3236 mone),
1152 3168 1193 3219 sed
1232 3186 1233 3189 ¹

125 3243 197 3293 aetio
215 3251 262 3287 ana
282 3244 323 3288 eet
341 3236 486 3287 substantia
503 3254 528 3293 η
542 3238 573 3287 ta
589 3236 634 3287 to.
650 3238 757 3293 israe,
772 3233 840 3286 nter.
854 3232 926 3297 Vttt,
940 3252 967 3300 q.
984 3232 1031 3293 tv,
1045 3251 1073 3287 a.
1088 3238 1107 3289 3
1121 3242 1154 3291 ad
1166 3240 1193 3291 3.
1232 3278 1233 3283 η

162 3311 173 3349 ⁴
194 3308 310 3359 «Potest
328 3302 433 3375 (Deus),
453 3309 539 3371 inquit
556 3309 589 3358 ad
609 3307 678 3358 hane
698 3322 754 3357 rem
774 3322 797 3359 t.
812 3306 985 3371 Augustinus,
1006 3308 1040 3358 ad
1061 3323 1133 3375 opos
1151 3326 1194 3363 no-

126 3396 199 3442 rum,
214 3392 266 3429 nen
278 3393 387 3436 norum,
401 3378 446 3427 sed
458 3381 650 3442 sempiternum
670 3380 795 3430 adhitrere
809 3382 949 3431 consitium
966 3399 991 3440 η
1005 3383 1047 3431 Da
1061 3384 1121 3435 Cto.
1135 3388 1193 3441 Det,

125 3452 172 3505 nn.
193 3448 250 3510 xit,
271 3465 297 3501 e.
319 3453 363 3509 tr,
383 3465 411 3500 n.
430 3449 458 3499 2.
479 3446 514 3502 ct
528 3452 602 3509 idid..
623 3466 648 3501 c.
672 3452 721 3510 ts,
742 3458 769 3502 et
788 3452 835 3503 tib.
856 3450 908 3513 ttt,
927 3468 954 3503 e.
974 3452 1007 3511 d,
1028 3455 1112 3506 euius
1131 3458 1193 3507 trane

121 3522 263 3570 ‚eonetuato
282 3526 341 3571 eet:
365 3540 376 3566 ι
399 3518 442 3570 Sic
461 3533 523 3585 erqo
542 3524 653 3573 eradant
671 3529 698 3572 et
717 3524 844 3575 mundum
864 3538 898 3574 ex
915 3530 1036 3587 tempore
1064 3525 1126 3578 deri
1151 3543 1194 3593 po·
1232 3548 1233 3623 p

126 3591 217 3646 tatere,
237 3604 286 3644 nee
306 3598 394 3641 tamen
413 3592 471 3641 ideo
490 3592 574 3644 Deum
593 3596 619 3644 tn
638 3608 671 3657 eo
691 3595 812 3649 iaciendo
825 3603 963 3649 aeternum
978 3597 1138 3663 consitium,
1154 3614 1193 3651 ro·
1232 3626 1233 3637 ³

125 3661 309 3724 luntatemque
328 3669 444 3717 mutiam
460 3680 485 3712 ι.
