2475 3909
1010 144 1026 170 0

452 217 681 273 niesieiini
1028 197 1068 270 8l

63 293 198 394 gignitum
222 305 386 392 principia
409 319 529 384 autem,
546 329 602 373 seu
624 304 1047 392 pronunitaia;universatia
1068 303 1109 368 ab

64 384 202 453 intellectu
230 408 287 472 pei
316 386 537 454 inductionem
565 389 801 462 ellormantur,
834 396 931 470 atque
962 384 1110 452 inductio

62 469 167 532 nonnisi
183 490 242 554 epe
262 470 483 554 experientiae
504 471 629 537 institui
646 480 760 556 potest.
777 467 991 616 Experientia
1007 467 1110 550 igitur

61 557 197 632 atquae
212 553 381 616 materiam
398 552 542 637 praebet,
559 551 645 617 unde
661 552 828 617 scientiae
854 568 975 613 ormari
1035 557 1108 616 test.

89 626 119 691 l‘
139 629 185 694 Ad
208 633 377 696 seientiam
391 634 599 699 efficiendam
618 632 795 698 seeundum
817 631 898 696 hanc
920 638 986 694 met
1008 627 1110 694 eduin

61 705 238 787 inductione,
260 723 293 777 et
314 714 499 813 syllogismo
521 737 602 801 opus
624 725 684 792 esti
708 712 870 799 siquidem
887 712 1035 776 inductio
1051 731 1111 795 per

60 791 276 874 experientiam
299 797 461 880 principia
483 807 590 884 parat,
607 797 812 885 syllogismus
828 803 936 859 antem
959 815 1000 858 ex
1022 791 1112 877 prin·

59 869 139 954 eipiis
161 873 347 941 inductione
370 879 566 964 comparatis
587 878 812 944 conclusiones
838 874 1034 941 scientificus
1056 871 1112 937 de·

60 947 140 1018 ducit.
162 955 385 1023 Nihilominus
406 981 496 1025 mens
517 960 657 1025 humana
678 960 846 1025 scientium
867 957 1000 1042 proprie
1016 953 1112 1043 syllo-

59 1031 158 1124 gismo,
181 1057 245 1100 non
268 1037 457 1107 inductione
480 1043 679 1138 assequitur3
707 1039 871 1125 siquidem
891 1040 1027 1104 scientia
1048 1057 1112 1102 nou

61 1133 85 1174 in
102 1135 137 1178 eo
157 1118 326 1198 consistit,
348 1121 433 1218 quod
463 1125 627 1209 principia
649 1132 901 1209 cognoscuntur,
925 1118 981 1185 sed
1002 1121 1037 1184 iii
1057 1140 1110 1193 eo,

93 1195 129 1259 od
149 1219 189 1262 ex
214 1201 387 1289 principiis
415 1207 479 1269 iem
507 1205 646 1290 cognitis
673 1227 726 1270 res
752 1201 899 1288 quaesita
923 1200 1109 1267 deducitur.

58 1211 249 1373 diapreptei·
269 1284 445 1351 seeundum
468 1287 549 1353 banc
572 1286 757 1352 methodum
783 1283 1030 1379 scientia-mnnon
1044 1281 1113 1346 adi-

60 1373 211 1448 piscimur,
227 1383 302 1427 cuin
317 1365 358 1430 ah
374 1368 490 1434 ellectu
511 1368 550 1432 ad
566 1387 709 1444 causam,
724 1366 793 1431 sire
807 1388 826 1430 e
840 1359 1051 1430 sensibilibus
1072 1362 1111 1428 ad

59 1440 264 1589 iptellipibilia
287 1449 514 1526 escendimus,
538 1449 591 1515 sed
615 1469 691 1514 cuin
714 1457 732 1513 a
754 1467 851 1511 causa
878 1442 918 1511 ad
945 1445 1111 1520 ellectum,

58 1537 148 1586 sicea
195 1525 460 1614 intelligibilibus
487 1531 529 1595 ad
557 1530 726 1595 sensibilia
754 1525 991 1594 descendimus.
1014 1526 1113 1602 Quod

58 1611 85 1692 pt
96 1607 274 1672 accuratius
289 1613 485 1695 explicetur,
501 1611 734 1679 advertendum
748 1621 797 1676 est
811 1620 952 1675 mentem
966 1620 1111 1674 nostram

58 1690 314 1774 incomparanda
343 1695 405 1759 sibi
435 1695 572 1760 scientia
598 1693 722 1781 duplex
751 1704 853 1759 terere
882 1695 967 1766 iter,
993 1710 1111 1774 nempe

55 1783 232 1851 Pltlrttwh
254 1785 286 1841 et
307 1795 475 1859 repressus,
491 1777 614 1861 quippe
637 1774 726 1861 quod
749 1774 873 1859 ipsein
896 1773 993 1839 initio
1007 1773 1113 1836 scicn-

58 1847 107 1914 tiae
127 1851 166 1915 ab
188 1853 308 1922 ellectu
331 1857 369 1922 ad
392 1879 522 1924 causam
548 1856 778 2004 prppreditun
809 1856 843 1918 iii
870 1854 1112 1939 complemento

57 1933 148 1997 autem
169 1935 328 2003 scientiae
351 1962 369 2004 e
391 1959 486 2005 causa
509 1938 548 2004 ed
572 1963 589 2004 e
617 1951 725 2006 ectum
741 1933 939 2024 regreditur,
956 1944 995 1999 ut
1008 1933 1110 2018 ipsius

55 2011 172 2080 ellectus
195 2021 416 2086 counitionem
440 2018 652 2086 scientificam
673 2018 830 2103 acquirat.

87 2093 116 2158 5⁰
138 2070 268 2164 Exinde
296 2105 509 2189 consequitur
532 2104 564 2166 in
589 2100 739 2167 methodo
770 2097 1113 2194 psychologicopatio·

57 2177 109 2241 iaii
130 2184 302 2248 scientiam
330 2204 388 2268 per
415 2185 599 2272 analysim,
628 2195 661 2248 et
687 2180 864 2271 synthesim
891 2200 1039 2264 acquiri,
1068 2188 1112 2243 ita

56 2259 173 2400 puidem
196 2273 235 2328 ut
255 2265 394 2352 analysis
415 2267 457 2332 sit
478 2269 550 2331 eius
574 2265 717 2342 initium,
735 2263 894 2349 synthesis
915 2273 1025 2326 autern
1041 2282 1114 2345 pei-

67 2344 150 2409 ectio.
173 2348 305 2411 Etenim
333 2347 509 2413 secundum
535 2347 626 2412 illem
654 2344 841 2409 methodum
871 2363 960 2407 mens
990 2353 1111 2416 nostra,

55 2433 84 2486 ut
102 2427 198 2522 paulo
222 2438 293 2492 ante
315 2427 471 2506 diximus,
496 2429 640 2515 primum
660 2426 702 2490 sb
717 2425 899 2502 effectibus,
915 2424 963 2489 vel
986 2445 1004 2488 a
1027 2443 1114 2487 coin-

56 2511 157 2586 positis
190 2510 231 2574 ad
259 2531 393 2588 causas,
422 2511 471 2578 iel
499 2509 540 2575 ad
568 2508 732 2594 simplicia
754 2506 921 2582 ascendit,
954 2503 1113 2570 deindea

54 2585 258 2676 simplicibus,
274 2592 323 2656 vel
346 2613 364 2657 a
387 2593 493 2658 causis
508 2591 654 2678 prolecta
669 2589 711 2654 sd
725 2588 917 2676 composita,
933 2598 966 2653 et
980 2586 1113 2652 effectus

55 2661 221 2738 descendit.
242 2673 448 2771 Quapropter
471 2673 639 2740 methodus
653 2669 1066 2761 psychologicoeretionalis
1080 2691 1114 2732 e·

54 2751 358 2842 politico-synthetieo
381 2757 490 2823 vocari
513 2756 605 2822 solet.
699 2764 702 2770 “

131 2888 386 2944 tantu-Uirum
406 2893 473 2944 haec
494 2894 634 2942 methodus
653 2894 686 2943 ad
706 2894 834 2943 scientiae
854 2891 1023 2953 adeptionem

374 2969 523 3027 opportuna
543 2967 586 3024 sit,
607 2967 780 3030 investigatur

88 3067 134 3132 l'l.
158 3070 197 3135 ln
220 3070 392 3150 methodo,
416 3073 463 3139 uti
486 3071 632 3138 diximus
645 3075 669 3150 ¹,
692 3075 774 3138 ratio
797 3070 944 3138 habenda
971 3078 1021 3133 est
1045 3078 1113 3164 tuni

54 3149 307 3249 principiorum,
328 3175 370 3252 ep
392 3153 513 3252 quibus
529 3175 624 3253 ‘meus
647 3154 885 3239 proficiscitur,
914 3162 982 3218 tuin
1011 3148 1112 3224 modi,

53 3232 601 3385 tittffiltlttttttt‘tttt
615 3232 1115 3387 'i‘ud'iifflmilllllmullli

55 3337 262 3482 opporstlunam
284 3419 353 3465 esse
375 3398 416 3464 sd
438 3339 818 3486 scientiaeqddepiiinem
855 3399 883 3463 is
898 3393 1025 3462 duabus
1042 3415 1116 3480 pro-

55 3479 264 3560 positionibus
284 3503 302 3546 s
325 3480 417 3547 uobis
438 3480 691 3552 demonstratur:

85 3661 95 3702 ¹
114 3665 144 3718 P.
168 3668 216 3716 77.

119 3760 228 3812 enee.
242 3756 352 3814 Cnisr.
369 3765 506 3828 comperiet.
523 3761 544 3814 l.
