2475 3909
523 190 701 239 rosaceum
1050 170 1109 235 191

85 272 240 352 universi,
254 272 430 358 docuitque
452 274 591 337 animam
613 273 708 338 ervi
731 270 794 337 sibi
816 272 912 337 insita
927 270 1008 336 illud
1023 271 1149 337 evolve·

83 376 130 431 re,
148 364 245 441 prout
263 355 391 421 obiecta
405 358 567 421 exteriora
582 354 766 441 producunt
779 354 973 419 mutationes
987 354 1021 417 in
1035 374 1151 440 corpo-

83 459 130 513 re,
154 447 187 503 at
209 458 250 502 ue
272 439 315 503 ita
338 436 511 523 adquirere
533 436 717 504 distinctam
736 437 979 523 perceptionem
1001 455 1111 501 rerum
1124 436 1148 499 ¹.

124 516 173 583 17.
229 541 289 584 anc
309 518 467 585 Leibnitii
493 527 686 585 sententiam
712 517 925 584 reiiciendam
950 536 1018 581 esse
1045 538 1148 583 exeo

82 600 258 687 praecipue
280 603 454 679 evincitur,
476 601 563 688 quod
584 604 717 668 omnino
739 600 918 666 absurdum
938 609 985 665 est
1005 602 1149 665 animam

83 704 125 747 es
139 703 196 747 sua
209 686 349 750 essentia
369 686 451 749 inse
469 683 590 750 babere
611 684 937 771 repraesentationem
958 684 1058 749 totius
1071 680 1150 747 Uni-

83 765 181 840 versi3
204 786 279 829 nam
301 768 401 833 solius
423 766 497 844 Dei,
512 769 568 853 qni
584 779 633 834 est
646 786 742 832 cansa
763 768 908 831 omnium
930 785 1058 843 rerum,
1073 784 1149 850 pro-

82 846 193 931 priuni
212 858 261 913 est
281 870 393 914 carum
415 848 647 915 similitudines
669 851 702 912 in
725 868 757 912 se
783 846 996 913 essentialiter
1015 847 1146 919 babere,

82 939 179 1012 atque
201 929 277 996 ideo
299 953 357 1018 per
378 954 469 998 suam
492 933 595 1016 ipsam
616 928 788 997 essentiam
810 930 919 993 omnia
940 949 1145 1015 cognoscere.

80 1007 247 1077 Audiatur
268 1034 293 1076 s.
317 1014 466 1079 Tbomas:
489 1038 507 1076 a
531 1014 564 1079 Si
585 1013 706 1098 aliquis
726 1010 907 1077 intellectus
928 1022 988 1087 est,
1011 1013 1068 1097 qui
1091 1033 1148 1098 per

82 1093 254 1159 essentiam
280 1116 372 1161 snam
399 1095 565 1193 cognoscit
590 1096 724 1171 omnia,
748 1103 873 1180 oportet
898 1093 986 1180 quod
1009 1094 1148 1159 essentia

79 1172 152 1237 eius
173 1173 290 1243 babeat
315 1176 348 1240 in
376 1200 409 1243 se
437 1176 696 1242 immaterialiter
728 1176 847 1239 omnia.
877 1176 946 1240 Hoc
969 1185 1076 1241 autem
1098 1187 1147 1241 est

78 1257 255 1401 proprium
276 1259 356 1333 Ilei,
372 1272 409 1325 nt
422 1281 479 1323 sua
494 1259 638 1324 Essentia
661 1261 703 1323 sit
724 1258 978 1323 immaterialiter
1000 1278 1147 1343 compre-

101 1338 212 1404 ensiva
240 1342 400 1418 omnium,
430 1353 526 1427 prout
553 1342 686 1407 ellectus
720 1341 841 1406 virtute
869 1340 1090 1425 praeexistunt
1113 1341 1147 1403 in

79 1439 189 1484 causa.
219 1421 312 1488 Solus
336 1424 438 1509 igitur
458 1422 546 1488 Deus
568 1445 627 1570 pher
648 1423 828 1489 Essentiam
855 1441 945 1486 suam
967 1422 1076 1487 omnia
1098 1421 1147 1485 in-

79 1499 213 1586 telligit,
235 1524 299 1569 non
321 1516 429 1571 autem
450 1507 558 1571 anima
600 1526 729 1581 umana,
751 1524 856 1591 neque
877 1504 1045 1589 Angelus²
1063 1524 1092 1567 u.

122 1584 173 1651 18.
196 1585 346 1672 Denique
368 1588 556 1653 llosminins
576 1588 655 1654 baec
677 1586 797 1653 statuit:
823 1584 855 1652 10
876 1589 1013 1652 Animae
1036 1588 1146 1657 innata

78 1675 129 1732 est
151 1666 225 1732 idea
248 1670 391 1734 maxime
417 1670 625 1747 universalis,
648 1688 762 1753 nempe
785 1667 858 1734 idea
874 1669 956 1732 eatis
974 1666 1144 1753 possibilis,

77 1751 148 1814 slve
171 1748 293 1814 idealir.
316 1747 351 1814 2⁰
373 1752 445 1836 lpsa
467 1772 484 1815 a
510 1752 608 1839 plicat
635 1750 726 1817 illam
747 1748 854 1815 ideam
876 1751 954 1815 eatis
976 1749 1145 1815 elementis

77 1830 268 1908 sensilibus,
291 1842 453 1918 tamqnam
482 1774 621 1900 lbrmam
643 1832 807 1908 materiei,
830 1833 897 1897 sive
920 1832 953 1895 in
975 1851 1037 1911 eo,
1058 1832 1147 1917 quod

77 1933 175 1979 sensu
197 1915 349 1999 percipit,
371 1914 461 1982 videt
482 1915 642 2002 quandam
667 1914 899 1979 reclinationem
921 1915 1022 1992 entis,
1045 1924 1141 1999 atque

77 1998 125 2062 ita
145 1998 342 2081 pronunciat
366 1996 447 2062 illud
474 1998 634 2069 iudicium
662 1997 895 2083 primitivum:
924 1996 1012 2073 Quod
1033 1998 1143 2074 seatio,

75 2078 198 2143 existit.
213 2076 248 2145 30
262 2078 315 2143 Ex
335 2079 394 2143 boc
416 2077 538 2147 iudicio
575 2082 675 2147 rimas
690 2078 910 2178 perceptiones
930 2078 1144 2145 intellectivas

75 2181 191 2253 rerum
213 2158 275 2225 sibi
298 2158 439 2238 conticit3
461 2102 624 2261 siqnidem
647 2182 752 2229 amma
766 2160 889 2229 dicitnr
910 2160 951 2225 ali
977 2159 1034 2227 uid
1057 2163 1144 2228 intel·

75 2243 188 2307 lactare
210 2240 390 2329 percipere,
410 2264 485 2311 cum
500 2246 578 2311 allud
593 2246 733 2310 existere
756 2244 901 2311 affirmat.
918 2240 953 2309 4⁰
994 2254 1146 2327 ostquam

74 2325 189 2389 anima
221 2325 460 2421 perceptionem
494 2328 725 2394 intellectivam
753 2326 801 2391 rei
832 2324 896 2391 sibi
928 2326 1142 2425 comparauit,

74 2404 235 2473 abstrahit
256 2404 297 2470 ab
321 2416 379 2471 rsta
403 2406 564 2474 iudicium
587 2408 626 2474 de
648 2409 727 2474 reali
755 2408 856 2494 ipsius
882 2407 930 2472 rei
952 2408 1141 2485 existentia,

73 2487 154 2554 inde
178 2508 219 2552 ue
239 2492 386 2566 merum,
409 2499 442 2556 et
463 2492 644 2577 simplicem
666 2500 856 2577 conceptum
883 2488 973 2556 illius
994 2490 1043 2555 rei
1065 2490 1143 2555 reti-

74 2582 142 2636 net.
190 2566 205 2599 0
228 2570 421 2637 Huiusmodi
444 2582 618 2670 conceptus
640 2584 773 2639 vocatur
795 2572 884 2649 idea,
907 2592 989 2657 quae
1010 2570 1144 2638 exbibet

73 2650 340 2739 possibilitatem,
363 2655 431 2718 siro
453 2654 692 2740 intelligibilem
719 2655 891 2720 essentiam
913 2656 975 2720 rei.
997 2651 1033 2720 60
1054 2653 1143 2731 Qua-

72 2744 211 2820 propter
234 2732 339 2812 ideae,
355 2756 439 2820 qnae
461 2736 600 2801 diversis
614 2737 784 2822 speciebus
810 2755 919 2800 rerum
941 2736 1140 2822 referuntur,

72 2838 140 2881 non
162 2825 249 2893 sunt,
266 2816 327 2881 nisi
349 2819 651 2894 determinationes,
672 2838 708 2884 oc
730 2818 829 2884 veluti
851 2820 1088 2903 specificatione
1103 2819 1142 2884 il-

71 2898 140 2962 lius
161 2898 483 2976 universalissimae,
505 2911 537 2967 et
558 2900 825 2968 indeterminatae
851 2899 944 2967 ideae
966 2904 1049 2967 entis
1071 2921 1141 2986 pos·

69 2980 196 3057 sibilis,
218 2981 286 3045 sive
309 2982 435 3061 idealis,
458 3004 542 3070 quae
565 2984 666 3052 menti
692 2982 883 3050 naturaliter
903 2982 999 3049 insita
1018 2993 1068 3049 est
1082 2984 1104 3043 ⁸.

112 3062 164 3129 19.
188 3069 231 3128 at
251 3063 412 3134 liosmiuii
433 3068 591 3133 sententio
619 3065 730 3131 multis
752 3076 889 3152 urgetur
915 3064 1138 3131 incommodis.

68 3146 158 3213 saris
180 3146 241 3222 sit,
264 3149 380 3213 ceteris
407 3150 557 3227 omissis,
584 3148 663 3214 baec
691 3147 862 3216 adnotare:
886 3146 919 3211 10
941 3148 1071 3213 Falsum
1093 3158 1140 3212 est

67 3228 317 3315 perceptionem
345 3230 574 3299 intellectivam
596 3232 645 3297 rei
668 3229 781 3297 baberi
801 3252 843 3299 ex
864 3250 919 3310 eo,
941 3229 1028 3316 qnod
1049 3250 1140 3295 mens

434 3372 762 3399 —4—--—--.-

109 3458 230 3510 fluore.
250 3458 322 3513 aas..
344 3457 389 3507 lib.
411 3454 431 3513 l.
452 3471 478 3507 c.
500 3457 544 3515 13,
565 3463 580 3517 s
601 3456 645 3517 16,
666 3463 693 3508 et
712 3458 758 3507 lib.
781 3456 813 3519 ll,
833 3473 859 3510 c.
883 3460 908 3520 1,
929 3466 945 3521 s
964 3460 1010 3512 20.

103 3530 117 3565 ²
139 3528 160 3599 l,
180 3543 209 3593 q.
231 3524 375 3587 lxxxiv,
395 3544 422 3579 a.
441 3529 458 3579 2
478 3543 504 3579 o.

103 3601 116 3638 ⁸
136 3606 226 3653 Nuoeo
243 3603 338 3665 saepto
357 3606 425 3659 etc„
445 3615 500 3652 sea.
516 3597 549 3662 ll,
563 3616 589 3651 c.
606 3614 664 3663 un„
686 3604 738 3654 vol.
756 3601 776 3663 l,
798 3616 852 3655 sez.
875 3602 920 3665 lll,
940 3620 966 3659 c.
987 3606 1014 3666 3,
1033 3616 1086 3661 art.
1107 3612 1135 3668 8,

65 3678 126 3728 not.
150 3677 175 3737 1,
195 3680 222 3727 et
242 3679 295 3727 art,
316 3674 343 3726 9.
