2475 3909
387 143 574 193 annotoorn
596 141 786 192 narvnnnns
1025 121 1085 190 359

57 217 177 291 format
198 235 358 291 amantem
383 229 415 291 in
437 242 601 304 amatum3
629 226 707 291 dum
730 247 748 290 e
769 224 935 290 contrario
951 219 1039 287 Deus
1061 245 1127 288 om-

58 306 117 368 nia
135 307 234 374 trahit
255 307 294 372 ad
316 310 472 394 seipsum,
495 320 720 396 repugnatque
743 308 854 392 lpsum
887 307 921 370 in
943 315 1126 372 creaturam

58 390 297 454 trauslormari.
314 393 403 476 Ergo
418 391 538 456 Divina
553 391 711 457 Voluntas
726 388 816 454 nullo
831 387 928 453 modo
949 410 968 453 a
984 386 1128 454 bonitate

55 477 171 531 creata
190 483 349 538 movetur.
1118 515 1121 520 ,

103 548 172 615 139.
197 549 290 699 l’rqq.
308 555 354 620 l'.
374 554 457 619 Deos
478 557 649 620 accessorio
669 555 817 638 seipsum,
841 551 935 617 libore
957 562 1058 615 autem
1080 572 1128 614 res

56 640 155 692 extro
175 651 245 694 seo
277 649 300 700 1,

102 712 262 776 Probatur
282 720 387 798 qrima
411 738 494 802 pars.
518 717 678 783 Voluntas
700 715 883 782 necessario
913 714 1060 781 inhaeret
1081 713 1130 779 ul-

59 794 142 858 timo
165 794 233 870 lini,
258 799 302 861 ita
321 809 357 864 ut
378 800 563 884 oppositum
585 809 725 884 nequent
746 799 841 864 velle.
866 797 965 881 Atqui
989 794 1129 861 Divinae

58 873 246 941 Voluntatis
267 890 393 945 nonest
412 882 497 946 alius
517 881 602 958 linis,
615 903 713 966 quam
736 884 806 968 ipse
821 878 921 944 Deus.
937 880 1024 963 Ergo
1041 877 1131 943 Deus

59 959 246 1023 necessario
270 960 340 1024 vult
361 981 392 1023 sa
417 963 536 1046 ipsum.

105 1039 174 1106 140.
200 1040 396 1117 Praeterea,
418 1047 557 1108 «omnis
580 1042 763 1129 perfectio,
786 1055 819 1110 et
840 1043 968 1108 bonitas
990 1061 1073 1125 quae
1097 1042 1129 1105 in

58 1123 222 1188 creaturis
244 1137 317 1197 est,
340 1124 410 1187 Deo
431 1128 578 1192 convenit
600 1127 824 1193 essentialiter.
847 1123 993 1210 Diligere
1022 1133 1132 1188 autem

61 1201 180 1279 Deum,
196 1215 244 1269 est
266 1227 391 1270 summa
437 1207 573 1273 erlectio
596 1207 762 1275 rationalis
777 1220 961 1283 creaturae,
976 1225 1051 1268 cum
1074 1225 1132 1302 per

60 1283 127 1347 hoc
148 1285 387 1368 quodammodo
458 1292 644 1355 ooniatur.
661 1289 749 1374 Ergo
772 1291 805 1353 iu
828 1287 895 1352 Deo
917 1287 1134 1352 essentialiter

59 1375 128 1442 θείς
152 1389 230 1452 ergo
253 1392 293 1433 ex
317 1373 506 1435 neoessitate
527 1371 635 1456 diligit
657 1393 702 1446 se,
725 1383 756 1436 et
778 1371 824 1435 sic
846 1369 914 1435 vult
937 1391 970 1434 se
992 1369 1085 1434 esse¹
1102 1391 1130 1430 u.

107 1451 177 1514 141.
201 1451 361 1515 Probatur
381 1451 482 1518 altera
505 1473 590 1538 pars.
604 1453 762 1518 Voluntas
784 1451 965 1518 necessario
991 1452 1058 1518 vult
1081 1472 1131 1525 ea,

61 1533 135 1596 sine
156 1532 277 1615 quibus
299 1534 370 1598 finis
392 1555 545 1599 essenon
568 1544 691 1620 potest3
714 1556 778 1598 non
802 1544 909 1600 autem
932 1555 973 1598 ex
995 1533 1135 1597 necessi·

61 1623 141 1690 tate,
165 1612 220 1678 sed
244 1614 344 1680 libere
365 1617 436 1682 vult
456 1635 507 1691 ea,
529 1615 597 1682 sine
618 1615 741 1702 quibus
762 1614 836 1680 finis
857 1636 927 1680 esse
950 1623 1064 1698 potest.
1078 1617 1134 1678 41-

61 1697 123 1777 qui
145 1693 235 1761 Deus
256 1698 324 1761 uult
351 1697 416 1760 olio
435 1721 457 1761 o
478 1718 521 1774 aa,
542 1697 578 1762 in
598 1707 751 1784 quantum
772 1698 962 1762 ordinantur
984 1697 1023 1760 od
1045 1717 1135 1762 auam

61 1776 243 1856 bonitatem,
267 1790 301 1842 ot
322 1781 358 1843 ia
371 1780 480 1926 [luem.
507 1779 635 1845 Bonitas
658 1788 766 1844 autem
789 1779 849 1842 Dei
876 1793 918 1844 ost
937 1777 1084 1864 perfecto,
1107 1788 1135 1840 et

61 1879 125 1921 erae
142 1871 241 1942 potest
264 1861 330 1923 siae
351 1862 439 1940 aiis,
455 1883 526 1925 oum
546 1863 630 1928 nitet
650 1860 696 1924 Ei
712 1859 910 1945 perfectiouis
932 1881 972 1926 oo
992 1861 1066 1924 aliis
1086 1880 1136 1922 oc·

62 1954 193 2086 44144141.
211 1943 298 2026 Ergo
313 1941 400 2007 Deus
422 1963 475 2007 res
496 1954 590 2009 extra
612 1965 645 2009 se
664 1963 727 2006 non
743 1941 939 2021 necessario,
955 1941 1009 2008 sed
1032 1939 1135 2026 libare

62 2035 136 2087 vut
162 2071 170 2086 .

108 2105 178 2169 142.
195 2104 298 2170 Porro
319 2105 530 2202 perspicuum
549 2116 598 2171 est
619 2116 687 2171 tum
703 2113 894 2192 potestatem
910 2103 1052 2171 faciendi
1070 2124 1137 2167 ma-

64 2184 149 2260 lum,
173 2199 241 2250 tum
262 2187 545 2262 deliberationem,
570 2197 638 2252 tum
662 2189 874 2254 mutationem
907 2210 925 2252 a
954 2185 1075 2252 Divina
1097 2185 1136 2250 li·

64 2264 192 2332 bertate
213 2269 407 2334 amovendas
430 2290 511 2333 esse.
535 2270 616 2336 Sane
633 2268 666 2334 1⁰
683 2267 754 2333 uad
776 2269 933 2334 rationem
958 2268 1056 2334 liberi
1086 2287 1136 2330 ar-

63 2347 157 2413 bitrii
181 2371 244 2414 non
260 2352 412 2436 pertinet,
434 2361 472 2416 ut
492 2351 740 2416 indeterminate
756 2371 789 2414 se
808 2349 925 2418 habeat
947 2350 985 2415 ad
1003 2349 1135 2425 honum,

63 2430 116 2493 vel
145 2432 289 2507 malum3
312 2430 375 2496 sed'
395 2434 455 2497 hoc
482 2432 523 2496 ad
550 2431 735 2498 libertatem
763 2429 891 2496 arbitrii
923 2432 1077 2518 pertinet,
1101 2441 1138 2496 ut

62 2513 227 2577 actionem
242 2514 383 2598 aliquam
400 2513 520 2592 lacere,
535 2514 585 2580 vel
606 2502 794 2580 nonfacere
811 2514 922 2598 possit.
939 2516 981 2578 Et
993 2513 1053 2578 hoo
1069 2511 1137 2576 Deo

63 2595 233 2668 convenit3
257 2593 338 2660 bona
366 2597 465 2674 enim,
486 2617 570 2680 quae
599 2595 690 2669 facit,
709 2605 820 2742 Botest
845 2615 910 2659 non
935 2595 1055 2674 lacere,
1078 2615 1138 2659 nec

65 2685 175 2740 tamen
198 2677 319 2740 malum
343 2676 451 2743 lacere
470 2677 689 2826 quotest⁸>u2⁰

739 2676 925 2754 eliberatio,
949 2698 1007 2743 seu
1030 2677 1139 2761 inqui-

62 2757 142 2822 sitio
169 2759 333 2824 rationum
359 2782 402 2826 ox
427 2760 467 2826 de

484 2772 559 2829 ectu
586 2761 783 2847 cognitionis
808 2759 937 2835 oritur;
960 2760 1138 2845 quocirca,

64 3062 189 3110 moretur
208 3056 277 3105 sieut
296 3056 330 3104 ab
348 3053 468 3112 obiecto;
488 3070 565 3105 amor
584 3062 691 3115 noster,
711 3071 765 3121 quo
784 3058 882 3107 bonum
901 3057 983 3106 alicui
1004 3054 1138 3114 volumus,

64 3134 180 3181 nonest
199 3142 279 3177 causa
299 3128 425 3178 bonitatis
444 3129 536 3189 ipsius,
554 3129 598 3178 ned
617 3143 633 3178 a
652 3141 790 3186 converso,
805 3129 908 3179 bonitas
926 3129 984 3178 aius
1001 3125 1043 3178 rel
1064 3141 1137 3187 vern,

67 3204 111 3254 rel
132 3203 272 3252 aestimata
292 3205 420 3262 provocat
438 3213 579 3259 amorem,
604 3214 657 3263 quo
676 3202 700 3250 41
722 3203 844 3252 volumus
862 3205 890 3251 41
908 3200 1006 3250 bonum
1032 3211 1140 3248 conser-

65 3275 145 3330 vari.
165 3273 234 3335 quod
255 3271 354 3328 habet,
374 3277 402 3321 et
421 3272 503 3331 adli,
527 3272 599 3334 quod
625 3286 677 3322 non
696 3272 795 3331 habet,
816 3279 842 3324 et
861 3273 893 3324 ad
913 3272 965 3322 hoo
983 3283 1138 3334 operamur.

66 3346 120 3398 Sed
134 3357 211 3394 amor
228 3342 275 3393 Del
293 3348 335 3393 eet
354 3343 504 3401 infundens,
517 3349 546 3393 et
557 3356 651 3394 creans
664 3345 809 3395 bonitatem
823 3346 850 3396 in
865 3345 945 3396 rebus
960 3363 985 3404 ι,
1000 3341 1023 3404 1,
1036 3356 1064 3406 q.
1079 3338 1138 3402 llll,

64 3435 93 3470 ι.
114 3418 131 3467 2
150 3431 177 3466 o.

104 3492 113 3525 ¹
136 3491 225 3538 contr.
244 3489 333 3544 Garat..
355 3487 401 3537 lib.
422 3485 444 3544 l,
464 3501 491 3537 4.
512 3487 558 3539 80.

102 3560 116 3596 ²
136 3557 157 3615 l,
176 3573 205 3622 q.
224 3554 298 3617 xlx,
318 3572 344 3607 a.
365 3557 382 3608 3
401 3574 427 3608 4.
448 3556 483 3611 (ll
500 3561 624 3620 cosmol„
644 3575 669 3612 4.
691 3557 749 3618 Vll,
769 3574 796 3611 a.
817 3560 846 3619 Ξ,
866 3575 893 3624 p.
916 3559 978 3610 ¹72.

102 3631 117 3672 ³
134 3632 168 3684 1η
185 3630 230 3681 lio.
251 3631 280 3684 11
296 3632 380 3694 sent,
396 3629 462 3683 11111.
481 3628 567 3694 xxv,
587 3645 615 3696 q.
636 3631 658 3693 l,
678 3646 705 3684 a.
727 3634 738 3683 l
761 3631 841 3684 4111.
