2475 3909
510 160 715 210 cosnosoara
1037 145 1096 211 159

68 245 266 320 Atomistas,
288 245 344 331 qui
370 243 526 308 muudum
548 267 589 309 ex
612 245 749 311 fortuito
771 255 953 310 atomorum
975 266 1137 312 concursu

67 331 220 396 ellectum
242 325 343 392 luisse
366 336 491 412 putant,
508 347 543 392 ac
559 326 698 410 proinde
720 327 820 412 leges,
836 324 957 410 quibus
977 350 1031 393 res
1045 351 1139 393 ruun-

66 411 170 476 danae
192 412 421 485 continentur,
445 411 573 474 nonnisi
598 408 763 485 fortuitas,
788 407 926 492 ideoque
949 413 1139 495 contingen-

67 507 116 562 tes
137 512 206 558 esse
229 491 444 568 contendunl;
468 511 592 557 necnon
616 505 727 556 contra
749 490 955 567 Cartesium,
978 492 1135 576 aliosque,

65 576 126 660 qui
148 576 303 639 essentias
325 594 436 638 rerum
459 577 675 650 necessarias,
698 585 731 638 et
753 570 973 637 immutabiles
994 594 1061 637 esse
1084 595 1138 638 ne·

66 668 163 743 gaut;
186 677 223 720 ac
245 656 381 744 proinde
403 655 514 740 leges,
538 655 716 723 secundum
738 674 819 739 quas
841 653 1062 800 phaenomena
1084 675 1138 718 na-

64 752 161 804 turae
183 739 348 817 eveniunt,
372 738 591 816 necessariae,
615 758 652 803 ac
675 735 845 801 immutabi
861 757 896 801 es
917 737 1006 801 nullo
1029 735 1139 813 modo,

63 842 109 886 ex
137 841 253 886 eorum
285 821 470 896 sententia,
492 841 561 886 esse
616 830 739 885 assunt.
763 818 866 964 Leffies
898 831 1033 886 naturae
1065 828 1140 884 sunt

65 902 158 967 modi
180 913 387 979 constantes,
410 912 507 987 atque
531 841 736 978 unilbrmes,
759 901 815 982 qui
841 921 879 965 us
900 921 953 964 res
974 901 1140 966 naturales

63 996 262 1070 operantur,
276 1003 312 1047 ac
335 982 471 1070 proinde
493 985 584 1068 ipsae
608 981 853 1069 operationibus
879 1004 988 1049 rerum
1011 995 1140 1049 natura-

65 1067 152 1132 lium
174 1077 408 1132 consentaneae
431 1087 501 1132 esse
523 1064 651 1131 debent.
676 1065 777 1150 Atqui
800 1067 1005 1150 operationes
1026 1086 1139 1131 rerum

64 1149 269 1215 naturalium
292 1158 378 1225 sunt,
401 1160 437 1213 ut
459 1145 537 1214 alibi
560 1147 741 1223 diximus¹,
758 1149 971 1226 necessariae,
992 1149 1070 1232 quia
1085 1168 1140 1212 na·

66 1242 161 1295 turae
182 1252 306 1306 rerum,
322 1252 406 1315 quae
422 1241 497 1295 sunt
511 1230 644 1294 illarum
689 1229 879 1315 riucipium,
895 1240 928 1294 et
941 1228 1138 1304 subiectum,

64 1314 100 1377 vi
117 1313 287 1378 electionis
309 1313 543 1380 destituuntur.
557 1314 646 1397 Ergo
667 1249 768 1394 leges,
783 1310 905 1396 quihus
927 1311 1068 1379 mundus
1083 1332 1141 1398 gu·

66 1394 237 1470 bernatur,
259 1396 284 1458 si
311 1397 344 1458 in
367 1416 401 1460 se
434 1405 651 1480 spectentur,
673 1393 898 1470 necessariae,
922 1403 955 1458 ct
986 1392 1140 1460 determi-

65 1488 162 1542 natae
185 1497 254 1543 esse
275 1475 431 1543 debeut².

109 1561 179 1625 147.
197 1559 298 1636 llaec,
315 1580 413 1644 quam
436 1578 496 1645 pro
519 1557 724 1641 egnavimus,
746 1555 905 1622 sententia
927 1557 1014 1621 circa
1029 1557 1139 1644 legum

61 1643 273 1730 physicarum
297 1655 468 1717 naturam,
491 1577 594 1717 duos,
618 1647 655 1704 ut
676 1661 702 1702 s.
726 1639 864 1703 Thomas
886 1638 1026 1704 advertit
1036 1642 1061 1718 ⁸,
1083 1661 1142 1726 op-

64 1725 190 1808 positos
212 1722 362 1809 scopulos
383 1721 467 1806 sati,
489 1731 522 1787 ei
543 1743 634 1786 casus
655 1725 745 1787 vitat.
770 1721 927 1798 Etenim,
956 1720 1033 1784 dum
1062 1743 1141 1786 cun-

60 1817 131 1871 etas
153 1805 240 1892 leges
262 1816 409 1880 naturae,
424 1825 516 1869 secus
538 1824 575 1868 ac
598 1803 637 1879 ii,
652 1805 707 1887 qui
725 1804 830 1868 Deum
852 1803 919 1869 lato
941 1802 1138 1881 subiiciunt,

63 1908 107 1952 ex
129 1886 298 1953 liberrima
321 1887 484 1952 voluntate
506 1885 567 1949 Dei
591 1886 723 1970 repetit,
746 1885 780 1948 in
803 1886 884 1970 ipsis
906 1884 1021 1961 rebus,
1044 1885 1141 1952 aliter

63 1991 103 2036 ac
125 1969 312 2036 defensores
333 1989 423 2034 casus
443 1967 668 2054 obganniunt,
692 1968 850 2033 rationem
878 1967 986 2053 legum
1009 1977 1140 2032 natura-

63 2053 148 2118 lium
171 2049 394 2138 quaercndam
415 2071 486 2116 esse
509 2048 666 2115 decernit.

150 2190 218 2241 liar.
239 2188 299 2242 vll.
314 2217 347 2226 -
359 2186 396 2240 De
414 2187 563 2244 miraculis,
583 2191 611 2237 et
630 2188 747 2250 primum
765 2188 798 2237 de
817 2202 911 2239 eorum
930 2190 1054 2249 notione,

440 2267 468 2311 et
486 2261 598 2311 diversis
624 2259 764 2322 speciebus

106 2381 178 2452 1t8.
201 2381 398 2448 Miraculum
420 2381 553 2448 denotat
574 2379 726 2446 ellectum
748 2383 1037 2466 supernaturalem,
1059 2385 1142 2449 iaso-

62 2463 180 2542 la'tum,
204 2474 238 2530 et
257 2463 452 2542 suasibilem
475 2463 776 2548 supernaturalem,
799 2464 860 2528 hoc
880 2474 953 2544 est,
998 2467 1034 2530 ui
1055 2466 1142 2534 vires

62 2547 165 2612 totius
187 2558 322 2613 naturae
343 2555 470 2611 creatae
492 2544 788 2630 praetergreditur,
811 2547 857 2610 ita
878 2555 915 2610 ut
935 2486 1024 2611 nula
1052 2569 1141 2613 crea-

62 2639 139 2695 tura
160 2629 171 2693 i
197 2649 269 2694 sum
289 2627 415 2693 efficere
438 2624 559 2705 valeat;
587 2627 772 2703 insolitum,
794 2627 854 2692 hoc
876 2636 941 2707 est,
964 2629 1139 2708 eiusmodi,

61 2721 102 2777 ut
122 2649 268 2776 excludat
289 2709 416 2774 solitum
437 2729 565 2775 cursum
586 2717 717 2773 saurae
732 2709 745 2745 ⁶
752 2728 762 2788 3
783 2707 937 2788 sensibile,
960 2731 1089 2798 nempe,
1104 2721 1142 2778 ut

101 2914 110 2949 ¹
132 2911 274 2969 Criteriol„
294 2924 320 2960 a.
342 2906 388 2967 lv,
409 2921 436 2957 a.
457 2906 484 2966 ἓ,
506 2921 535 2970 p.
554 2905 604 2956 ibi
627 2905 681 2955 rol.
701 2903 724 2955 l.

100 2985 112 3021 ²
132 2981 167 3036 Cl
182 2998 205 3034 s.
226 2981 308 3046 Aug..
325 2983 363 3032 lia
376 2981 442 3033 aaa.
462 2981 497 3028 ad
516 2982 579 3038 tua,
601 2978 647 3028 lib.
662 2976 709 3037 lv,
723 2993 749 3028 a.
764 2979 793 3038 s,
806 2995 834 3031 ιι.
850 2981 877 3038 7,
890 2986 918 3031 at
931 2981 978 3031 lib.
994 2979 1039 3041 tlt,
1054 2997 1080 3034 a.
1099 2984 1141 3044 tl,

61 3074 93 3120 n..
114 3056 161 3108 32.
181 3053 222 3109 Ex
242 3056 283 3114 iis,
306 3067 375 3119 quae
395 3053 648 3108 demonstravimus,
669 3052 829 3114 perspicitur
847 3055 1034 3104 necessitatem
1054 3056 1144 3118 legum

60 3137 178 3182 naturae
198 3142 248 3180 non
269 3141 326 3178 esse
345 3124 510 3183 huiusmodi,
524 3130 554 3174 ut
567 3124 722 3186 oppositum
740 3137 833 3175 earum
852 3127 886 3174 ait
904 3126 1026 3176 absolute
1046 3129 1144 3190 impos-

60 3203 151 3263 sibiie,
171 3203 217 3252 ssd
237 3202 263 3250 lu
284 3213 316 3248 eo
336 3200 474 3248 dumtaxat
494 3197 652 3254 consistere,
665 3196 737 3258 quod
749 3198 772 3245 si
787 3210 830 3248 res
842 3200 981 3248 naturales
994 3201 1143 3250 secundum

61 3290 140 3327 suam
153 3279 279 3324 naturam
293 3275 449 3336 operentur,
460 3283 512 3319 non
526 3270 577 3319 nisi
592 3269 740 3318 secundum
751 3269 810 3320 illas
821 3273 892 3334 leges
902 3273 1007 3334 operari
1022 3278 1142 3334 possunt.

100 3347 220 3399 ⁸Coratr.
242 3347 329 3403 Geut„
351 3343 397 3393 lib.
421 3339 454 3400 ll,
475 3356 501 3393 c.
521 3341 568 3391 29.

102 3417 113 3456 ὅ
135 3438 146 3464 ι
164 3417 314 3476 insolitum,
336 3417 373 3466 ait
393 3429 415 3464 s.
437 3409 565 3472 Thomas,
585 3412 655 3476 qrrod
676 3412 702 3463 in
721 3413 872 3464 delinitione
886 3415 1010 3464 miraculi
1025 3417 1143 3477 ponitur,

60 3505 117 3546 non
135 3492 201 3542 dicit
222 3493 359 3541 raritatem
379 3487 454 3546 iacti,
474 3485 520 3535 sed
541 3485 660 3535 excludit
678 3486 785 3535 solitum
799 3500 907 3536 cursum
922 3493 1045 3545 naturaei
1061 3490 1142 3542 unde.

61 3569 84 3616 sl
105 3565 223 3629 quotidie
242 3563 316 3613 caeci
335 3561 567 3617 illuminarentur,
588 3558 764 3609 nibilominus
789 3559 950 3609 miraculum
969 3570 1058 3621 esset,
1079 3565 1144 3627 quia

60 3641 171 3704 praeter
191 3650 299 3688 cursum
319 3632 480 3693 naturalem,
500 3631 546 3695 qui
566 3631 642 3683 nobis
660 3637 702 3683 est
720 3637 874 3694 consuetus,
889 3633 1057 3700 contingeret
1074 3655 1084 3680 a
1101 3632 1145 3700 (la
