2475 3909
135 162 156 227 8
547 172 729 223 onrocoora

137 261 186 327 18.
211 259 323 356 itaque
356 254 559 335 intellectus,
582 258 755 323 essentiam
776 255 826 320 rei
848 252 1100 338 exploraturus,
1125 277 1168 323 ex

94 343 194 407 variis
216 340 409 417 rationibus,
424 338 545 426 quibus
567 339 655 404 iiiam
677 339 849 424 concipere
870 347 987 421 potest,
1005 340 1168 404 rationem

94 425 178 489 eutis
199 424 309 521 primo
339 425 370 489 in
399 445 436 488 oa
458 424 590 568 coppini.
615 424 657 489 Ε.
682 442 732 507 p,
755 442 799 485 ex
819 419 919 485 variis
940 420 1166 505 conceptibus,

115 525 174 570 uos
198 503 379 570 intellectus
400 506 487 570 circa
530 506 686 580 ominem,
702 504 759 587 qui
777 504 884 587 primo
902 503 933 565 ei
950 505 1104 578 occurrit,
1119 506 1169 570 ei·

93 527 237 653 dormnre
261 596 376 671 potest,
400 597 479 674 puta
501 588 662 662 animatis,
683 586 846 669 corporis,
869 583 1077 661 substantioe,
1102 588 1170 671 pri-

95 689 167 734 mus
189 678 237 732 est
259 679 444 753 conceptus,
466 688 531 753 quo
555 666 649 733 iiium
671 666 761 732 reiut
781 686 838 731 ens
858 684 897 729 co
922 665 989 731 ‘tat
1200 726 1206 734 .

134 751 183 816 19.
210 750 365 814 Probatur
379 749 516 836 2¹·pars.
533 749 632 817 Notio
656 750 689 813 in
710 749 808 814 aliam
830 685 1016 825 resodbitur,
1036 751 1166 833 quoties

92 832 171 897 haec
195 830 283 896 iilam
304 836 458 900 continet.
476 833 575 931 Atqui
600 833 689 897 notio
710 831 795 896 entis
814 829 956 913 reliquas
976 850 1088 895 omnes
1110 852 1168 897 no·

91 916 196 978 tiones
228 914 381 980 continet.
409 916 497 999 Ergo
525 936 559 979 m
582 916 748 978 notionem
774 911 858 977 entis
878 932 990 977 omnes
1018 911 1168 998 reliquae

92 998 240 1061 notiones
266 997 483 1063 resolvuntur.
508 996 593 1060 Hinc
615 995 642 1060 si
669 994 709 1059 ab
731 992 882 1059 omnibus
907 993 1096 1059 notionibus
1119 1018 1168 1059 rr-

93 1088 284 1143 movcantur
304 1090 439 1144 cunetae
460 1077 676 1154 differentiae,
700 1076 820 1161 quibus
843 1073 883 1138 ab
897 1094 929 1138 se
951 1077 1089 1141 invicem
1111 1077 1169 1144 de-

91 1160 325 1237 terminantur,
349 1171 495 1226 remanet
515 1180 595 1237 eus,
622 1157 710 1243 quod
731 1156 884 1223 omnibus
912 1178 1082 1221 commune
1104 1172 1165 1227 est.

131 1242 183 1308 20.
207 1240 259 1305 Ex
280 1242 339 1308 bac
362 1242 586 1329 propositione
614 1244 676 1308 tria
702 1239 872 1305 eoroiiaria
899 1259 995 1303 conse
1018 1250 1165 1307 uantur:

133 1321 166 1387 1⁰
181 1324 279 1389 Notio
300 1327 400 1402 eutis,
422 1344 506 1411 quae
529 1333 577 1389 est
599 1323 705 1408 prima
729 1322 900 1396 omnium,
922 1332 970 1386 est
992 1343 1009 1385 a
1034 1331 1166 1401 structa,

25 1422 27 1425 ·
90 1424 154 1469 non
176 1426 253 1471 vero
285 1420 446 1473 concreta.
470 1406 599 1472 Etenim
628 1404 812 1470 inteliectus
836 1422 899 1465 non
923 1414 1025 1489 potest
1049 1405 1168 1471 inteili-

91 1506 167 1570 gere
181 1489 354 1552 essentiam
369 1509 478 1553 rerum
494 1485 714 1553 materialium
728 1484 897 1549 dumtaxat
912 1496 1010 1571 prout
1032 1496 1081 1552 est
1094 1508 1167 1563 eus,

91 1568 150 1632 nisi
175 1571 267 1634 inea
290 1570 470 1636 consideret
489 1570 650 1636 rationem
672 1568 770 1643 entis,
791 1586 854 1629 non
876 1565 1110 1633 considerando
1132 1592 1168 1635 a·

90 1647 112 1711 ii
140 1649 195 1715 uid
217 1672 259 1716 ex
283 1651 335 1728 iis,
349 1652 468 1738 quibus
490 1672 547 1717 ens
563 1650 595 1715 iu
611 1651 682 1735 ipsa
701 1648 948 1716 determinatur.
970 1651 1069 1733 Atqui
1089 1671 1167 1716 con-

89 1672 233 1799 siderare
257 1734 289 1797 in
312 1732 421 1819 aliqua
451 1754 486 1799 re
509 1754 635 1808 unum,
662 1732 742 1816 quin
770 1739 876 1794 cetera
904 1731 1164 1809 considerentur,

88 1814 257 1882 constituit
278 1813 367 1880 iiiam
382 1816 542 1881 actionem
565 1815 766 1889 inteliectus,
786 1832 869 1897 quae
890 1810 1064 1878 abstractio
1084 1835 1167 1878 nun-

88 1906 238 1983 cupatur.
263 1897 350 1982 Ergo
372 1898 462 1964 notio
483 1899 583 1973 eutis,
606 1895 647 1961 de
667 1916 732 1981 qua
763 1891 987 1978 disputamus,
1010 1914 1073 1980 ope
1094 1895 1167 1960 abs-

89 1978 253 2043 tractionis
276 1978 461 2055 conficitur,
483 1999 520 2044 ac
544 1976 679 2064 proinde
701 1985 748 2041 est
769 1974 928 2040 abstracta
956 1975 980 2037 ¹.

128 2057 163 2123 2⁰
186 2061 279 2125 Eritis
299 2061 413 2137 notio,
440 2080 539 2157 quam
562 2061 709 2124 omnium
736 2058 876 2142 primam
903 2056 1086 2121 intellectus
1109 2058 1167 2122 ad-

88 2138 204 2224 quirit,
220 2162 294 2206 cum
315 2141 357 2206 sit
378 2159 524 2205 omnium
546 2139 829 2215 communissima,
849 2158 954 2223 nequo
976 2140 1163 2216 essentiam,

89 2240 193 2305 neque
216 2224 424 2287 existentiam
446 2233 681 2304 repraesentat,
697 2218 752 2285 sed
772 2232 876 2285 uotum
897 2221 1026 2295 ersendi,
1047 2220 1116 2285 sive
1131 2239 1166 2284 a·

89 2301 290 2369 ctuaiitatem
318 2322 524 2369 communem
548 2306 705 2370 essentiae
727 2312 761 2367 et
780 2302 983 2367 existentiae.

128 2382 163 2449 3⁰
185 2386 262 2463 Ena,
279 2384 374 2451 euius
397 2386 558 2451 notionem
580 2386 726 2449 omnium
749 2386 889 2469 primam
912 2381 1094 2448 intellectus
1120 2384 1164 2447 si·

90 2463 123 2529 bi
147 2466 289 2545 coniicit,
312 2478 360 2535 est
381 2465 476 2545 iliud,
491 2465 578 2553 quod
600 2478 705 2531 octnm
725 2466 845 2530 essendi
865 2465 1003 2541 realem,
1025 2485 1089 2529 non
1110 2484 1164 2529 re-

87 2710 129 2747 res
148 2698 384 2748 determinationes
402 2698 547 2760 accipere,
567 2711 599 2749 ao
619 2700 728 2761 proinde
746 2699 779 2750 ad
799 2699 851 2749 boo
871 2699 912 2749 rei
931 2699 963 2749 ad
982 2698 1054 2748 atiud
1073 2698 1164 2747 ‹ieter-

87 2770 182 2819 minari
201 2774 293 2833 queat.
306 2766 393 2833 Quare
412 2770 547 2819 abnormis
564 2775 605 2821 est
623 2774 753 2821 sententia
775 2769 910 2834 iiegbeiii,
924 2772 969 2834 qni
988 2784 1021 2821 ex
1039 2784 1072 2819 eo
1090 2772 1163 2833 quod

87 2838 153 2897 Ens,
173 2840 228 2891 sire
248 2846 277 2890 ut
297 2844 351 2903 ipse
370 2846 419 2901 ert,
439 2844 578 2900 Ena-ideo,
598 2849 639 2893 esi
658 2844 909 2901 indeterminatum,
929 2846 1015 2906 ipsum
1034 2855 1092 2891 ease
1113 2857 1163 2905 pu-

87 2928 147 2963 rum
168 2917 316 2975 putumque
335 2914 449 2962 nibiiuus
469 2914 596 2964 coniecit.
617 2912 683 2965 Nam
704 2916 816 2966 nibiium
841 2930 925 2978 capax
950 2928 1002 2965 non
1020 2921 1059 2963 cst
1079 2915 1163 2963 nitius

86 2985 336 3041 determinationis,
355 2985 419 3034 dnm
438 2998 454 3034 e
473 2988 607 3036 contrariu
633 3003 679 3037 ena
704 2987 854 3037 huiuamodi
874 2994 936 3045 est,
956 2993 986 3036 ut
1004 2988 1031 3036 in
1049 2987 1161 3049 singuiis

40 3102 45 3109 ,
87 3057 188 3108 naturis
208 3068 298 3106 rerum
318 3056 425 3107 dirersis
445 3060 528 3108 modia
542 3059 713 3110 determinari
733 3072 808 3122 posse
827 3060 1001 3121 intelligatur.
1022 3053 1161 3117 Ceterum,

85 3131 151 3180 nibii
169 3134 210 3180 est
230 3129 334 3191 negatio
357 3131 440 3187 cutim
467 3143 499 3180 ao
518 3132 627 3194 proinde
646 3134 667 3181 si
686 3144 749 3190 ena,
774 3134 828 3181 atre
852 3133 980 3182 Ena-idea
996 3167 1003 3189 ,
1022 3135 1063 3180 eat
1081 3130 1160 3187 nihii,

86 3202 227 3253 dicendum
246 3202 298 3249 erit
317 3201 404 3261 ipsum
424 3214 481 3252 esse
499 3214 557 3260 ene,
571 3204 641 3267 quod
656 3218 707 3254 oon
727 3209 767 3254 est
779 3217 837 3263 ens,
851 3204 905 3253 sire
918 3216 977 3260 ena,
989 3207 1017 3251 ei
1036 3215 1088 3252 non
1100 3214 1161 3253 ens.

124 3277 131 3309 ¹
153 3273 221 3325 Hine
239 3273 311 3325 rides
330 3284 412 3337 quam
437 3276 551 3335 turpiter
576 3282 663 3325 errent
683 3276 871 3332 Pantbeiatae,
892 3276 936 3342 qui
956 3278 986 3323 ut
1004 3286 1063 3332 ras,
1083 3279 1164 3337 quot·

84 3351 150 3409 quot
170 3350 243 3401 suut,
263 3358 321 3396 erae
341 3360 423 3396 unum
443 3358 490 3397 ena
509 3347 662 3406 conficiant,
682 3348 846 3399 contendunt
864 3360 911 3397 ena
935 3353 1113 3401 concretum,
1134 3352 1163 3396 et

85 3418 157 3469 renio
177 3420 204 3467 in
223 3417 301 3467 rubus
319 3430 377 3468 aeae
396 3419 482 3481 iprum
502 3432 548 3469 eus
568 3420 728 3479 uuireraaie,
746 3422 825 3471 entus
844 3420 929 3469 ideam
949 3418 1164 3468 intutiootusba-

85 3487 141 3549 bei,
161 3490 277 3553 ecquod
296 3490 370 3541 reiut
388 3504 472 3540 unum
491 3492 635 3552 cogitatur.
652 3490 717 3542 item
737 3492 862 3555 inteitigts
879 3491 955 3541 vaide
972 3490 1060 3553 decipi
1079 3485 1164 3540 Onto-

88 3558 172 3625 iogos,
192 3574 254 3611 oum
272 3566 414 3611 autumant
432 3575 490 3621 ens,
510 3564 579 3625 quod
594 3576 670 3614 mena
688 3565 804 3613 bumana
824 3564 954 3628 principio
972 3562 1162 3625 apprehendit,

86 3644 144 3685 oue
162 3643 209 3683 eus
228 3630 415 3694 reaiiaaimunr,
435 3638 462 3684 et
481 3640 649 3695 concretum,
669 3650 765 3704 nempe
784 3650 842 3698 eus,
861 3636 932 3704 quod
951 3632 1021 3689 uena
1039 3639 1092 3689 est.
