2475 3909
462 188 733 235 nurunoronourn
1037 174 1097 239 295

59 270 271 356 polinpemsie
293 270 378 348 tluit,
401 273 473 336 eius
495 270 757 346 abnormitatem‚
781 272 868 355 quud
891 270 931 337 ad
955 294 1022 337 rem
1046 297 1137 360 prae·

65 365 186 418 sentem
210 358 338 429 attinet,
366 356 512 499 seguenti
538 353 764 437 propositione
787 356 1069 421 demonstramus:

105 436 175 501 uit.
199 436 352 499 Fautores
365 458 408 520 po
421 437 592 519 inpenesioe
613 434 851 500 destructionem
871 439 1007 515 animae,
1023 440 1135 503 nedum

63 518 131 581 eius
152 519 431 594 immortalitatem,
455 519 628 601 explicent.

108 599 275 664 Probatur.
299 602 435 666 Animae
451 600 622 687 proprium
642 609 691 662 est
704 596 877 663 subsistere.
895 602 993 685 Atqui
1011 623 1048 665 ea
1065 601 1136 665 sub-

63 682 168 744 sistere
189 681 356 759 dicuntur,
378 704 461 766 quae
482 704 542 747 uon
563 684 598 745 iu
619 680 694 755 olio,
718 680 768 745 sed
783 684 816 746 iu
830 702 859 743 se
882 685 1025 748 esistunt
1040 685 1062 747 ¹.
1079 686 1136 748 Er-

64 784 107 847 go
128 764 269 827 animam
292 767 324 829 in
348 765 492 830 Absolute
513 762 699 837 absorberi,
722 761 809 827 idem
831 774 880 831 est
901 784 937 828 ac
964 786 1059 831 suum
1075 786 1136 829 esse

63 846 228 921 amittere,
251 868 307 911 seu
331 860 466 913 mortem
490 846 614 911 subire.

104 927 174 993 235.
199 929 382 1004 Praeterea,
398 931 534 1015 spiritus
549 929 709 993 humanus
730 934 786 990 ant
810 936 859 993 est
880 925 922 992 ali
950 927 1005 993 uid
1028 928 1136 994 diver-

64 1028 134 1072 sum
156 1007 197 1073 ab
220 1010 386 1086 Absolute,
408 1023 486 1099 puta
508 1011 619 1107 aliqua
653 1007 810 1092 particula
837 1008 878 1073 ab
906 948 1064 1076 Absolute
1087 1008 1137 1075 di-

66 1090 167 1168 uulsa,
183 1104 216 1158 et
229 1091 403 1178 discerpta,
421 1104 458 1159 ut
471 1095 591 1161 Stoicis
613 1110 758 1155 asserere
771 1089 917 1237 1pineum
938 1107 994 1157 aut
1016 1095 1138 1179 ipsum·

64 1183 129 1237 met
150 1174 356 1250 Absolutum,
379 1175 465 1260 qnod
493 1173 555 1240 sub
577 1175 690 1257 atiquo
718 1193 770 1237 mo
794 1194 813 1237 ο
840 1194 873 1237 se
901 1175 1042 1251 evolvit,
1067 1174 1136 1237 sire

62 1252 124 1317 snb
146 1254 256 1352 aliqua
278 1256 383 1322 lorma
404 1278 437 1322 se
461 1257 667 1332 manifestat,
690 1254 963 1338 quemadmodum
987 1256 1135 1342 plerique

65 1335 211 1400 hodierni
228 1338 428 1405 Pantheistae
442 1338 658 1424 obganniunt.
675 1338 774 1419 Atqui
792 1338 916 1403 utravis
931 1340 1045 1422 opinio
1059 1358 1137 1435 pro-

66 1430 248 1563 ἓυςιιοῑυπ,
276 1419 529 1506 palingenesiam
556 1419 737 1485 destructio
762 1420 889 1484 animae
916 1430 1134 1506 consequitur.

96 1518 165 1581 rgo.

103 1582 174 1647 236.
198 1582 310 1647 Minor
331 1582 573 1649 demonstratur
593 1584 678 1647 buno
701 1584 733 1649 in
758 1581 900 1647 modum:
923 1581 956 1647 1⁰
971 1583 1004 1649 Si
1029 1584 1137 1670 primo
1224 1580 1227 1587 '

64 1665 177 1745 opinio
197 1678 372 1739 asseratur,
397 1667 440 1731 ita
461 1675 738 1749 argumentamur:
760 1663 841 1729 Cum
864 1674 980 1729 natura
1002 1666 1136 1751 spiritus

65 1744 209 1821 bumani,
234 1758 345 1835 utpote
370 1750 528 1833 particula
551 1745 593 1811 ab
614 1744 773 1812 Absolute
795 1746 943 1820 diversa,
966 1748 1009 1811 sit
1032 1746 1134 1821 finita,

61 1837 94 1892 et
108 1826 303 1895 Absolutum
325 1831 368 1895 sit
393 1830 568 1905 inlinitum,
583 1825 758 1891 dicendum
780 1839 829 1893 est
850 1828 1001 1913 spiritum
1024 1829 1137 1893 buma-

64 1929 142 1972 num
164 1930 227 1974 non
244 1933 334 1997 posse
358 1914 391 1975 in
415 1912 573 1977 Absolute
596 1908 776 1985 absorberi,
793 1909 855 1974 nisi
877 1918 1028 1973 naturam
1044 1931 1134 1975 suam

62 2002 174 2064 exuat,
197 2003 230 2057 et
252 2004 399 2058 naturam
414 1993 563 2060 Absoluti
587 1991 711 2058 induat.
734 1992 832 2077 Atqui
854 1990 1022 2089 propriam
1047 2004 1137 2057 natu-

64 2092 135 2137 ram
157 2094 276 2138 exuere
300 2074 384 2139 idem
407 2088 467 2152 est,
483 2096 521 2140 ac
542 2075 678 2141 destrui.
705 2076 791 2158 Ergo
812 2074 950 2158 spiritus
977 2073 1136 2159 bemanus

63 2173 122 2299 per
144 2155 416 2249 palingenesiam,
441 2169 538 2242 prout
565 2179 583 2222 a
605 2156 722 2223 Stoicis
742 2165 872 2241 accepta
897 2152 981 2232 luit,
1004 2158 1136 2220 omnino

86 2246 256 2302 estrurtur.

103 2315 140 2380 2⁰
160 2318 216 2383 Sin
231 2320 331 2384 altera
348 2319 462 2404 opinio
483 2329 643 2395 teneatur,
660 2318 719 2383 boe
734 2328 960 2403 argumentum
978 2318 1009 2382 in
1027 2340 1135 2406 prom-

64 2408 123 2482 ptu
145 2412 214 2465 est:
237 2403 301 2467 Per
324 2403 411 2485 palin
435 2402 576 2465 enesiam
599 2401 735 2486 spiritus
762 2400 922 2465 humanus
944 2411 1137 2466 transmuta-

63 2496 129 2559 tur,
152 2484 196 2547 ita
220 2493 257 2548 ut
278 2484 320 2547 sit
341 2420 443 2556 aliub,
467 2503 505 2547 ac
525 2492 715 2547 antenerat.
738 2479 849 2564 Atqui,
872 2481 898 2545 si
922 2483 1057 2565 spiritus
1079 2483 1136 2546 bu-

63 2583 181 2628 manns
202 2576 251 2629 est
274 2566 451 2651 ipsummet
472 2563 681 2638 Absolutum,
705 2584 769 2627 non
791 2560 887 2626 aliter
908 2564 1046 2647 intelligi
1068 2575 1137 2649 pot·

61 2657 112 2711 est
126 2647 235 2731 ipsum
251 2649 475 2722 transmutari,
490 2667 589 2730 quam
611 2646 642 2710 si
664 2646 697 2710 in
719 2643 868 2710 Nihilum
890 2643 1073 2709 absolutum
1090 2668 1137 2709 re·

59 2724 133 2811 eligi
155 2729 385 2804 existimatum
413 2727 599 2816 siqnidem,
633 2747 708 2791 eum
730 2724 925 2790 Absolutum
958 2748 1054 2792 omne
1076 2748 1137 2791 esse

59 2809 312 2894 complectatur,
327 2812 357 2875 ei
381 2832 445 2875 non
467 2808 569 2883 aliud,
587 2810 651 2873 nisi
667 2806 813 2874 Nihilum
835 2804 1033 2886 absolutum,
1049 2810 1137 2893 quod

59 2910 161 2955 omne
182 2912 246 2957 esse
267 2891 437 2966 excludit,
459 2891 583 2976 opponi
607 2898 719 2976 potest.
745 2890 850 2973 Ergo,
873 2890 900 2953 si
922 2890 1058 2975 spiritus
1079 2891 1138 2955 hu-

61 2992 182 3036 manus
200 2982 251 3037 est
273 2975 378 3058 ipsum
402 2973 609 3048 Absolutum,
627 2992 757 3036 necesse
780 2981 839 3049 est,
855 2982 893 3037 ut
915 2992 973 3059 per
994 2972 1137 3057 palinge·

60 3055 188 3118 oesiam
212 3056 357 3140 seipsum
379 3053 563 3119 destruat¹.

101 3276 113 3315 Ι
134 3276 156 3336 Ι,
177 3293 205 3342 q.
224 3276 322 3336 ΧΧΙΧ,
343 3293 369 3327 a.
389 3278 405 3328 2
425 3292 451 3328 o.

102 3350 112 3386 ³
130 3348 252 3414 Quanam
265 3353 368 3401 ratione
380 3350 481 3401 Auster
495 3351 623 3399 libror-um
636 3352 878 3413 Areopopr'tteorum
891 3345 1078 3410 totatttgenrtur
1091 3348 1135 3403 stt.

58 3436 128 3475 cnm
149 3429 265 3472 mentem
286 3422 430 3472 humanam
450 3422 483 3471 ad
502 3422 739 3487 atmpltpoottonem
759 3422 917 3484 perrentre,
938 3422 965 3469 at
985 3420 1011 3467 tn
1029 3420 1138 3481 eettptna

58 3499 171 3547 dtutnee
189 3495 254 3544 tuota
271 3495 402 3544 absorberi
422 3495 510 3551 docet,
530 3494 726 3556 explieartmus
746 3495 772 3543 tn
792 3494 873 3543 ts'tsra
896 3504 943 3542 rau
965 3492 1049 3543 tnrttt.
1069 3492 1135 3553 plttl.

57 3568 168 3622 ebriat..
188 3573 210 3615 t.
231 3564 277 3623 ΙΙΙ,
298 3567 465 3633 antarpot..
479 3580 506 3617 o.
522 3562 594 3626 ΙΙΙΙΙ,
615 3580 641 3616 a.
659 3566 686 3625 7,
707 3566 800 3629 pabit,
821 3565 855 3616 bi
870 3564 898 3623 9,
918 3559 968 3615 att.
988 3563 1052 3615 edit.
1067 3559 1137 3614 Nea·

59 3638 122 3707 pot.
149 3638 228 3688 tata.
