2475 3909
129 142 191 209 ‘218
514 159 691 208 rossanam

90 265 120 307 e.
144 263 192 325 g,
213 240 323 305 fumus
343 250 393 306 est
413 240 541 325 signum
564 243 710 307 naturale
735 242 830 325 ignis;
846 242 895 307 sin
910 241 948 307 ad
965 265 1033 309 rem
1049 244 1151 331 signi-

89 324 217 389 ficatam
240 322 401 389 referatur
423 344 464 387 ex
486 325 653 389 bominum
680 324 849 400 instituto,
872 323 991 391 dicitur
1012 329 1152 392 arbitra-

88 407 188 474 riamz
210 428 239 469 e.
264 426 310 490 g„
333 407 419 473 oliva
441 418 492 471 est
512 406 641 489 signum
663 405 873 471 arbitrarium
892 409 995 555 pacis.

129 490 180 552 71.
204 488 270 551 lam
292 486 388 553 borno
409 487 604 573 quibusdam
627 487 738 571 signis,
762 509 817 553 seu
840 510 890 553 me
916 491 956 553 iis
971 492 1150 555 sensilibus

89 590 171 653 opus
186 568 293 644 habet,
316 584 353 636 ut
373 573 598 657 conceptiones
613 590 686 636 suas
699 572 900 637 extrinsecus
916 574 1063 657 prolerre
1079 593 1153 657 pos-

91 654 144 718 sit.
168 651 249 715 Nam
273 650 305 717 10
327 653 394 737 ipse
422 663 508 721 est«
531 652 651 717 animal
682 653 872 719 naturaliter
899 653 1092 737 politicum,
1121 668 1154 723 et

89 732 229 811 sociale,
251 755 289 797 ac
312 733 448 819 proinde
475 757 601 800 necesse
622 748 670 802 est
691 736 776 821 quod
800 739 1027 821 conceptiones
1056 739 1154 803 unius

89 816 230 882 hominis
250 817 486 882 innotescerent
508 818 641 882 aliis¹n.
664 816 697 881 2⁰
721 818 840 893 Media,
861 816 981 904 quibus
1003 821 1152 885 homines

90 918 173 983 opus
198 896 315 964 babent
339 898 378 963 acl
406 902 604 986 cognitiones
630 900 690 965 sibi
720 901 856 966 invicem
884 900 1151 977 manifestandas,

91 978 257 1045 sensibilia
278 1002 348 1047 asse
369 981 509 1057 debent,
535 986 612 1068 quia
638 984 701 1067 ipsi
723 1006 786 1050 uon
808 1005 849 1048 ex
870 983 988 1069 spiritu
1012 994 1151 1061 tantum,

90 1063 144 1129 scd
166 1084 207 1125 ex
228 1084 365 1148 corpore
386 1066 485 1131 etiam
506 1068 685 1131 coustant².

131 1141 183 1209 72.
206 1144 275 1209 Iam
296 1148 411 1232 signa,
433 1147 553 1233 quibus
574 1148 720 1213 homines
740 1149 951 1233 cogitationes
978 1169 1050 1213 suas
1077 1170 1154 1213 cum

92 1227 168 1290 aliis
188 1231 428 1294 communicare
448 1230 568 1306 ualent,
588 1242 662 1296 sunt
682 1242 792 1313 pectas,
809 1251 904 1307 acces,
928 1240 960 1297 et
981 1232 1153 1315 scriptura.

92 1310 208 1375 Gestus
235 1321 309 1377 sunt
335 1327 435 1378 matra
461 1315 601 1399 corporis
627 1314 666 1377 ad
691 1314 791 1377 animi
818 1315 1018 1395 capitaliorem
1038 1318 1158 1397 potesa-

91 1391 212 1456 eieadaa
233 1397 413 1477 comparati.
438 1398 469 1462 Si
492 1418 534 1460 ex
557 1397 708 1463 instinctu
737 1406 869 1461 naturae
891 1396 984 1471 fiant,
1007 1406 1081 1461 sunt
1101 1417 1158 1459 na-

91 1475 219 1550 turalem
241 1478 290 1538 sin
311 1497 351 1538 ex
373 1481 585 1543 conventione
609 1481 693 1544 inter
714 1479 860 1543 homines
876 1477 959 1545 facta
974 1478 1158 1561 confingan-

34 1622 37 1627 ,
91 1568 168 1631 tur,
191 1557 367 1641 artificiosi.
395 1562 434 1625 Ε.
459 1582 503 1644 g„
531 1560 617 1624 oculi
648 1562 729 1626 torvi
758 1560 949 1627 naturaliter
975 1559 1159 1647 significant

93 1637 363 1724 indignationem,
386 1653 417 1710 et
438 1654 546 1707 motus
566 1643 723 1727 corporis,
747 1640 867 1725 quibus
889 1644 1084 1709 surdo-muti
1101 1642 1157 1709 de-

93 1721 215 1785 lectum
240 1720 385 1804 loquelae
409 1722 570 1810 supplent,
586 1725 800 1809 cogitationes
824 1725 968 1809 ipsorum
989 1726 1159 1810 artificiose

93 1802 249 1891 pandunt,
266 1804 416 1869 Gestibus
432 1806 525 1891 longe
540 1807 772 1889 praestantiora
788 1817 862 1872 sunt
876 1808 984 1873 verba.
998 1807 1158 1883 Verbum,

93 1908 153 1951 seu
175 1907 238 1949 vox
260 1898 307 1951 est
327 1908 420 1952 sonae
441 1891 630 1955 articulatas
653 1888 692 1952 ad
711 1888 811 1952 animi
832 1890 1030 1972 capitaliorem
1053 1892 1160 1973 capri·

93 1968 217 2033 mendas
240 1970 416 2035 institutae.
432 1972 563 2037 Locutio
582 1982 690 2035 autem
714 1970 745 2033 in
769 1969 955 2048 verborum,
971 1995 1028 2044 seu
1042 1994 1158 2037 vocum

92 2072 180 2117 nexu
203 2053 362 2127 consistit,
377 2074 479 2137 eaque
494 2053 627 2140 propria
643 2052 783 2119 bominis
798 2061 856 2126 est;
874 2076 960 2130 nam,
976 2058 1004 2120 si
1019 2054 1160 2131 belluae,

94 2145 131 2199 ut
152 2154 178 2196 s.
202 2134 339 2197 Thomas
367 2138 542 2213 advertit⁸,
569 2132 724 2220 qucrsdam
754 2154 849 2197 sonos
877 2135 1038 2203 imitantes
1066 2159 1161 2203 voces

94 2215 214 2291 edunt,
238 2215 359 2299 quibus
387 2218 574 2281 affectiones
595 2237 671 2281 suas
693 2214 855 2299 produnt,
884 2229 969 2283 certe
997 2220 1161 2287 locutione

94 2298 144 2364 uti
167 2318 231 2361 nou
254 2307 399 2379 possunt,
417 2301 494 2383 quia
520 2300 631 2384 plures
646 2318 739 2361 voces
756 2298 798 2362 ita
815 2299 900 2363 inter
913 2320 946 2365 se
960 2313 1163 2377 connectere,

96 2390 133 2447 ut
155 2380 256 2444 animi
280 2401 373 2444 sensa
396 2380 547 2460 pendant,
564 2382 633 2445 sine
650 2378 815 2444 intellectu
832 2379 916 2446 baud
929 2385 1087 2480 possibile
1102 2397 1161 2451 est.

135 2461 185 2529 73.
211 2460 356 2546 Denique
378 2464 537 2547 scriptura
559 2463 771 2528 constituitur
791 2480 831 2524 ex
854 2464 954 2548 signis
974 2488 1164 2551 permanen-

96 2546 196 2619 tibus,
219 2543 339 2628 quibus
360 2543 456 2610 bomo
478 2546 564 2620 aliis,
587 2545 643 2630 qui
668 2542 708 2608 ab
729 2564 768 2607 eo
789 2541 909 2611 distant
931 2560 1089 2634 ternpore,
1113 2552 1164 2615 vel

96 2628 179 2703 loco,
202 2627 429 2711 conceptiones
451 2649 525 2694 suas
549 2624 744 2692 manifestat.
762 2626 928 2709 Scriptura
943 2642 1067 2709 autem,
1081 2655 1164 2731 quae

96 2708 214 2774 ceteris
237 2719 388 2794 praestat,
410 2725 458 2777 est
479 2732 531 2784 ea,
553 2729 638 2793 quae
660 2708 779 2775 dicitnr
793 2708 994 2805 alphabetico,
1010 2714 1076 2781 sive
1094 2715 1162 2790 rlla,

96 2812 181 2876 quae
205 2812 262 2876 per
284 2789 409 2855 litteras
423 2791 585 2879 alphabeti
601 2791 689 2855 varie
703 2789 876 2876 dispositas
892 2796 1078 2864 manifestat
1091 2820 1167 2863 con·

97 2873 263 2959 captiones
285 2874 403 2937 mentis
415 2876 439 2936 ⁸.

511 3010 828 3024 Ἥ

134 3056 143 3093 i
164 3058 194 3105 ln
214 3056 259 3104 lib.
281 3057 296 3105 l
313 3057 427 3111 Poscor„
448 3056 510 3103 leel.
534 3054 578 3106 ΙΙΙ.

133 3122 200 3179 ²et
215 3140 239 3176 a.
261 3124 340 3177 basil.
361 3128 442 3177 Ham.
463 3129 489 3177 ln
512 3128 588 3179 illud:
611 3149 623 3173 ι
645 3128 825 3184 attentarint
846 3135 894 3198 ipsi
917 3156 929 3179 ·
950 3140 1018 3193 ato..
1038 3154 1064 3190 n.
1089 3140 1114 3189 l.

134 3200 146 3235 ³
166 3202 197 3250 ln
216 3201 259 3250 lib.
281 3202 295 3247 l
313 3200 405 3257 eolre,
425 3199 489 3249 lect.
513 3198 533 3249 Ι.

134 3270 146 3308 ⁶
166 3268 238 3323 Haeo
258 3272 360 3330 species
378 3272 526 3333 scripturae
544 3272 642 3323 dieitur
660 3276 741 3326 etiam
759 3280 905 3340 planetico,
918 3283 981 3344 qula
995 3283 1104 3334 denotat
1124 3298 1171 3335 ro-

99 3357 154 3402 ees,
174 3357 228 3403 τας
245 3356 348 3413 paras,
369 3357 421 3394 non
439 3346 522 3403 ideas,
541 3359 611 3409 quac
631 3360 645 3395 a
667 3348 773 3398 necibus
792 3358 1035 3413 repraesentantur.
1051 3352 1118 3407 ilinc
1130 3358 1171 3407 111-

100 3417 242 3478 stinguttur
261 3430 275 3465 a
295 3418 427 3480 scriptura
447 3419 639 3481 tdeopropltiaa,
660 3434 712 3482 qua
732 3422 912 3484 significantur
931 3428 1016 3484 ideae,
1037 3440 1087 3479 non
1107 3442 1171 3480 vero

100 3502 198 3546 rocas,
218 3502 286 3551 quae
305 3490 377 3540 ideae
398 3494 608 3552 repraesentent.
628 3489 700 3543 Haeo
720 3496 853 3555 scriptura
872 3498 1057 3563 ldeograplrlea
1084 3508 1172 3564 potest

102 3573 161 3609 esre
180 3563 222 3609 ret
239 3562 361 3625 Qucum,
382 3563 529 3613 cuiusmodi
548 3569 588 3613 est
607 3566 719 3627 pletura,
740 3568 781 3616 rel
800 3570 952 3633 symbolica,
966 3574 1114 3623 cuiusmodi
1130 3582 1172 3623 est

102 3632 159 3692 illa,
170 3645 222 3700 qua
236 3633 386 3685 innocentia
401 3647 449 3699 per
461 3635 625 3696 columbam,
638 3637 678 3689 rel
690 3637 812 3693 feracitas
825 3655 871 3706 par
885 3644 986 3708 spicam
996 3644 1172 3710 significatur.
