2475 3909
379 191 566 239 nuuotouta
592 189 780 237 nativitatis

372 323 554 389 CAPVT
591 319 814 387 Putttvttt

434 443 478 507 lie
500 443 558 507 liei
582 440 767 509 existentia

205 564 272 618 dan.
290 565 309 615 i.
326 595 357 603 -
376 565 530 631 inquiritur,
552 575 655 628 utrum,
677 581 760 617 necne
780 568 917 616 existentia
940 562 984 616 ttst

278 653 324 702 per
344 641 600 691 demonstrationem
620 656 635 691 a
656 640 729 691 nobis
749 645 924 703 cognoscetur

97 750 130 811 2.
154 746 254 810 Deum
278 743 419 810 dicimus
433 768 490 811 ens
505 746 650 811 absolute
667 744 898 820 necessarium,
915 741 1131 830 undequaque

54 827 268 915 perfectum,
302 826 343 890 ab
365 827 427 893 hoc
449 829 570 894 mundo
592 829 805 901 distinctum,
834 833 864 888 et
886 824 990 908 ipsius
1019 829 1130 892 mundi

54 932 187 976 causam
219 908 428 974 effectricem.
458 910 526 975 lam
559 921 733 995 aratequam
767 907 984 981 Ariasmene,
1017 929 1132 993 eorum

54 1013 176 1077 nempe
199 1001 349 1077 systema,
387 996 420 1057 ui
438 991 497 1058 Dei
514 994 723 1059 existentiam
744 992 941 1063 inficiantur,
963 990 1133 1074 perabsur-

57 1075 140 1139 dum
175 1095 243 1137 esse
276 1013 510 1152 ostendamus,
538 1077 623 1140 dnae
656 1096 765 1140 secum
796 1082 975 1158 pugnantes
1006 1076 1135 1157 opinio-

56 1178 119 1223 nes
141 1154 336 1221 reieiiendae
367 1156 459 1221 nobis
486 1168 673 1224 occurrunt.
698 1157 808 1221 Prima
840 1162 889 1217 est
913 1173 1053 1233 eorum,
1075 1158 1133 1241 qui

58 1239 129 1304 scia
151 1236 262 1302 divina
284 1238 492 1305 Revelatione
526 1240 733 1307 existentiam
758 1235 817 1301 liei
842 1258 859 1299 a
882 1234 976 1299 nobis
1005 1239 1133 1323 accipi,

57 1339 229 1402 nunquam
262 1342 340 1386 vero
374 1322 502 1387 ratione
527 1322 660 1421 probari
689 1340 780 1406 posse
804 1316 1040 1384 contendunt
1067 1322 1140 1385 atii

57 1422 141 1469 vero
164 1402 251 1465 sicut
273 1406 380 1486 prima
403 1404 579 1490 principia,
596 1408 641 1469 ita
657 1403 736 1467 hanc
757 1400 1028 1488 propositionem:
1053 1402 1135 1467 Deus

59 1483 171 1549 existit
186 1485 211 1559 ²,
235 1484 373 1549 rationis
395 1483 517 1551 iumine
542 1487 623 1552 adeo
646 1486 795 1570 cognosci
819 1490 941 1557 tenent,
964 1494 1000 1547 ut
1015 1484 1137 1550 nuiiius

61 1566 351 1631 demonstrationis
374 1564 520 1653 indigent
536 1572 558 1631 ⁸.

106 1649 136 1714 3.
160 1648 320 1731 Prop.1³.
344 1648 528 1715 Eoristentr'a
552 1652 610 1714 Dei
628 1657 727 1735 potest
750 1647 970 1731 operationis,
995 1648 1059 1711 sine
1080 1648 1139 1715 Re·

62 1730 227 1797 celationis
247 1730 456 1808 adminiculo,
479 1756 499 1796 o
520 1733 607 1795 nodis
630 1734 778 1815 coquosci.

109 1812 278 1879 Probatur.
303 1812 466 1897 Equidem
495 1817 676 1899 Sapientiae
699 1834 727 1877 c.
753 1813 802 1885 13,
825 1832 856 1874 v.
881 1809 912 1885 1,
933 1808 965 1884 5,
990 1811 1034 1878 ita
1056 1812 1137 1897 iegi-

64 1908 146 1961 tur:
172 1920 189 1956 «
213 1895 296 1957 Vani
319 1906 393 1959 sunt
415 1917 527 1961 omncs
549 1898 717 1971 homines,
741 1894 774 1957 in
798 1890 916 1976 quibus
946 1915 1007 1958 non
1030 1892 1141 1960 subest

64 1976 202 2041 scientia
224 1974 295 2039 Dei:
320 1986 352 2040 et
374 1976 413 2041 de
435 1980 495 2055 his,
519 2001 604 2064 quae
629 1978 779 2042 videntur
804 1976 908 2050 bona,
937 1995 998 2037 non
1030 1988 1141 2062 potue-

64 2071 144 2124 runt
168 2057 350 2142 inteiligcre
373 2061 479 2137 Eum,
503 2063 560 2145 qui
584 2072 648 2133 est,
674 2081 777 2143 neque
801 2056 955 2140 operibus
977 2058 1140 2124 attenden-

66 2154 119 2207 tes
138 2152 364 2224 agnoverunt,
397 2142 471 2224 quis
493 2156 576 2209 essct
598 2143 758 2207 artifex...
780 2190 786 2204 .
805 2143 831 2203 Α
861 2141 1085 2221 magnitudine
1109 2164 1142 2206 e-

67 2224 139 2288 nim
160 2221 281 2306 speciei
307 2234 339 2287 et
361 2234 539 2298 creaturae,
568 2223 838 2310 cognoscibiliter
868 2222 986 2307 poterit
1008 2224 1143 2290 Creator

457 2350 770 2367 ff

110 2429 116 2462 Ι
139 2426 245 2476 Praeter
264 2424 405 2474 nonnnttos
426 2429 528 2472 veteres
548 2425 627 2472 hrains
648 2427 794 2473 sententiae
815 2426 943 2483 tantoret,
964 2432 1056 2477 contra
1077 2443 1144 2491 quos

71 2500 215 2560 disputarit
238 2513 260 2546 s.
282 2493 397 2546 Thomas
420 2494 528 2557 (contr.
550 2498 636 2553 tieret..
661 2495 707 2544 iib.
728 2494 759 2551 1.
781 2512 806 2545 o.
832 2494 905 2563 id),
926 2500 969 2547 atii
991 2498 1098 2550 irrernnt
1118 2504 1143 2551 in

73 2569 174 2624 Linaeo
194 2570 331 2626 Patavinae,
351 2568 490 2631 quidese
510 2565 660 2623 Zairaretta.
675 2581 731 2618 sese
751 2569 782 2617 de
802 2566 847 2619 Dei
868 2570 1005 2619 existentia
1027 2586 1078 2621 non
1098 2588 1144 2623 na-

74 2644 156 2695 turali
177 2644 288 2697 ratione,
303 2642 347 2689 sed
363 2642 418 2689 sota
438 2641 557 2689 eiusdem
573 2639 618 2687 liei
633 2654 745 2701 superna
762 2642 923 2691 renotatione
936 2643 1072 2693 convictor
1086 2658 1144 2695 assa

72 2715 270 2782 profiterentur.
292 2708 464 2774 Compertum
484 2718 574 2760 autem
595 2716 634 2760 est
653 2712 820 2762 existentiam
840 2710 899 2772 Dei,
919 2714 1065 2767 secundum
1081 2713 1145 2768 Tra-

72 2787 261 2841 dittonattstaa,
277 2785 456 2839 revetationis,
476 2796 523 2832 seu
543 2783 650 2831 sociatis
671 2784 820 2833 traditionis
839 2785 955 2834 subsidio
975 2802 988 2835 a
1011 2788 1084 2838 nobis
1100 2804 1146 2839 co-

73 2860 178 2924 gnosci,
193 2862 273 2920 atque
294 2858 423 2905 rationem
444 2857 485 2904 rei
504 2857 614 2904 omnino
627 2854 659 2905 ad
674 2868 731 2903 eam
747 2857 919 2920 detegendam
934 2859 1063 2921 imparem
1076 2874 1145 2919 esee,

73 2932 243 2986 valseium,
264 2931 399 2989 supposita
420 2922 609 2983 Rereiationa,
637 2940 711 2987 posse
737 2927 970 2979 demonstrationis
996 2942 1047 2989 ope
1072 2933 1146 2982 iliam

74 3004 225 3054 deciarare.
246 2996 282 3051 ct
292 3000 417 3063 ideoiop„
437 3014 462 3049 e.
484 2996 518 3056 ii,
539 3013 565 3047 a.
586 2998 614 3056 3,
636 3012 664 3060 p.
685 2998 748 3057 ito,
769 3014 827 3063 sqq,
849 3005 876 3050 ct
895 3000 1037 3061 criterioi„
1057 3018 1083 3053 c.
1101 3000 1146 3061 ix.

77 3092 104 3126 a.
125 3078 153 3132 4,
174 3089 201 3135 p.
221 3073 275 3122 283
295 3086 353 3134 sqq.
374 3072 427 3122 roi.
449 3068 469 3119 Ι.

112 3146 125 3183 ²
144 3144 240 3198 Stricta
260 3144 384 3206 loquendi
402 3144 505 3193 ratione
525 3140 670 3205 propositio
690 3143 778 3202 aptius
791 3145 953 3195 enuntiatur
967 3146 1063 3204 tertis,
1078 3150 1149 3199 Dana

75 3227 123 3271 aet.
147 3215 216 3267 Nam
240 3218 359 3272 existere,
380 3215 527 3266 seeundum
550 3213 777 3276 ethymologiam,
804 3217 994 3265 derivationem
1015 3219 1040 3267 in
1060 3234 1148 3270 aaran

76 3304 159 3341 eausa
178 3288 324 3351 tiqraidcats
344 3291 448 3337 constat
467 3287 538 3335 euim
559 3286 667 3335 vocibus
688 3302 721 3337 en
739 3293 766 3336 et
785 3292 885 3345 statere,
907 3288 932 3337 id
952 3290 1021 3350 qnod
1041 3291 1074 3341 ds
1093 3289 1149 3342 Deo

78 3361 224 3414 absurdum
242 3364 284 3409 est
302 3360 402 3417 dicere,
416 3372 478 3408 oum
498 3358 542 3416 sit,
563 3359 600 3406 nti
621 3371 682 3406 mox
701 3360 884 3417 ostendemus,
899 3362 984 3423 iprum
1003 3375 1057 3411 arsa
1075 3376 1092 3413 n
1110 3378 1150 3414 aa.

114 3434 126 3471 ³
145 3431 183 3483 iia
202 3428 356 3494 Ontoiogis‚
376 3430 524 3481 seeundum
543 3442 609 3493 quos
629 3427 699 3478 Deus
718 3445 770 3481 non
791 3432 868 3483 modo
889 3432 945 3481 sins
964 3433 1018 3481 uita
1039 3435 1151 3485 demon-

78 3506 207 3556 stratione
226 3504 404 3566 cognoscitur,
418 3504 463 3551 sad
482 3503 564 3552 etiarn
584 3501 689 3551 assidue
710 3504 807 3552 mentis
826 3508 932 3555 nostrae
952 3504 1084 3557 intuitioni
1104 3508 1151 3557 ob-

80 3582 213 3633 versatur,
232 3580 313 3637 atqne
333 3575 393 3623 ideo
412 3588 457 3635 per
477 3576 593 3635 seipsum
607 3572 760 3623 immediate
775 3589 787 3622 a
804 3578 878 3627 nohis
891 3579 1070 3639 cognoscitur,
1085 3582 1150 3632 satis

80 3662 212 3713 superque
233 3648 347 3699 diximus
366 3648 392 3697 io
413 3648 554 3711 intentante,
575 3660 602 3697 c.
624 3642 645 3707 t,
667 3660 692 3696 a.
715 3647 741 3709 s,
762 3662 790 3711 p.
811 3648 863 3701 203
884 3662 942 3715 sqq,
964 3650 1016 3702 roi.
1039 3650 1060 3705 l.
