2475 3909
392 192 578 241 runocoom
603 191 788 237 narrantis
1024 167 1085 235 atti

97 275 168 342 iffi.
177 276 279 340 Porro
290 279 510 362 cognitionem
522 275 782 360 contingentium
796 295 868 339 cum
876 270 1128 339 DivinaeScien·

51 359 123 424 tiae
139 358 344 435 certitudine,
357 371 389 424 et
405 358 639 424 infallibilitate
656 356 829 422 subsistere
842 374 935 439 posse
948 375 988 419 ex
1001 375 1039 419 eo
1052 373 1125 440 pro·

50 440 167 517 batur,
189 440 276 525 quod
299 440 368 506 Deo
390 440 500 506 lutura
523 441 633 506 omnia
658 451 733 504 sunt
757 439 798 503 ab
823 449 953 503 aeterno
976 457 1126 521 praesen-

50 524 115 587 tia.
140 547 157 583 o
172 522 255 599 Quis
282 523 465 598 bominum,
491 521 634 608 perbelle
663 523 708 586 ait
735 542 759 584 s.
784 520 993 604 Augustinus,
1017 527 1125 614 potest

52 609 155 669 istam
184 625 298 689 capere
325 605 532 688 sapientiam,
552 626 617 688 qua
647 605 736 667 norit
758 601 843 666 Deus
870 603 992 678 omnia,
1016 613 1058 665 itu
1091 609 1126 662 ιιι

54 707 119 750 nec
140 707 189 762 ea,
204 707 288 770 quae
303 683 458 750 dicuntur
479 686 666 771 praeterita,
683 685 728 748 ibi
754 695 967 769 praetereant,
991 703 1048 746 nec
1072 699 1127 752 ea,

51 789 142 854 quac
168 769 321 832 dicuutur
348 766 472 843 lutura,
497 769 588 853 quasi
617 767 737 840 desint,
760 777 983 850 expectentur,
1006 775 1042 828 ut
1073 782 1127 824 re·

55 851 167 925 uiaut;
190 848 245 913 sed
271 861 302 914 et
325 851 509 934 praeterita,
531 863 563 915 et
586 847 696 915 lutura
718 869 791 912 curn
816 845 1037 933 praesentibus
1058 847 1124 908 sint

52 943 173 997 cuncta
195 932 428 1018 praesentiat*
444 957 460 994 n
485 934 567 997 llinc
589 929 677 995 Deus
705 930 827 1006 lutura,
848 943 880 996 et
907 924 1126 1011 contingentia

53 1035 161 1100 aeque
182 1026 283 1091 certo,
307 1013 433 1090 acilia,
455 1035 539 1100 quae
560 1025 636 1078 actu
656 1012 809 1088 existunt,
831 1011 1032 1098 cognoscite

417 1188 761 1208 w

55 1310 214 1365 admittunt,
235 1319 316 1370 quam
334 1308 447 1356 madium
466 1307 593 1366 vocitant,
613 1319 674 1357 eam
693 1306 806 1365 scilicet,
828 1320 976 1371 perquam
996 1303 1064 1356 Deus
1084 1305 1128 1357 ιιι·

56 1392 122 1434 tura
140 1379 224 1429 libera
242 1382 399 1441 cognoscit,
420 1391 489 1443 quae
508 1379 541 1427 ab
560 1381 648 1443 aliqua
675 1379 825 1429 conditione
845 1380 970 1442 pendent.
999 1375 1126 1436 scientia,

56 1455 194 1519 inquiunt,
213 1465 247 1501 ex
265 1452 369 1500 obiecto
387 1451 593 1509 discriminatur;
615 1451 706 1501 lutura
725 1455 815 1502 aulem
836 1451 936 1508 libera,
957 1465 1025 1515 quae
1045 1451 1127 1501 alicui

57 1525 205 1578 conditioni
225 1525 380 1587 illigantur,
405 1537 489 1587 neque
509 1530 571 1573 sunt
589 1525 725 1574 obiectum
745 1523 872 1574 scientiae
891 1525 1015 1588 simplicis
1033 1525 1130 1574 intelll-

55 1602 180 1666 9entice,
201 1610 270 1660 quac
288 1599 361 1646 circa
381 1610 454 1646 mere
474 1597 626 1659 possibilia,
647 1601 673 1646 cl
694 1610 829 1660 nunquam
856 1599 968 1646 extitura
994 1601 1127 1650 versaturs

57 1684 148 1735 neque
167 1670 294 1719 scientiae
314 1672 437 1727 cisionis,
458 1683 526 1731 qnae
546 1683 587 1718 res
607 1671 675 1720 citra
697 1669 779 1718 ullam
799 1671 975 1735 conditionem
1000 1671 1129 1719 extituras

55 1743 178 1805 attingit.
199 1737 272 1794 Unde
291 1742 453 1792 concludunt
472 1741 561 1792 lutura
582 1742 626 1791 illa
647 1742 825 1792 conditionata
840 1745 970 1806 pertinere
990 1743 1021 1791 ad
1041 1744 1129 1791 seien-

57 1819 128 1866 tiam
147 1815 284 1877 aliquam,
311 1827 379 1877 quae
407 1813 520 1863 mediam
541 1816 621 1864 reluti
642 1814 730 1864 sedem
756 1820 870 1876 occupet
896 1815 964 1863 iuter
989 1815 1127 1864 seientiam

57 1889 185 1952 simplicis
205 1887 395 1948 intelligentiae,
416 1891 442 1934 et
461 1888 600 1936 scientiam
616 1889 733 1937 cisionis.
756 1884 808 1935 dlii
828 1901 891 1936 reru
910 1888 937 1936 iu
957 1885 1024 1938 hauc
1044 1889 1130 1936 scieu-

58 1965 146 2012 tiam.
168 1964 303 2021 tamquam
324 1959 461 2015 inutilem,
482 1959 653 2009 invehuntur.
674 1955 738 2008 Nam
759 1958 893 2018 conditio,
914 1971 945 2008 ex
965 1973 1017 2022 qua
1036 1959 1127 2009 lutura

58 2032 248 2086 conditionalia
263 2031 389 2093 pendent,
403 2031 444 2079 rel
458 2033 577 2092 ponenda
596 2037 647 2088 est,
667 2034 709 2080 rel
729 2045 791 2080 non.
806 2027 832 2082 st
854 2033 979 2094 primum,
996 2033 1050 2094 ipsa
1066 2043 1128 2080 rere

58 2113 125 2158 sunt
145 2106 245 2161 lutura,
265 2109 292 2152 et
313 2103 370 2152 ideo
389 2105 522 2166 pertinent
536 2105 567 2154 ad
582 2105 720 2154 scientiam
740 2106 858 2153 ebionis.
879 2101 906 2154 Si
924 2105 1049 2159 alterum,
1064 2109 1129 2152 tunc

60 2190 211 2241 numquam
229 2178 351 2234 existent,
371 2181 399 2224 et
418 2189 489 2225 mere
509 2177 642 2239 possibilia
663 2181 735 2236 sunl,
754 2177 916 2240 proindeque
936 2177 968 2226 ad
988 2177 1130 2227 scientiam

60 2252 190 2314 stmpttctr
207 2250 388 2320 intelligentiae
406 2247 569 2299 referuntur.
589 2247 678 2312 Ergo,
699 2249 880 2309 concludunt,
904 2261 1010 2312 prorsus
1030 2247 1129 2298 inutilis

60 2329 106 2374 est
124 2321 244 2377 scientia,
265 2334 333 2384 quae
352 2319 450 2372 dicitur
467 2323 562 2372 medio.

103 2398 110 2430 ι
134 2398 171 2444 Da
191 2395 273 2447 Tria..
295 2393 340 2441 lib.
362 2389 425 2450 ttv,
446 2408 471 2443 c.
495 2395 532 2450 7,
554 2409 579 2442 n.
603 2391 646 2442 13.
668 2389 735 2442 Hinc
754 2407 776 2443 s.
800 2389 955 2443 dunelmus:
977 2391 1129 2442 Praescien-

62 2471 103 2518 tia
124 2464 170 2516 liei
190 2477 240 2514 uon
261 2466 364 2528 proprie
383 2466 482 2517 dicitur
502 2466 695 2528 praemiacum
716 2466 759 2515 eui
779 2467 851 2514 enim
869 2468 959 2515 omnia
979 2471 1040 2516 aunt
1061 2479 1131 2514 sorn-

61 2555 113 2605 per
132 2539 292 2602 praeseutia,
314 2551 366 2587 uon
387 2538 466 2587 babet
485 2537 636 2588 futurorum
657 2537 870 2600 praescientiam,
886 2537 930 2587 sed
949 2539 1130 2602 praesentium

60 2613 205 2664 scientiam
227 2627 257 2668 ις
280 2612 402 2674 Diolopn'r
420 2613 451 2660 de
469 2626 531 2661 coru
549 2611 656 2667 άιαιοιι,
677 2623 703 2658 c.
723 2609 769 2659 at.

100 2681 166 2735 ²ild
185 2683 264 2732 buius
278 2684 315 2733 rai
329 2684 484 2745 penitiorem
504 2683 705 2746 intelligentiam
719 2685 836 2745 praestet
846 2679 1005 2746 Aquinatem
1025 2683 1129 2732 audiri:

65 2779 78 2802 ι
102 2752 262 2819 contingens
281 2757 387 2818 aliquod
406 2757 548 2818 dupliciter
566 2759 653 2818 potest
672 2754 841 2805 considerari.
862 2753 919 2807 Uno
939 2755 1016 2806 modo
1036 2756 1061 2804 in
1080 2754 1132 2804 sel-

64 2845 138 2894 pso,
158 2829 304 2880 secundum
323 2829 393 2891 quod
414 2830 466 2877 iem
486 2830 512 2877 in
531 2834 595 2877 actu
613 2834 654 2878 est
665 2847 673 2887 t
693 2830 777 2878 etsie
803 2840 856 2877 non
877 2827 1081 2886 consideratur,
1101 2831 1132 2876 ut

62 2904 208 2960 futurum,
228 2902 273 2950 sed
294 2906 323 2950 cl
342 2914 485 2962 praesens,
507 2914 593 2964 neque
613 2901 693 2950 ulad
714 2900 871 2951 utrumlibet
889 2901 1064 2964 contingens,
1084 2897 1131 2948 sed

65 2981 97 3026 ιιι
117 2975 322 3024 determinatum
341 2973 373 3021 ad
394 2987 487 3032 unnm;
501 2981 529 3024 et
541 2978 650 3036 propter
667 2972 719 3022 boc
737 2975 776 3024 alc
796 2970 971 3024 lniallibillter
984 2971 1058 3022 subdi
1074 2976 1132 3034 pot-

63 3054 107 3098 est
126 3051 214 3098 certae
233 3046 395 3109 cognitioni,
417 3049 508 3108 utpote
527 3047 616 3095 sensui
636 3047 725 3105 risus,
755 3047 825 3096 sicut
849 3059 912 3095 cum
932 3045 1007 3097 rideo
1028 3041 1132 3094 Sortem

63 3122 170 3171 sedere.
190 3117 249 3170 Alio
269 3119 346 3167 modo
366 3123 452 3179 potest
470 3120 633 3168 considerari
652 3120 825 3184 contingens,
846 3122 875 3167 ut
894 3123 934 3168 est
955 3119 980 3168 in
999 3131 1046 3167 sua
1067 3130 1132 3166 cau-

64 3208 107 3244 sa.
124 3190 158 3243 lit
177 3194 214 3241 sic
234 3192 427 3248 consideratur,
442 3196 472 3240 ut
490 3191 623 3246 futurum.
637 3197 664 3242 ct
683 3197 713 3240 ut
732 3195 886 3253 contingens
907 3191 1022 3240 nondum
1042 3189 1132 3239 deter-

66 3269 198 3316 minatum
217 3265 250 3314 ad
270 3276 371 3322 unum,
392 3265 455 3327 quia
475 3279 556 3316 causa
574 3267 728 3326 contingens
747 3278 774 3315 se
795 3263 874 3314 habet
891 3263 924 3312 ad
944 3262 1082 3326 oppositas
1102 3265 1130 3312 el

65 3341 106 3390 sic
126 3339 278 3400 contingens
297 3349 349 3386 non
368 3337 489 3387 subditur
507 3351 555 3400 per
573 3337 760 3388 certitudinem
779 3337 859 3386 alicui
879 3337 1032 3400 cognitioni.
1059 3331 1131 3386 Unde

64 3413 231 3477 quicumque
249 3411 384 3473 cognoscit
397 3408 521 3460 ellectum
541 3411 736 3471 contingentem
751 3415 775 3458 tn
790 3423 870 3458 cauea
883 3421 929 3458 sua
951 3413 1064 3466 tantum,
1078 3419 1132 3456 non

67 3486 151 3536 babet
169 3485 201 3533 de
220 3495 269 3539 eo,
291 3484 339 3533 nisi
359 3483 567 3533 coniecturalem
586 3483 774 3544 cognitionem.
795 3479 866 3531 Deus
885 3486 974 3532 autem
994 3482 1132 3544 cognoscit

65 3559 156 3608 omnia
177 3557 371 3619 contingentia,
392 3569 445 3606 uon
464 3557 550 3605 solum
570 3562 648 3616 prout
668 3558 729 3604 sunt
749 3557 774 3604 in
793 3555 847 3605 suis
866 3557 964 3613 causis,
985 3555 1029 3604 scd
1049 3554 1131 3603 etiarn

68 3635 148 3694 prout
167 3628 374 3692 unumquodque
393 3642 486 3679 eornm
506 3633 546 3678 est
564 3633 627 3677 actu
646 3629 672 3677 in
694 3629 790 3692 seipso.
811 3623 846 3678 Et
865 3629 927 3678 licet
951 3628 1130 3690 contingentia

67 3705 131 3757 liant
153 3706 177 3751 tn
197 3707 257 3752 actu
278 3703 448 3759 sircccssire,
470 3714 521 3751 non
543 3707 631 3750 tamen
653 3700 720 3752 Deus
740 3703 889 3753 successlre
908 3703 1043 3764 cognoscit
1069 3711 1133 3748 criu-
