2475 3909
160 158 222 225 228
529 180 800 228 ,suranorosooss

120 259 343 354 simpliciani
367 261 492 324 modum
515 261 730 346 simplicitatis
748 265 871 349 puncti,
887 281 960 326 cum
984 257 1122 326 habeant
1143 259 1193 322 cle·

118 353 320 406 terminatam
344 345 437 407 situm
459 345 495 407 ia
516 351 683 421 continuo,
707 367 769 411 nou
792 356 926 445 possunt
951 364 1013 407 csse
1037 341 1138 407 simul
1159 349 1192 404 in

118 423 255 489 dis-ersis
271 426 418 510 partibas
438 427 601 490 continui:
624 449 641 491 e
664 439 849 504 contrario,
873 425 1084 499 substantiae,
1107 445 1190 509 quae

120 517 196 572 sunt
220 508 402 593 simplices,
428 520 586 593 quatenus
611 521 704 577 extra
731 531 832 596 genus
857 508 1047 594 quantitatis
1073 510 1192 571 consti·

122 599 268 666 tuantur,
292 611 355 654 non
377 601 454 656 sunt
473 593 505 656 iu
521 592 591 656 loco
613 614 671 679 per
691 605 872 659 contactum
897 591 1030 676 proprie
1050 589 1189 662 dictum,

120 671 243 758 quippo
264 673 341 757 quia
363 673 423 738 hoc
444 693 544 759 genus
565 685 670 743 tactus
692 676 817 740 nonnisi
842 693 1016 759 corporum
1031 683 1079 737 est
1096 673 1122 748 ¹,
1139 671 1190 735 sel

121 772 182 837 per
202 763 396 832 contactum,
418 776 514 841 quem
538 769 654 824 vocant
668 757 796 821 cirtotis
811 759 834 822 ².
853 757 921 820 lloc
945 754 1062 852 posito,
1088 765 1191 821 tactus

121 838 252 901 virtutis
284 836 325 901 ab
356 858 446 915 uno,
471 840 520 903 vel
545 839 694 924 pluribus
725 839 806 904 locis
834 859 896 903 non
923 837 1189 912 discriminatur,

120 928 219 1002 prout
234 919 313 986 haec
334 922 545 1004 quantitative
566 921 735 997 differunt,
749 922 804 986 sed
827 921 867 986 ab
892 922 961 1006 ipsa
978 921 1113 996 virtute,
1130 940 1194 1004 qua

120 1000 319 1068 substantiae
341 1001 505 1087 simplices
526 1003 560 1066 in
581 1027 638 1069 cor
662 1026 717 1069 ora
740 1015 854 1089 agunt,
878 1002 912 1067 lit
935 1015 971 1068 ut
991 1002 1082 1086 ipsae
1108 1004 1142 1067 iu
1159 1025 1194 1068 u·

122 1104 177 1158 no,
201 1085 250 1148 vel
274 1082 426 1169 pluribus
449 1085 528 1149 locis
550 1027 732 1153 simulsint
747 1088 770 1163 ⁸,
793 1083 968 1150 dummodo
991 1104 1106 1148 earum
1129 1087 1194 1150 vir·

123 1176 174 1230 tus
200 1165 239 1228 ad
268 1167 346 1231 haec
374 1170 572 1254 porrigatur.
596 1169 718 1255 Atqui,
741 1189 815 1233 cum
843 1167 949 1232 anima
976 1168 1018 1231 sit
1039 1167 1193 1254 simplex.

124 1258 238 1326 tactas,
261 1269 326 1334 quo
348 1269 385 1312 ea
399 1269 473 1314 cum
496 1271 632 1337 corporo
653 1252 875 1335 coniungitur,
898 1260 944 1314 est
966 1257 1071 1313 tactus
1094 1250 1195 1312 aino·

124 1331 178 1393 tis.
202 1331 290 1414 Ergo
312 1353 353 1396 ex
374 1331 584 1419 simplicitate
605 1337 732 1400 animae
754 1332 960 1418 explicatur,
983 1331 1149 1416 quomodo
1172 1335 1195 1396 i·

125 1433 179 1496 psa
196 1414 229 1476 in
268 1413 396 1479 iuribus
410 1415 559 1500 partibus
580 1419 729 1504 corporis
752 1426 817 1482 tota
840 1413 934 1480 simul
958 1435 1028 1478 esse
1052 1415 1154 1497 possit
1169 1417 1191 1472 ⁶.

163 1496 214 1560 92.
262 1518 282 1559 ι
296 1497 359 1572 his,
374 1518 457 1581 quae
472 1498 775 1576 demonstravimus,
792 1496 885 1583 plane
900 1497 1115 1581 consequitur
1127 1497 1195 1560 ani·

125 1599 211 1639 mam
235 1599 297 1641 non
319 1599 388 1643 esse
411 1589 509 1646 totam
533 1583 565 1646 in
589 1593 657 1649 toto
680 1601 815 1666 corpore
842 1579 1009 1644 sectandam
1039 1579 1193 1664 quorstitu-

125 1669 196 1733 trm,
220 1659 272 1723 sed
296 1661 460 1725 secandam
480 1668 624 1729 essentiae
668 1663 868 1747 erscctioocm.
885 1663 967 1727 Sane
991 1658 1133 1726 totalitas
1149 1683 1193 1724 se

124 1741 267 1806 essndum
289 1745 499 1828 quantitatem
528 1749 656 1812 nonnisi
683 1745 875 1833 quibusdam
899 1743 1013 1807 lormis
1037 1742 1193 1828 imperie-

124 1825 198 1899 rtis,
214 1834 309 1910 atque
325 1828 459 1911 insuper
471 1828 522 1893 his
535 1831 663 1895 nonnisi
700 1849 732 1892 cr
747 1828 900 1902 occidens,
914 1826 1038 1891 ratione
1055 1827 1190 1891 extensi.

125 1907 212 1991 quod
236 1906 426 1987 informant,
442 1914 592 1978 convenit
608 1916 632 1991 ε;
651 1915 659 1976 i
698 1911 783 1998 quod
800 1909 839 1976 de
856 1911 976 1984 anima,
991 1927 1076 1992 quae
1093 1929 1193 1971 acor-

164 2127 170 2155 ¹
195 2147 205 2168 ·
228 2122 294 2174 Sunt
312 2127 383 2174 euim
402 2126 557 2186 tarsgoutia,
583 2137 698 2186 quorum
719 2125 810 2172 ultima
830 2129 892 2171 sunt
911 2123 1011 2180 simul,
1035 2131 1061 2173 et
1084 2133 1189 2187 puncta,

126 2200 167 2245 sel
189 2198 286 2255 lineae,
300 2203 347 2246 aut
359 2196 520 2260 superficies,
536 2209 605 2259 quae
618 2202 680 2245 sunt
693 2209 835 2258 corporum
850 2197 942 2244 ultima
961 2216 985 2255 ις
1002 2198 1092 2246 Contr.
1108 2199 1189 2254 Gaul,

125 2269 173 2317 lib.
195 2267 227 2328 ll,
248 2284 274 2319 c.
295 2269 340 2320 56.

162 2342 174 2376 ²
196 2341 311 2406 ·tguns
329 2343 400 2391 enim
419 2340 581 2390 substantiae
601 2339 794 2390 intellectuales
808 2340 833 2389 iu
847 2353 968 2404 corpora,
982 2345 1009 2389 et
1023 2349 1132 2391 morant
1151 2355 1190 2400 ea,

126 2428 188 2464 cum
208 2415 260 2464 sint
278 2415 478 2471 immateriales,
498 2417 526 2462 et
545 2415 628 2476 magis
648 2415 673 2461 in
693 2417 754 2462 actu
774 2413 924 2472 existentes,
939 2411 982 2461 hic
996 2419 1089 2463 autem
1110 2421 1192 2465 tactas

127 2500 180 2537 aon
199 2495 240 2538 est
258 2486 423 2551 quantitatis,
443 2485 488 2537 sed
508 2487 612 2536 virtutis
635 2504 659 2542 ις
679 2487 740 2534 ibid.
761 2479 796 2535 Cl
812 2499 839 2547 p.
859 2483 924 2542 tao,
944 2491 999 2534 aot.
1021 2485 1049 2534 3.

163 2561 175 2596 ³
197 2581 207 2604 ι
231 2559 382 2611 Quadam
401 2559 472 2623 qood
490 2561 576 2609 virtus
594 2572 641 2607 sua
662 2569 690 2608 se
709 2563 795 2620 potest
814 2558 955 2608 extendere
974 2558 1007 2607 sd
1027 2573 1134 2618 unum,
1155 2561 1195 2608 sel

127 2634 224 2692 motta,
244 2634 278 2682 ad
297 2646 419 2695 parsum,
434 2632 475 2682 sel
493 2645 631 2693 magnum,
651 2631 796 2680 sectandum
817 2629 868 2680 lroc
886 2636 926 2680 cst
944 2633 970 2679 in
990 2644 1053 2686 uuo,
1075 2637 1119 2683 ret
1140 2635 1195 2696 pin-

128 2706 202 2755 ribus
222 2708 308 2764 locis,
327 2711 355 2755 et
375 2707 402 2754 iu
421 2706 479 2755 loco
499 2717 599 2766 parvo,
621 2705 660 2752 vet
681 2715 775 2768 magno
798 2721 822 2760 a,
844 2698 864 2758 l,
885 2719 912 2766 q.
933 2699 1008 2762 Vlll,
1028 2717 1056 2754 a.
1077 2705 1094 2755 l
1115 2707 1149 2755 asi
1169 2705 1194 2756 ὲ.

165 2777 175 2812 ⁶
195 2777 313 2828 Praestat
331 2777 423 2828 audire
442 2793 465 2826 s.
482 2773 623 2828 Thomam:
641 2795 651 2820 ι
669 2772 829 2838 Simplicitas
847 2779 963 2834 aniruau,
982 2781 1009 2824 et
1028 2773 1125 2842 Angeli
1145 2794 1198 2828 uon

128 2857 168 2900 est
187 2851 360 2901 existimanda
381 2851 413 2899 ad
434 2850 542 2899 modum
561 2849 740 2910 simplicitatis
760 2849 862 2910 portati,
881 2849 951 2911 quod
971 2847 1052 2898 habet
1069 2851 1199 2901 determi-

127 2929 221 2974 natum
240 2925 321 2973 situm
340 2924 367 2972 in
385 2924 521 2981 continuo,
540 2926 568 2972 et
587 2921 645 2970 ideo
663 2921 734 2984 quod
753 2922 864 2985 simplex
882 2927 940 2980 est,
961 2934 1012 2970 uon
1033 2927 1122 2983 potest
1140 2935 1199 2973 esse

128 2995 209 3047 simul
228 2996 255 3046 io
273 2995 383 3045 diversis
407 2995 525 3058 partibus
547 2994 676 3044 continui,
702 2991 753 3044 Sed
778 2989 894 3058 Angelus
912 2999 940 3043 et
959 2994 1045 3044 anima
1070 2995 1200 3046 dicuntur

130 3069 260 3132 simplicia
280 3083 327 3132 per
346 3067 407 3127 hoo,
428 3068 498 3130 quoti
517 3067 625 3117 omnino
644 3071 737 3116 carent
754 3068 914 3130 quantitate,
927 3069 955 3114 et
974 3067 1032 3116 ideo
1046 3081 1099 3118 nou
1113 3069 1200 3131 appii-

128 3149 225 3193 rantur
244 3143 276 3191 ad
296 3140 463 3197 continuom,
482 3141 533 3190 nisi
552 3151 600 3202 per
618 3143 773 3190 contactum
792 3140 908 3196 virtutiss
922 3139 992 3189 unde
1011 3144 1099 3190 totum
1119 3142 1198 3196 illud,

127 3215 199 3279 qood
216 3214 316 3265 virtuts
335 3208 428 3277 rugen
447 3213 619 3276 contingitur,
640 3213 781 3274 respondet
793 3211 905 3275 Augaia,
919 3213 965 3276 qni
984 3225 1036 3262 non
1056 3216 1150 3264 unitur
1171 3221 1201 3262 nt

128 3288 227 3346 torma,
247 3293 277 3336 ut
297 3289 371 3336 locus
388 3299 469 3344 unns3
487 3290 516 3334 et
533 3287 650 3342 animae,
670 3298 739 3346 quae
759 3287 850 3335 unitur
868 3289 898 3333 ut
917 3285 1012 3342 torma,
1027 3290 1057 3336 ut
1070 3287 1198 3348 perlecti·

129 3359 185 3406 hile
203 3372 297 3417 nnum;
316 3358 432 3408 etaient
451 3355 567 3418 Angelus
585 3362 626 3404 est
646 3359 671 3405 in
690 3357 808 3419 qnalibet
827 3362 902 3420 parte
921 3359 962 3408 sul
981 3357 1034 3408 loci
1053 3364 1140 3418 totus,
1162 3363 1196 3410 ita

130 3434 159 3476 et
176 3432 264 3479 anima
284 3431 311 3480 ln
327 3430 446 3494 qualibet
469 3431 509 3480 sui
535 3429 706 3492 perfectibilis
731 3433 785 3480 tota
808 3448 834 3490 a,
854 3431 903 3494 Qq.
921 3432 1018 3494 supp„
1038 3445 1067 3494 q.
1089 3445 1137 3481 un.
1160 3435 1197 3483 Dc

129 3500 235 3559 susm„
254 3514 281 3550 a.
301 3502 334 3551 10
354 3503 387 3552 atl
406 3502 452 3552 18.

169 3569 181 3600 ⁵
202 3588 213 3612 ·
234 3569 283 3622 Uni
301 3573 403 3624 formae
421 3587 475 3623 non
492 3575 621 3627 competit
640 3573 756 3623 totalitas
775 3574 897 3632 numeri,
922 3586 970 3624 nec
996 3576 1198 3639 magnitudinis,

133 3640 184 3686 uisi
202 3638 269 3689 lorte
289 3657 335 3703 per
353 3646 487 3703 accidens,
502 3650 562 3707 pota
586 3647 610 3693 in
633 3645 734 3704 formis,
748 3661 816 3710 quau
837 3647 1023 3710 persentiens
1042 3647 1197 3698 d'viuuntm·
