2475 3909
431 160 616 209 τιιιιοιοοιι
641 164 827 211 aasentias
1062 145 1120 214 331

136 241 188 309 83.
202 242 296 319 Quod
320 242 347 306 si
371 241 459 339 Deus
482 265 587 330 neque
609 268 864 341 perpessaque
888 247 992 313 forma
1015 250 1166 335 corporis

94 343 163 388 esse
188 336 316 408 potest,
338 336 474 408 spiratus
490 331 687 412 purissimus
709 331 836 413 optimo
865 329 937 394 iure
966 332 1162 415 appellatur.

96 405 201 471 «Non
223 426 327 502 ergo,
390 407 491 473 rbelie
515 407 556 473 ad
578 408 659 474 hanc
681 432 749 475 rem
771 412 930 496 Origenes
953 412 1084 496 inquit,
1108 422 1164 474 aut

94 507 214 581 corpus
235 426 393 573 aitquode,
412 499 468 555 aut
490 492 525 554 iu
547 510 685 575 corpore
708 512 776 556 esse
797 491 961 588 putandus
982 502 1030 558 est
1050 492 1163 565 Deus,

96 567 152 632 sed
176 569 403 635 mteiiectnaiis
426 583 540 636 natura
561 573 714 656 simplex,
738 573 816 637 nihii
840 574 974 637 omnino
997 578 1030 637 iu
1053 594 1087 638 se
1109 571 1165 635 ad-

98 651 273 716 iunctionis
295 651 481 727 admittens,
498 654 545 718 uti
566 675 608 719 ne
631 657 735 717 maius
757 653 894 738 aliquid,
910 664 942 717 et
967 656 1104 719 interius
1129 655 1161 717 in

96 730 274 825 scitabere
296 732 472 808 credatur,
497 734 553 800 sed
575 744 608 799 ut
631 738 674 800 sit
695 756 737 798 ex
760 738 847 799 omni
874 745 963 820 parte
987 756 1109 811 morans,
1132 745 1165 797 et

97 823 134 877 ut
157 823 199 879 ita
221 812 342 890 dicam,
364 834 443 891 snas,
466 827 498 881 et
521 837 623 893 mens,
646 836 683 887 ac
706 817 789 890 ions,
813 838 853 881 ex
877 837 942 899 quo
964 818 1097 882 initium
1119 824 1167 880 to-

98 896 165 960 tius
186 895 413 961 intellectualis
436 910 617 963 naturae..
634 946 641 961 .
659 946 666 959 .
682 899 753 962 est¹
772 923 800 961 n.

139 976 192 1120 {d
209 978 306 1071 i'rop.
322 977 370 1043 2⁸.
387 979 565 1043 dmoccndo
585 988 630 1042 cst
645 978 739 1043 aDco
759 980 885 1064 quaevis
907 978 1089 1064 compositio
1103 998 1166 1041 me·

96 1070 128 1122 tn
192 1080 268 1124 sico.
922 1092 924 1095 ·

125 1077 308 1205 priosum.
332 1142 369 1205 ln
392 1141 529 1224 primis,
553 1141 642 1207 nulia
672 1151 720 1206 est
749 1141 782 1204 in
804 1141 874 1206 Deo
902 1140 1095 1225 compositio
1124 1162 1165 1203 ex

92 1221 260 1304 potentio,
282 1234 314 1290 ct
335 1232 419 1287 actu.
443 1224 575 1289 Etenim
598 1226 632 1288 in
654 1235 725 1289 ente
747 1225 927 1308 composito
956 1244 997 1287 ex
1020 1222 1164 1308 potentia

96 1314 130 1368 et
151 1312 224 1368 actu
248 1326 377 1369 necesse
399 1315 473 1378 est,
503 1316 540 1371 ut
562 1306 707 1390 potentia
730 1302 904 1369 reducatur
933 1302 972 1368 ad
995 1314 1102 1368 actum
1125 1302 1167 1365 ab

96 1385 161 1449 aiio
183 1387 342 1453 existente
366 1389 399 1451 in
415 1394 501 1451 actu.
515 1390 614 1469 Atqui
638 1385 738 1459 Dens,
754 1405 828 1449 cnm
852 1388 895 1453 sit
908 1387 974 1450 Eus
998 1406 1016 1449 a
1038 1405 1085 1457 se,
1101 1403 1165 1446 non

97 1465 192 1532 habet
212 1470 432 1533 actualitatem
454 1468 580 1533 essendi
604 1467 645 1531 ab
660 1466 742 1542 aiio,
757 1467 811 1531 sed
836 1480 884 1532 est
906 1469 1014 1551 ipsum
1032 1466 1110 1529 Esse
1134 1465 1165 1528 in

96 1568 132 1611 se
146 1546 333 1616 subsistens.
349 1552 437 1648 Ergo
451 1549 528 1616 Esse
546 1549 606 1614 Dei
628 1570 670 1613 ex
684 1559 771 1625 actu,
789 1559 820 1615 et
836 1549 977 1634 potentia
1000 1565 1065 1611 uon
1080 1564 1167 1608 cnm-

95 1632 231 1715 ponitur
244 1633 267 1695 ².
291 1633 438 1710 Accedit,
460 1631 644 1718 quodcum
667 1640 758 1695 actus
785 1630 996 1705 determinet,
1017 1639 1050 1693 et
1073 1623 1167 1712 perir-

95 1713 163 1777 ciat
183 1714 369 1809 potentiam,
392 1716 418 1780 si
442 1714 476 1778 in
498 1713 567 1779 Deo
588 1713 749 1797 potentia,
765 1724 796 1778 et
818 1724 908 1777 aetus
930 1709 1167 1794 distingueren-

96 1806 163 1867 tur,
188 1816 223 1860 ιιι
246 1798 319 1882 ipso
340 1796 500 1881 capacitas
521 1796 666 1880 aliquam
686 1792 1015 1865 determinationem,
1038 1799 1072 1855 et
1092 1808 1167 1874 per-

98 1874 275 1941 fectionem
296 1875 475 1963 recipiendi
499 1878 637 1962 cogitari
663 1885 787 1961 posset;
802 1874 834 1939 id
849 1872 933 1962 quod
958 1871 999 1941 ab
1014 1873 1096 1937 Eius
1119 1869 1169 1933 in-

98 1956 191 2021 finita
255 1958 413 2023 riectione
436 1960 569 2024 omnino
591 1956 744 2023 abhorret
760 1959 783 2019 ⁸.

140 2040 192 2106 85.
250 2039 369 2105 cundo.
385 2040 484 2105 Nuiia
499 2052 548 2108 est
570 2041 603 2105 in
619 2040 688 2105 Deo
711 2038 807 2103 realis
830 2036 997 2103 distinctio
1019 2034 1168 2126 interes-

96 2122 248 2199 sentiam,
270 2132 304 2189 et
324 2122 543 2189 existentiam.
567 2122 696 2187 Etenim
718 2140 775 2198 ea,
798 2122 830 2185 in
852 2118 973 2205 quibus
995 2115 1167 2181 existentia

458 2266 577 2278 -——

98 2354 159 2404 tnr;
173 2346 304 2396 uniuntur
321 2348 393 2399 enim
413 2348 440 2397 in
458 2344 593 2406 Essentia,
613 2363 628 2399 a
648 2362 701 2412 qua
721 2360 772 2399 non
792 2346 1000 2410 distinguuntur.
1022 2344 1051 2397 in
1070 2352 1168 2412 myste-

99 2420 141 2469 rio
159 2424 250 2468 autem
273 2417 464 2471 incarnationis
478 2418 594 2470 Verbum
610 2418 733 2471 Divinum
752 2433 805 2469 non
824 2420 895 2468 veuit
909 2420 934 2469 iu
948 2420 1170 2482 compositionem

97 2505 146 2555 per
165 2490 274 2539 modium
294 2493 376 2553 partis
396 2492 553 2548 materiatis.
572 2494 614 2542 ret
634 2492 736 2542 formae
758 2492 976 2549 intermeantium
996 2491 1168 2550 inhaerentis,

97 2566 150 2613 troc
169 2563 240 2611 enirn
259 2576 394 2613 summam
419 2564 648 2626 imperfectionem
668 2565 831 2621 inmineret,
852 2564 896 2613 scd
917 2577 963 2626 per
984 2565 1090 2613 modum
1116 2568 1169 2615 ter·

96 2635 163 2683 mint
183 2634 352 2695 compientis,
372 2638 516 2694 actuantis,
536 2641 563 2685 et
583 2636 744 2698 perficientis
763 2636 969 2692 humanitatem,
983 2636 1053 2699 quod
1074 2648 1172 2698 puram

96 2706 164 2757 dicit
182 2705 210 2755 in
229 2704 277 2755 itio
297 2707 499 2769 perfectionem.
520 2703 557 2759 Ci
572 2704 668 2767 Gonet,
689 2710 813 2761 Monunio
833 2708 933 2767 Titum„
949 2708 995 2757 tib.
1012 2706 1032 2767 i,
1053 2712 1132 2759 tract.
1147 2704 1167 2765 Ι,

97 2794 127 2829 c.
148 2778 174 2828 tt.

137 2850 144 2886 Ι
167 2852 205 2899 Dc
223 2852 371 2913 principiis,
394 2851 439 2901 tib.
464 2848 485 2910 i,
506 2866 532 2902 c.
555 2854 580 2904 i.
602 2849 912 2915 Anthropomnrphitae.
933 2852 1001 2914 qni,
1023 2854 1053 2899 nt
1071 2864 1093 2899 ι.
1114 2847 1170 2901 Διι-

95 2921 220 2986 gustinus
240 2923 326 2983 inquit
344 2918 396 2986 (ite
414 2924 470 2974 utit.
492 2926 623 2982 medendi,
643 2938 670 2973 c.
693 2920 713 2981 Ι,
735 2938 762 2972 ιι.
785 2921 828 2990 t),
851 2942 862 2967 ι
880 2923 957 2972 nimis
977 2924 1002 2971 in
1022 2918 1088 2971 hacc
1108 2936 1170 2972 onr-

97 2994 200 3058 poratia
219 2996 350 3055 progressi
370 3000 450 3059 atque
464 2996 541 3057 tapsi,
556 2996 621 3045 nihii
640 2996 711 3045 atiud
732 2999 827 3057 putant
846 3008 915 3047 esse.
927 3009 1007 3058 quarn
1027 2994 1097 3057 quod
1112 2994 1170 3044 istis

95 3068 216 3129 quinque
236 3067 379 3115 notissimis
404 3070 508 3117 nunciis
526 3068 647 3130 corporis
665 3069 781 3117 sentiunt
798 3084 832 3126 ι,
855 3064 936 3116 Deum
956 3080 988 3115 ex
1009 3067 1119 3123 anima,
1142 3070 1169 3115 et

96 3151 211 3200 corporo
230 3143 353 3187 constare
371 3152 404 3188 ex
422 3152 455 3188 eo
474 3145 600 3203 argrinni,
615 3139 686 3203 qrrnd
706 3138 785 3188 homo
805 3138 837 3187 ad
857 3138 1001 3200 imaginem
1016 3134 1063 3187 Dei
1085 3136 1170 3187 sactus

95 3224 157 3259 essa
176 3210 282 3260 dicitur.
298 3209 332 3260 Αι
351 3215 454 3268 contra.
474 3212 556 3261 hoino
574 3213 607 3261 ad
628 3212 770 3273 imaginem
785 3208 830 3260 Dei
851 3210 937 3260 iactus
957 3216 995 3258 est
1017 3222 1069 3258 non
1082 3210 1170 3272 quoad

95 3295 208 3343 eorpus,
229 3281 274 3331 sed
294 3284 379 3345 quoni
400 3286 528 3334 animam.
546 3304 556 3329 ι
573 3282 711 3334 invisibilis
731 3280 776 3331 lici
798 3283 895 3345 imago,
918 3282 1002 3343 inquit
1021 3294 1043 3329 s.
1058 3280 1172 3329 ¹imbro-

96 3356 166 3411 sius,
187 3367 239 3403 non
260 3355 285 3402 in
304 3368 337 3404 eo
356 3359 406 3412 est,
427 3356 497 3419 quod
517 3355 696 3413 ittotumad
718 3357 744 3404 in
763 3368 794 3404 eo
815 3357 921 3418 utique,
935 3354 1005 3417 arrad
1025 3366 1079 3401 uon
1099 3353 1174 3403 vide--

96 3433 144 3475 tur
163 3444 187 3483 η
210 3428 239 3474 tn
261 3427 305 3476 Po.
328 3428 446 3477 cxvttt.

135 3496 148 3532 ²
169 3515 180 3540 ι
203 3493 229 3546 Si
249 3497 338 3561 aliqua
357 3512 399 3549 res
421 3500 465 3557 ait,
485 3511 554 3562 quae
574 3502 608 3550 sit
628 3512 706 3549 tunm
720 3511 788 3555 aisa,
803 3497 874 3563 quod
894 3498 1030 3561 proprium
1051 3494 1097 3547 Dat
1117 3502 1168 3554 est.

96 3580 153 3622 non
171 3574 212 3619 est
230 3570 266 3619 ibi
286 3573 414 3631 potentia,
433 3577 461 3621 et
480 3577 568 3628 actus,
589 3571 635 3623 aad
654 3576 731 3621 actus
752 3584 834 3633 purus
857 3588 882 3629 η
898 3570 946 3634 Qq.
961 3573 1058 3633 dispp,
1078 3583 1104 3632 q.
1121 3582 1170 3619 un.

97 3643 142 3697 Dc
159 3642 254 3707 onim,
275 3654 302 3695 a.
323 3642 340 3699 ii
359 3641 462 3714 ⁰2⁹⁸
482 3638 517 3704 ct
533 3646 583 3716 op.
603 3648 659 3707 ott,
679 3658 707 3711 q.
728 3658 776 3696 uu.
796 3637 836 3695 Dc
853 3655 895 3713 tp.
916 3656 967 3705 cc„
988 3654 1014 3693 a.
1037 3643 1048 3693 t
1070 3653 1099 3696 a,
