2475 3909
472 219 704 270 nvnauuoers
1021 205 1080 269 117

66 304 296 403 quodammodo
319 303 537 402 coniungatur
550 306 572 370 ¹.
589 307 688 405 atqui
705 305 870 372 obiectum
889 306 1042 401 sensibile
1056 329 1122 404 non
1234 350 1235 353 =

66 400 164 474 potest
184 409 340 473 comungv
362 405 436 450 eum
458 409 565 464 sensu,
589 411 649 454 urst
680 410 739 474 per
760 410 850 452 suam
873 409 1028 474 spectem,
1051 411 1120 456 sive
1234 412 1235 443 ÷

65 471 319 537 similitudinem.
343 470 430 554 Ergo
455 472 597 558 cognitio
619 473 771 538 sensitiva
786 470 821 538 tit
841 490 901 555 per
921 472 1046 556 speeies
1070 493 1121 536 re·
1234 500 1235 565 3

65 575 131 616 rum
153 553 331 618 sensilium.

95 635 143 699 56.
169 635 279 700 Minor
293 631 530 703 demonstratur
544 636 628 701 huuc
651 639 685 701 in
700 634 844 702 modum:
860 634 1034 701 Obieetum
1050 657 1120 700 sen·
1234 650 1235 673 ¹

63 715 158 794 sibile,
182 728 220 783 ut
240 737 314 783 eum
337 714 488 783 facultate
512 719 669 785 sentiente
691 720 933 815 coniungatur,
957 727 1052 803 atque
1073 720 1121 797 ita
1234 750 1235 765 π

65 800 206 864 notitiam
229 800 280 864 sui
305 801 337 864 in
360 799 468 864 auimo
491 799 612 885 gignat,
636 800 732 867 debet
754 802 787 872 iu
811 822 917 886 ipsam
932 799 1120 865 facultatem
1234 830 1235 837 ¹

64 881 274 957 sentientem,
297 883 364 947 sive
387 883 549 978 inipsam
577 886 719 950 animam
747 881 885 969 ingredi.
909 884 1119 980 Hocposito,
1234 914 1235 917 ¹

63 960 219 1028 obiectum
241 961 291 1030 vel
313 983 546 1050 perseipsum,
569 965 629 1032 hoc
649 976 709 1044 est,
725 985 782 1053 per
802 964 913 1031 eadem
943 966 1118 1052 principia,

62 1064 96 1108 ex
119 1045 239 1132 quibus
265 1047 485 1124 constituitur,
508 1047 651 1114 animam
677 1046 805 1134 iu'gredi
828 1048 965 1125 dicitur,
987 1045 1039 1112 vel
1060 1068 1120 1133 per

62 1128 106 1192 sui
136 1129 302 1211 speciem,
335 1130 403 1194 sive
434 1126 697 1196 similitudinem.
732 1131 833 1218 Atqui
861 1129 1025 1196 obiectum
1055 1152 1118 1194 non

62 1221 158 1304 potest
186 1232 246 1297 per
268 1211 409 1358 seigsum
434 1209 559 1296 ingredi
583 1212 617 1276 in
640 1212 804 1292 animam,
827 1212 973 1298 alioquin
1001 1231 1117 1286 unum,

61 1291 203 1379 idemque
225 1313 298 1358 cum
341 1313 377 1358 ae
404 1291 516 1370 fieret3
539 1291 589 1373 id,
612 1293 701 1380 quod
729 1296 899 1382 proprium
926 1294 1119 1380 pantheista·

60 1395 126 1440 rum
147 1383 367 1443 commentum
389 1385 447 1440 est.
470 1374 583 1442 Restat
603 1377 717 1474 igitur,
738 1387 775 1443 ut
795 1398 855 1463 per
875 1376 1036 1462 speciem,
1062 1398 1118 1440 seu

60 1456 299 1525 similitudinem
327 1458 378 1524 sui
404 1459 437 1521 in
459 1458 601 1524 animam
623 1459 826 1546 ingrediatur
846 1460 871 1522 ².

93 1541 141 1604 57.
165 1541 263 1626 Prop.
286 1539 333 1606 3⁸.
357 1539 479 1687 stct'ss
492 1539 668 1624 officiuntur
681 1540 718 1606 ob
737 1542 815 1626 ipsis
835 1539 973 1616 obiectis,
992 1559 1054 1602 non
1072 1554 1118 1604 ta·

59 1641 120 1686 nen
140 1645 180 1686 esc
201 1645 233 1687 eo
254 1623 333 1708 qnod
354 1623 475 1709 siquid
494 1622 710 1702 substantiale,
739 1625 786 1688 orb
806 1622 1029 1688 occidentales
1051 1643 1118 1686 cor-

54 1703 180 1800 poribus
202 1705 404 1784 distrahitur,
426 1706 475 1768 ssd
496 1725 537 1770 en
558 1711 676 1772 actions
696 1706 881 1770 obiectorum
901 1704 1060 1768 sensilium
1082 1706 1118 1767 s'n

56 1808 259 1934 ml’bbblmur.
283 1869 316 1934 1⁰
339 1869 470 1952 Species
492 1868 532 1933 ab
560 1869 641 1955 ipsis
662 1868 799 1934 obiectis
822 1867 1017 1934 efficiuntur.
1040 1867 1116 1933 Ete-
1149 1855 1152 1860 ’

57 1949 119 2014 nim
139 1952 342 2037 experientia
359 1948 451 2014 nobis
467 1960 601 2016 testatur
621 1951 786 2017 obiectum
806 1951 923 2035 ipsum,
939 1947 1028 2032 quod
1047 1969 1117 2015 sen-

56 2031 161 2112 timus,
185 2055 214 2098 e.
238 2053 288 2118 g.‚
311 2031 415 2108 solem,
439 2051 506 2097 esse
529 2033 627 2098 simul
650 2052 781 2098 eausam
802 2031 997 2117 cognitionis
1018 2033 1116 2097 sensi-

55 2113 147 2180 tivae.
172 2117 206 2184 Si
229 2135 266 2180 er
288 2137 308 2181 o
331 2113 473 2199 cognitio
496 2115 649 2182 sensitiva
673 2134 736 2179 non
757 2112 793 2180 fit
814 2115 878 2180 nisi
893 2135 952 2199 per
972 2114 1116 2199 speciem

55 2193 167 2265 obiecti
182 2136 320 2271 sensilis,
337 2198 396 2262 hoc
410 2194 450 2260 ad
466 2196 556 2262 illius
571 2197 819 2283 productionem
841 2206 1003 2282 tamquam
1018 2218 1116 2262 eausa

56 2299 246 2346 concurrere
268 2278 364 2346 debet
384 2279 407 2341 ⁸.

86 2362 120 2425 2⁰
143 2363 232 2429 Nihil
254 2359 460 2428 substantiale
487 2380 505 2423 a
528 2359 719 2446 corporibus
740 2361 889 2427 avulsum
910 2361 944 2424 in
971 2363 1116 2426 animam

51 2440 138 2509 illabi
163 2455 277 2530 potest.
301 2446 342 2510 Et
362 2463 438 2507 saue
457 2488 465 2518 ,
487 2443 595 2506 anima
616 2456 665 2509 est
691 2443 894 2528 incorporea.
917 2443 1016 2528 atqui
1041 2441 1113 2506 lieri

51 2545 107 2590 nen
132 2537 250 2612 potest,
272 2528 423 2592 aientes.
448 2526 644 2610 Augustino,
661 2549 678 2588 «
693 2536 730 2590 ut
751 2527 963 2611 incorporeus
985 2524 1113 2589 animus

51 2607 213 2686 adventu,
245 2620 342 2695 atque
374 2615 521 2672 contactu
552 2625 783 2693 corporearum
815 2608 996 2692 imaginum
1023 2607 1113 2691 cogi-

51 2693 124 2756 tet*
150 2715 178 2755 n.
203 2693 248 2757 Er
270 2713 301 2757 o.

84 2769 118 2839 3⁰
140 2713 401 2860 Nequegaliquid
435 2768 633 2836 accidentale
660 2792 679 2835 a
702 2768 893 2857 corporibus
919 2768 1112 2836 distractum

49 2852 242 2921 inanimam
278 2850 405 2952 ingredi
429 2852 543 2938 potest.
567 2852 693 2918 Revera
717 2855 744 2918 si
767 2853 800 2918 id
821 2851 938 2930 lieret,
961 2852 1111 2920 accidens

50 2935 79 2998 in
100 2947 175 3003 actu
197 2936 402 3022 migrationis
424 2934 495 2999 sine
517 2934 680 3013 subiecto,
694 2958 732 3001 ac
753 2935 889 3022 proinde
904 2955 963 3020 per
985 2957 1020 3002 se
1042 2939 1112 3002 exi·
1134 3020 1137 3025 Ι

46 3027 154 3086 steret.
179 3021 278 3104 Atqui
303 3015 451 3084 accidens
474 3036 533 3100 per
554 3039 587 3083 se
609 3019 750 3085 existere
772 3019 896 3103 nequit.
921 3019 1019 3104 Ergo.

81 3241 92 3280 ¹
113 3239 258 3308 «Cognitis
272 3244 400 3306 contingit
412 3245 558 3295 secundum
571 3245 641 3310 qnod
655 3248 789 3310 cognitum
804 3253 845 3298 est
858 3247 883 3296 in
897 3253 1074 3312 cognoscente
1083 3269 1108 3306 a,

48 3312 66 3372 Ι,
79 3311 426 3447 2²¹Clxbl'libndrdjlbflr'b.
440 3315 662 3449 lbgbsnstolulldl’.
677 3319 771 3452 llll,
786 3334 815 3456 d.
826 3320 895 3451 Ξθίι.
909 3390 937 3450 3,
951 3406 978 3456 q.
992 3388 1005 3442 l
1017 3395 1108 3453 reson,

46 3462 69 3507 et
88 3463 130 3512 De
148 3463 247 3512 rsduet.
267 3468 320 3511 ure.
340 3462 374 3510 od
393 3461 477 3511 Tbsol.

75 3531 87 3566 ³
108 3553 120 3576 ι
138 3529 248 3591 δεῦσαι,
268 3534 305 3582 ait
324 3545 346 3583 s.
361 3530 534 3596 Augustinus,
549 3536 646 3599 accipit
658 3537 775 3599 speeiem
794 3536 828 3587 ab
846 3550 879 3587 eo
898 3549 1022 3602 corpore,
1038 3538 1109 3601 quod

45 3605 153 3655 secutur
172 3623 195 3664 η
212 3607 248 3656 De
269 3607 353 3662 Trtn„
375 3606 419 3656 lib.
441 3602 488 3666 lll,
508 3619 534 3658 e.
558 3607 582 3657 8·

77 3674 87 3714 ⁴
106 3681 191 3746 Epist.
213 3673 333 3737 CllVlll,
353 3691 379 3727 c.
400 3677 426 3729 3.
