2475 3909
471 207 673 255 cosuonocrn
1004 190 1060 256 181

43 288 121 353 tiam
143 307 271 365 vocare,
292 286 348 353 sed
370 309 457 366 eum,
480 309 577 374 quem
593 287 725 358 creavit,
741 287 864 352 scilicet
878 286 1024 352 omnium
1045 310 1065 354 o
1088 326 1103 337 -

43 370 160 435 timum
181 391 294 435 creare
316 381 445 438 coactus
471 381 529 436 est.
553 371 652 458 Atqui
675 369 730 434 ubi
754 379 885 435 nonest
906 369 1031 448 electio,
1056 309 1101 436 ifi

42 462 91 517 est
114 454 295 518 necessitas.
312 455 400 539 Ergo
415 452 501 519 Deus
517 456 600 520 hunc
616 451 769 516 mundum
786 471 862 539 prae
876 451 1012 536 reliquis
1032 473 1103 537 pos·

43 532 193 600 sibifibus
215 557 278 600 uon
300 559 342 602 ex
363 556 439 600 suae
468 535 643 603 uoluntatis
665 534 818 611 consilio,
840 534 894 600 sed
917 538 1103 603 necessitate

41 629 170 683 coaetus
185 621 318 684 creavit.
331 617 521 696 Quinimmo
535 640 576 684 ex
588 618 711 685 theoria
723 617 899 703 optimismi
914 615 992 680 illud
1005 621 1102 685 etiam

41 702 203 784 sequitur,
225 700 312 788 quod
335 702 421 764 Deus
443 701 611 779 muudum,
634 701 833 785 quicumque
855 699 907 777 sit,
922 719 1030 766 creare
1053 722 1105 764 co·

41 785 141 870 gitur.
171 786 323 862 Etenim,
352 782 632 849 Leibuitianorum
659 780 803 857 iudicio,
831 782 919 846 Deus
947 782 1103 848 mundum

40 867 191 930 omnium
223 868 382 952 optimum
413 886 525 932 creare
558 865 674 942 debet,
704 872 740 929 ut
760 862 974 950 perfectiones
1007 886 1102 944 suas,

40 945 147 1032 quoad
163 948 234 1014 fieri
257 959 371 1033 potest,
387 946 583 1027 manifestet;
598 968 677 1032 ergo
700 967 738 1012 eo
762 947 865 1032 magis
886 946 926 1011 ad
947 947 1103 1013 mundum

40 1028 215 1095 creandum
237 1032 388 1116 cogitur,
413 1030 559 1116 afioquin
585 1030 800 1116 perfectiones
826 1049 900 1094 suas
922 1051 985 1094 uon
1008 1029 1104 1095 modo

40 1133 104 1198 non
123 1111 233 1209 quoad
261 1112 330 1177 fieri
355 1119 484 1198 potest,
506 1112 562 1177 sed
585 1113 717 1178 omniuo
744 1131 807 1176 uon
831 1109 1063 1177 manifestasset
1079 1114 1102 1176 ¹.

84 1195 152 1260 190.
176 1192 274 1281 Prop.
297 1194 345 1260 2¹.
370 1194 580 1292 Optimismus
599 1195 692 1260 etiam
714 1215 746 1257 eo
761 1193 859 1272 modo,
880 1215 939 1282 quo
953 1219 972 1258 n
993 1195 1104 1259 Bouil-

41 1277 300 1365 autquinque
323 1276 511 1362 explicatur,
532 1277 719 1342 reficiendus
741 1285 795 1339 est.

82 1357 251 1424 Probatur.
270 1359 380 1437 Ratio,
396 1359 438 1423 ob
453 1380 551 1444 quam
573 1370 731 1444 repugnat
752 1357 852 1422 ullam
873 1359 1103 1445 particularem

40 1451 224 1507 ereaturam
245 1463 316 1508 esse
338 1443 484 1506 omnium
507 1439 713 1528 possibilium
735 1439 903 1526 optimam,
928 1442 960 1504 in
983 1462 1033 1518 eo,
1056 1440 1105 1505 his

38 1523 226 1608 Optimistis
248 1546 311 1589 nou
333 1523 558 1603 diffitentibus,
581 1525 642 1590 sita
663 1534 723 1600 est,
746 1519 831 1608 quod
853 1520 1018 1607 quaelibet
1033 1542 1107 1608 par-

39 1604 190 1671 ticularis
211 1615 361 1672 ereatura
383 1603 547 1672 infinitum
569 1606 644 1671 Eme
666 1604 726 1671 uei
748 1602 844 1668 modo
867 1603 958 1671 finite
979 1625 1106 1703 reprae-

39 1696 169 1764 sentat,
192 1709 229 1753 ae
252 1688 388 1776 proinde
417 1686 501 1754 aliae
529 1699 603 1755 suut
631 1686 817 1774 possibiles,
846 1707 928 1771 quae
950 1686 1106 1752 Divinum

40 1768 123 1834 Esse
136 1771 252 1855 magis,
268 1771 437 1856 magisque
457 1772 676 1848 manifestaut3
693 1768 855 1855 siquidem
877 1767 968 1835 finito
983 1767 1105 1855 aliquid

39 1870 171 1936 semper
192 1852 270 1918 addi
292 1863 409 1938 potest.
433 1854 555 1951 Atqui,
578 1855 705 1918 etiamsi
733 1851 827 1918 detur
852 1850 1008 1916 mundum
1035 1873 1104 1917 esse

40 1935 76 1999 in
98 1933 253 1999 continuo
276 1954 463 2021 progressu,
486 1957 567 2022 ipse,
584 1947 658 2000 ct'rm
681 1934 806 1998 nonnisi
828 1931 936 1998 finitae
958 1955 1106 2020 progres-

39 2015 145 2081 sionis
164 2035 270 2102 capax
290 2018 354 2094 sit,
377 2016 456 2080 Esse
476 2018 639 2084 infinitum
666 2016 727 2080 Dei
749 2015 844 2080 modo
865 2013 958 2081 finito
978 2037 1045 2081 sem
1090 2037 1107 2082 r

39 2096 248 2175 manifestat,
272 2120 310 2164 ac
331 2099 468 2184 proinde
497 2101 555 2166 alii
583 2099 677 2166 mufti
703 2119 743 2163 eo
786 2099 1013 2164 raestantiores
1056 2100 1106 2164 eri

37 2189 188 2328 possunt.
212 2182 300 2267 Ergo
322 2180 434 2245 eadem
457 2185 601 2259 ratione,
624 2202 687 2280 qua
710 2118 885 2327 profantur,
908 2201 1105 2267 nuperorum

73 2272 292 2346 ptrmrstarum
316 2263 451 2341 iudicio,
474 2266 596 2329 nuffam
618 2283 713 2348 singu
728 2282 815 2326 arem
833 2272 1014 2328 creaturam
1036 2283 1105 2329 esso

36 2344 188 2408 omnium
211 2344 414 2428 possibilium
435 2349 616 2443 optimam,
640 2345 798 2432 probatur
818 2344 913 2409 simui
937 2366 975 2410 ue
1003 2355 1104 2414 totum

42 2425 179 2509 quidem
202 2427 382 2503 muudum,
410 2447 608 2514 quicumque
632 2428 761 2493 tandem
783 2427 842 2503 sit,
865 2431 1106 2514 omniumppos-

38 2507 192 2572 sibilium
215 2530 234 2572 o
261 2511 375 2575 timum
396 2531 475 2574 esse.

84 2591 155 2656 tac.
172 2589 221 2655 td
246 2591 340 2667 ehis,
355 2591 441 2678 quod
465 2594 639 2658 continuus
661 2609 852 2678 progressus
872 2591 906 2654 in
928 2588 1103 2665 infinitum,

36 2815 110 2871 ιιίιες
129 2815 202 2878 quta,
221 2825 283 2863 oum
301 2813 396 2876 stuguti
417 2813 487 2862 modi
507 2812 608 2864 flottam
627 2817 776 2874 entitatem.
792 2828 838 2866 sco
858 2818 1034 2867 tantitatema
1050 2814 1105 2868 Deo

34 2886 303 2949 eminentiorum
323 2885 421 2944 series,
441 2889 611 2949 quantumvis
631 2889 746 2938 maxima
765 2889 879 2950 dicatur,
901 2892 942 2941 rel
960 2893 1107 2954 cogitatur,

34 2961 104 3012 Bm
121 2956 251 3016 Divinum,
272 2961 363 3021 utpote
383 2956 524 3018 infinitum,
544 2959 684 3011 exhaurire
702 2972 849 3026 numquam
869 2966 965 3026 potest.
979 2958 1051 3026 Ergo
1063 2977 1107 3012 se-

36 3032 96 3084 ries
110 3031 268 3080 mundorum
289 3029 450 3092 possibilium
468 3034 509 3080 ost
527 3030 626 3082 infinita
641 3029 684 3096 (cf
699 3046 722 3084 s.
738 3029 846 3092 Thom..
862 3036 892 3084 In
905 3035 951 3084 tto.
967 3036 1006 3084 m
1019 3037 1104 3096 Sene,

36 3101 107 3155 urst.
121 3099 194 3161 xiv,
212 3116 241 3167 q.
257 3100 276 3160 Ι,
297 3117 323 3151 a.
341 3102 359 3153 f
378 3102 410 3152 nd
430 3100 468 3170 3).
490 3100 589 3155 Exinde
607 3105 679 3155 atiud
698 3112 895 3170 argumentum,
916 3120 970 3171 quo
990 3107 1106 3159 mundus

35 3179 159 3240 optimus
176 3175 258 3226 vetuti
277 3176 303 3224 iu
322 3187 350 3224 aa
368 3175 496 3227 absurdus
514 3177 700 3240 redarguitur.
721 3179 814 3229 confici
834 3183 934 3242 potest3
961 3179 1103 3243 siquidem,

37 3249 125 3312 posita
146 3248 264 3318 doctrina
285 3247 317 3297 do
335 3247 433 3297 mundo
452 3249 571 3311 optimo,
590 3251 672 3301 series
691 3252 849 3302 mundorum
869 3251 1032 3311 possibilium
1052 3265 1104 3302 non

35 3327 111 3371 osset
131 3321 252 3378 influfta;
272 3320 369 3382 quippe
388 3319 468 3384 quod,
483 3327 622 3386 postquam
642 3321 749 3373 coriosa
765 3324 863 3374 mundo
882 3324 969 3373 minna
989 3323 1106 3386 perfecto

37 3393 74 3444 ad
96 3393 222 3442 mundium
241 3393 325 3455 magis
344 3392 493 3455 perfeetum
509 3396 689 3458 progrediens,
704 3397 828 3448 muudum
841 3396 959 3446 omnium
973 3396 1105 3458 optimum

37 3471 162 3516 assecuta
182 3469 233 3520 est.
254 3474 332 3526 supra
354 3467 440 3527 ipsum
460 3480 598 3531 assurgere
617 3468 719 3532 nequit.

80 3540 87 3573 Ι
109 3532 144 3588 Cf
160 3533 291 3596 fenebri,
310 3538 455 3600 Retutottou
474 3539 510 3588 du
527 3543 634 3605 systema
652 3543 685 3591 du
703 3557 731 3604 p.
752 3541 931 3594 ffutefranohc
949 3555 994 3590 rur
1013 3541 1039 3590 la
1058 3555 1109 3591 nu-

37 3617 108 3668 tura,
125 3618 151 3733 q
166 3610 192 3661 tu
210 3623 296 3733 nqueo,
316 3621 341 3659 c.
358 3609 385 3670 6,
405 3614 432 3660 ct
450 3607 567 3674 Bonitus,
587 3603 667 3668 titudo
685 3630 731 3666 sur
748 3615 775 3666 lu
794 3614 923 3668 nuenton
940 3615 972 3666 aa
989 3613 1105 3676 lubun,

37 3686 113 3748 part.
153 3716 161 3743 ,
181 3696 208 3734 c.
247 3718 255 3732 .
