2475 3909
135 172 175 237 nt
544 188 727 237 erroneam

135 274 186 339 68.
212 269 413 337 Leibnitium
432 316 440 347 ,
462 269 597 357 eiusque
626 272 762 338 asseclas
781 272 921 338 'omniuo
948 273 1164 341 hallucinatus

95 375 163 419 esse
185 354 234 417 his
255 352 381 417 duabus
404 352 683 438 propositionibus
703 354 877 419 evincitur.

137 436 233 517 Prop.
258 432 303 499 1⁸.
330 436 464 519 Defiuiri
485 437 606 519 nequit,
631 447 758 513 utrum,
780 457 869 501 necne
890 438 951 500 due
970 438 1098 521 perfecte
1118 441 1164 503 si-

94 518 185 580 milia
207 519 242 579 ire
263 518 376 581 mundo
397 518 542 581 eristum.

139 597 304 661 Probatur.
322 598 513 665 Similitudo
536 596 679 683 perlecta
701 598 840 663 duorum
861 599 987 664 entium
1009 612 1165 687 expostu-

96 679 140 745 lat
164 680 306 762 ipsorum
329 700 518 747 consensum
542 691 609 743 tum
634 680 666 743 in
689 681 812 746 cunctis
856 680 1068 758 ualitatibus,
1093 697 1161 748 tum

96 761 267 825 iubarum
291 760 456 846 gradibus.
480 764 580 845 Atqui
609 760 694 825 haud
718 701 872 845 possibile
895 775 941 829 est
971 775 1003 829 et
1023 768 1160 841 omnia,

93 862 177 925 quae
202 844 235 906 in
259 843 380 908 mundo
402 855 487 922 sunt,
503 843 729 908 observatione
751 844 935 929 complecti,
957 858 990 909 et
1012 868 1062 923 ea,
1078 868 1163 931 qnae

95 924 262 987 observari
290 938 435 1009 possunt,
458 926 539 990 adeo
563 924 798 1009 introspicere,
822 937 941 990 utnon
965 929 1061 992 modo
1084 950 1162 993 uum

96 1006 129 1067 in
153 1006 278 1071 cunctis
301 1008 368 1071 suis
389 1005 626 1103 qualitatibus,
648 1005 703 1069 scd
726 1007 825 1071 entiam
849 1028 926 1071 num
951 1009 982 1072 in
1006 1009 1163 1108 gradibus

97 1088 241 1170 ipsarum
264 1098 476 1163 consentium,
493 1087 586 1153 nobis
607 1090 864 1173 patescat..Ergo
886 1088 1014 1157 delinirr
1036 1093 1160 1177 nequit,

95 1180 228 1246 utrum,
253 1191 352 1235 necne
375 1169 439 1233 duo
465 1169 606 1255 perfecte
634 1167 755 1233 similia
777 1170 811 1232 in
834 1170 955 1236 mundo
981 1176 1121 1239 existant
1136 1176 1161 1237 ¹.

135 1250 185 1343 lili.
211 1252 308 1338 Prop.
337 1251 384 1315 2⁸.
414 1251 613 1336 Impossibile
639 1271 701 1314 reor
730 1260 774 1315 est
799 1251 860 1315 duo
881 1256 1013 1336 perfecte
1040 1257 1165 1320 similia

94 1345 236 1395 recalere.

135 1414 305 1479 Probatur.
328 1414 411 1480 lllud
431 1462 439 1490 ,
461 1412 548 1499 quod
570 1423 618 1478 est
641 1412 867 1499 impossibile,
891 1437 930 1479 ne
951 1428 1058 1484 mente
1072 1420 1163 1503 ’qui-

93 1490 167 1558 dem
190 1497 326 1581 cogitari
351 1506 465 1583 petest.
490 1496 593 1580 Atqui
612 1494 785 1579 perlectam
812 1496 1059 1563 similitudinem
1081 1500 1165 1565 dno-

94 1597 166 1640 rum
189 1580 314 1643 entium
336 1579 506 1664 concipere
530 1575 624 1641 uobis
646 1576 737 1651 licet;
761 1598 834 1641 uam
856 1579 1053 1660 qualitates,
1076 1604 1162 1667 quae

96 1658 128 1719 in
153 1680 216 1723 unu
240 1680 274 1723 re
297 1671 388 1737 sunt,
403 1662 435 1724 in
458 1660 521 1725 alia
543 1660 655 1733 etiam,
672 1671 767 1741 atque
791 1660 822 1721 in
845 1658 959 1723 euclem
982 1663 1100 1747 gradu,
1122 1686 1162 1729 ac

93 1739 125 1802 in
151 1741 221 1819 illa,
238 1743 384 1828 cogitare
407 1760 586 1827 possumus.
602 1742 690 1836 Ergo
713 1739 856 1825 perlecta
879 1741 1061 1809 similitudo
1082 1746 1164 1810 duo-

94 1819 720 1907 mmmmmmfflffl

132 1905 183 1968 70.
207 1904 316 1970 Obiic.
341 1904 373 1970 1⁰
396 1906 428 1971 Si
453 1904 540 1969 Deus
566 1902 647 1966 duas
675 1924 726 1967 res
754 1902 898 1987 perlecte
921 1905 1045 1971 similes
1070 1928 1163 1972 crea-

92 1992 154 2057 ret,
178 1983 303 2069 aliquid
326 1989 395 2049 sine
417 1988 541 2051 rationo
565 1986 742 2051 sufficiente
765 1986 981 2147 operetnnin
1000 1988 1088 2045 nutta
1110 2010 1164 2053 ra-

92 2060 139 2123 tio
161 2063 353 2130 existentiae
376 2070 553 2139 utrinsnne.
576 2068 757 2136 excogitan
806 2060 898 2115 otest.
923 2053 1022 2133 Atqui
1046 2052 1160 2126 neus,

95 2148 207 2223 utpote
223 2140 495 2223 sapientissimus,
512 2134 635 2220 aliquid
651 2136 721 2199 sine
733 2142 858 2197 ratione
873 2130 1050 2199 sufficiente
1064 2154 1163 2218 agere

94 2241 155 2283 nou
178 2228 294 2305 potest.
318 2221 364 2285 Er
386 2240 417 2283 ο.

132 2302 184 2366 71.
209 2301 322 2387 Resp.,
380 2321 424 2384 ep.
448 2298 541 2374 mai.,·
562 2317 645 2361 corte.
669 2296 745 2358 min.
778 2294 853 2375 Nep.
877 2313 958 2356 coar.
975 2296 1162 2381 Propositio

94 2384 198 2447 maior
222 2381 303 2448 falsa
323 2392 383 2458 cst,
406 2392 474 2448 tum
496 2379 575 2464 quia
597 2378 693 2454 ratio,
709 2375 751 2440 ob
766 2396 864 2459 quam
885 2374 972 2439 Deus
994 2398 1046 2442 res
1067 2386 1162 2442 extra

93 2483 127 2529 se
152 2464 314 2551 producit,
337 2465 384 2529 uti
409 2461 488 2527 alias
510 2458 730 2533 ostendemus,
746 2458 778 2520 in
795 2458 864 2541 ipso
885 2456 952 2520 Deo
974 2457 1162 2543 quaerenda

93 2558 153 2623 est,
170 2558 240 2613 tum
262 2547 354 2631 quie,
370 2546 396 2608 si
412 2545 490 2609 haec
511 2544 594 2607 ratio
618 2542 651 2605 in
666 2539 764 2605 rebus
786 2549 971 2623 quaeratur,
988 2539 1067 2603 nihil
1083 2561 1161 2604 can·

94 2647 146 2692 sae
169 2639 228 2705 est,
244 2648 303 2692 cur
325 2625 417 2691 valde
439 2623 622 2698 dissimilia,
640 2643 701 2686 uon
718 2641 795 2685 vern
818 2619 961 2704 perfecte
983 2620 1103 2685 similia
1118 2621 1160 2685 ad

92 2708 240 2774 ordinem
262 2707 374 2773 mundi
398 2704 600 2771 efficiendum
623 2701 748 2788 aliquid
770 2700 949 2766 conserant.

132 2790 182 2855 72.
206 2788 314 2855 Obiic.
337 2789 373 2853 2⁰
395 2790 429 2857 Si
451 2787 517 2853 duo
540 2787 683 2873 perfecte
705 2784 827 2850 similia
848 2784 1036 2858 existerent,
1056 2804 1160 2848 unum

94 3054 240 3108 tctnntttue
259 3056 327 3105 hune
347 3068 422 3105 cuam
442 3054 592 3104 doctrinam
610 3056 769 3118 principium
788 3053 1019 3104 tadteeerntttltum
1042 3050 1161 3107 rooerit,

95 3131 156 3194 qnia
178 3130 198 3179 si
218 3128 271 3177 uuo
290 3126 408 3191 perfecte
427 3127 523 3176 similia
544 3127 683 3183 darentur,
698 3139 728 3175 ea
748 3128 782 3175 eb
801 3139 829 3175 se
848 3125 963 3174 discerni
978 3135 1028 3171 non
1042 3128 1162 3183 possent.

132 3199 141 3239 ¹
162 3200 210 3251 llic
229 3214 281 3250 non
301 3202 437 3263 loquimur
455 3198 486 3247 de
505 3198 679 3248 similitudine
699 3198 725 3247 iu
744 3200 897 3248 uuiversum
917 3199 1024 3251 sumta,
1045 3205 1113 3256 quae
1133 3194 1162 3242 tn

94 3288 125 3324 eo
145 3276 276 3332 constetit,
296 3272 365 3336 quod
385 3272 448 3327 duo,
464 3272 505 3320 rel
525 3270 600 3332 plura
621 3270 692 3319 entia
712 3272 855 3332 qualitates
868 3264 1099 3332 speetfieeensdem
1111 3264 1164 3314 ltr-

94 3347 167 3397 beut.
182 3343 300 3395 llubtteri
318 3344 390 3395 enlm
406 3344 509 3408 nequit,
524 3344 587 3407 quin
601 3342 715 3405 plurima
730 3342 781 3392 trec
796 3344 897 3392 ratione
909 3340 1004 3389 similla
1019 3338 1048 3386 in
1061 3337 1163 3386 mondo

93 3419 218 3468 existent.
238 3413 275 3467 lle
293 3430 368 3476 veru,
389 3418 458 3482 quie,
479 3414 529 3465 nist
548 3417 692 3475 scepticae,
713 3413 835 3464 ‹lnbttere
855 3415 951 3475 potest,
965 3411 1030 3475 qutn
1043 3421 1112 3471 equa
1125 3410 1163 3457 eit

94 3502 179 3551 nqueo
199 3489 304 3548 similis,
324 3489 390 3551 ignis
410 3490 472 3551 tgnt,
494 3486 599 3550 ollaque
618 3487 770 3536 eiusmodi?
782 3485 845 3551 Quis
864 3498 981 3548 unquam
1000 3480 1105 3543 negabit
1125 3480 1163 3529 si·

95 3561 247 3609 mitescere
267 3558 386 3617 tructus,
406 3574 473 3625 quos
493 3559 599 3620 plautae
618 3559 738 3608 eiusdem
758 3558 855 3621 speclei
875 3555 1039 3619 producunt,
1059 3556 1108 3605 rut
1126 3552 1166 3605 et-

94 3632 172 3683 mllce
190 3642 248 3681 esre
268 3635 369 3695 pertus,
389 3645 456 3697 qnos
475 3631 550 3681 brute
570 3631 689 3683 eiusdem
711 3631 811 3697 speclei
830 3628 932 3683 edunt?
