2475 3909
500 214 754 264 carranrntoarn
1054 200 1116 267 253

366 356 433 407 lar.
456 357 502 407 lll.
515 386 546 395 —
560 357 596 410 lle
616 366 718 411 ratione
738 363 878 413 deductiva

126 470 179 537 fib.
196 467 305 541 Ratio,
323 479 419 552 prout
441 488 481 531 ex
502 468 695 535 veritatibus
740 470 924 537 eneralihus
947 473 1028 539 alias
1051 474 1157 541 minus

87 551 269 637 generales,
285 559 341 614 aut
365 550 576 634 particulares
600 572 659 636 per
681 491 905 641 sybogismum
928 555 1037 633 elicit,
1064 556 1158 621 dedn-

87 634 174 697 ctiea
195 630 329 707 dicitur,
352 640 385 695 et
402 630 475 695 ideo
490 631 628 698 habetur
643 653 701 719 pro
717 636 852 700 criterio
868 636 1041 701 veritatum
1057 634 1159 701 dedu-

86 726 227 790 ctarum,
248 713 317 776 sive
339 712 398 777 hae
421 714 635 790 necessariae,
651 717 719 781 sive
734 717 956 803 contingentes
971 720 1047 783 sint.
1063 717 1155 784 Circa

86 794 275 861 huiusmodi
298 795 465 858 criterium
481 794 546 859 duo
561 796 654 860 nobis
675 796 922 863 demonstranda
937 810 1024 875 sunt,
1040 821 1156 885 nempe

87 877 269 963 syllogismi
291 876 423 952 veritas,
447 888 479 941 et
503 876 639 943 utilitas.

128 959 180 1024 65.
205 958 301 1040 Prop.
325 954 371 1021 1⁸.
400 958 524 1022 Veritas
551 960 723 1045 syllaqiemi
749 962 812 1025 sinc
837 961 1081 1026 contradictione
1107 984 1158 1025 nc-

87 1040 161 1121 pari
181 1060 242 1102 non
260 1050 368 1122 pateat.

130 1121 300 1185 Probatur.
318 1122 390 1188 Nan
407 1132 511 1206 potest
525 1122 595 1188 sine
610 1122 865 1190 contradictione
886 1124 1021 1190 concedi
1045 1126 1157 1209 aliqua

88 1205 289 1280 enunciatio,
312 1216 345 1269 et
366 1203 462 1267 simul
487 1204 599 1289 negari
623 1204 698 1279 alia,
713 1226 796 1290 quae
812 1228 886 1271 cum
904 1204 958 1270 illa
975 1207 1157 1272 necessario

88 1286 306 1352 connectitur.
329 1285 430 1369 Atqui
454 1285 541 1350 inter
562 1286 767 1370 praemissas,
784 1296 817 1354 et
837 1285 1079 1352 conclusionem
1095 1290 1159 1375 syl-

88 1365 223 1464 logismi
246 1366 430 1431 necessaria
456 1368 618 1431 connexio
644 1369 779 1445 existit,
803 1367 968 1454 siquidem
990 1369 1157 1436 conclusio

87 1468 325 1533 cuiuscumque
353 1446 534 1535 syllogismi
564 1459 640 1515 tunc
667 1446 791 1516 dicitnr
821 1449 999 1515 secundum
1032 1452 1156 1536 logicae

89 1529 219 1616 regulas
244 1529 387 1596 derivari
410 1552 450 1594 ex
472 1531 684 1615 praemissis,
714 1531 866 1598 camilla
888 1532 937 1597 his
960 1534 1155 1599 continetur.

88 1612 179 1696 Ergo
200 1613 227 1676 si
250 1614 324 1697 quis
346 1613 538 1697 praemissas
559 1609 768 1689 concederet,
791 1622 822 1679 et
844 1613 1081 1679 conclusionem
1105 1637 1159 1680 ne-

89 1703 194 1779 garet,
217 1694 366 1759 eamdem
386 1694 652 1758 enunciationem
666 1695 764 1760 simul
781 1705 951 1770 assereret,
968 1707 1158 1779 etnegaret,

90 1796 128 1839 ac
151 1774 287 1859 proinde
311 1778 345 1841 in
367 1772 656 1840 contradictionem
681 1775 888 1861 impingeret.
912 1777 951 1841 E.
976 1798 1021 1861 g„
1044 1778 1077 1841 in
1098 1780 1158 1844 hoc

89 1857 282 1943 sillogismoz
299 1858 397 1925 Omne
418 1855 537 1921 animal
558 1856 646 1920 babet
670 1858 769 1921 vitant
790 1857 981 1935 nnaitivam5
996 1862 1084 1945 atqui
1106 1860 1158 1925 bo·

88 1960 141 2003 rna
160 1948 206 2002 est
226 1939 357 2015 animab·
378 1958 448 2020 erpo
470 1938 559 2002 borno
574 1936 660 2001 babet
682 1939 777 2002 eitam
806 1938 1012 2015 sensitivam
1035 1941 1061 2003 si
1084 1944 1159 2025 quis

86 2019 245 2087 concedat
264 2022 343 2086 haec
364 2021 452 2096 dno,
476 2040 614 2105 nempe,
638 2041 734 2085 omne
767 2017 889 2085 animal
911 2020 977 2087 rita
1009 2022 1159 2088 sensitiva

87 2102 172 2182 frui,
188 2114 286 2187 atque
301 2104 467 2168 homiuem
488 2123 558 2167 esse
580 2102 773 2167 animalium
788 2102 942 2188 speciem,
960 2102 1027 2167 iam
1040 2103 1160 2170 exinde

87 2183 241 2254 concedit
261 2186 424 2251 hominem
448 2186 477 2248 vi
501 2180 662 2248 sentiendi
687 2184 835 2270 pollere;
859 2186 1013 2270 quocirca
1034 2186 1062 2250 si
1086 2207 1158 2251 earn

87 2290 129 2334 ne
153 2276 233 2344 aret,
257 2289 276 2331 a
297 2289 330 2333 se
355 2270 426 2354 ipso
447 2264 632 2330 dissideret.

174 2400 182 2415 .
207 2350 304 2434 Prop.
326 2348 375 2412 2⁸.
391 2345 596 2443 Syltopirrnns
617 2346 658 2410 ad
679 2346 894 2411 iaceniendam
917 2346 1077 2411 veritatem
1100 2350 1161 2413 inr-

86 2454 179 2498 nranc
220 2442 351 2495 uantum
372 2430 523 2495 ntrlitatis
543 2450 599 2493 can
613 2439 669 2493 ert.

131 2452 294 2580 Probatur
322 2523 433 2578 contra
460 2428 809 2585 Van-Hebmontium¹,
839 2509 984 2595 aliosque
1019 2509 1162 2596 pbiloso-

88 2598 187 2682 phiae
209 2596 441 2683 peripateticae
464 2612 586 2657 osores.
602 2591 696 2656 Mens
717 2612 791 2656 cnm
816 2592 1025 2677 progreditur
1047 2591 1086 2656 ad
1109 2615 1162 2661 co-

89 2677 312 2763 gnoscendum
335 2688 407 2741 actu
430 2672 534 2751 illud,
556 2670 643 2771 quod
665 2682 758 2738 antea
782 2673 922 2749 virtute,
947 2694 1004 2738 seu
1021 2677 1162 2759 potentia

88 2758 320 2846 cognoscebat,
342 2778 459 2823 novam
481 2756 701 2841 cognitionem
723 2754 927 2840 adipiscitur.
951 2758 1050 2842 Atqui
1072 2778 1162 2823 mens

89 2864 154 2929 ope
175 2864 189 2907 s
213 2840 353 2925 llogismi
378 2839 440 2904 sibi
463 2846 630 2923 comparat
650 2845 722 2903 acta
744 2836 833 2902 illam
855 2837 1085 2924 cognitionem,
1107 2860 1162 2905 eu-

89 2925 146 2990 ius
167 2862 388 3010 adquirendae
413 2922 534 2987 virtute
556 2919 725 2985 dumtaxat
747 2917 901 3004 pollebat.
923 2921 1010 3005 Ergo
1032 2923 1163 3009 syllogi-

90 3028 182 3072 smus
204 3004 245 3073 ad
268 3005 337 3069 veri
360 3003 579 3090 cognitionem
600 3000 694 3066 valde
717 3000 809 3066 utilis
831 3012 889 3068 est.

131 3089 184 3153 6‘1.
213 3085 370 3152 Probatur
391 3087 507 3149 minor.
531 3083 645 3159 Mens,
675 3103 751 3148 cum
780 3086 974 3168 praemissas
997 3084 1031 3147 in
1053 3106 1086 3149 se
1109 3104 1163 3149 co-

91 3170 242 3255 gnoscit,
265 3167 528 3242 conclusionem,
556 3164 696 3250 quaein
719 3164 785 3229 illis
801 3167 940 3250 potentia
966 3168 1161 3244 continetur,

83 3254 252 3337 patentia,
275 3272 339 3317 non
361 3259 436 3314 acta
456 3247 647 3333 cognoscit,
675 3247 752 3332 quia
779 3250 858 3312 satis
880 3257 1014 3313 nonest
1036 3246 1163 3332 aliquid

89 3336 196 3401 altero
209 3334 384 3409 contineri,
406 3343 444 3399 ut
465 3350 555 3396 mens
568 3350 669 3394 unum
684 3328 809 3405 ridens,
828 3328 938 3397 videat
957 3339 989 3394 ct
1010 3329 1161 3406 alterum3

90 3416 148 3483 sed
171 3438 300 3483 necesse
321 3426 382 3492 est,
405 3424 443 3479 ut
462 3411 551 3478 aliud
577 3411 643 3476 alio
665 3411 825 3477 contineri
848 3412 1037 3498 perspiciat.
1064 3412 1163 3497 atqui

90 3519 184 3566 mens
199 3498 327 3563 nonnisi
344 3518 406 3585 ope
421 3494 602 3584 syllogismi
617 3494 860 3559 conclusionem
881 3492 1066 3580 praemissis
1087 3515 1165 3559 con-

129 3686 136 3721 ¹
158 3684 222 3748 Lag.
244 3680 351 3742 tnuatr'r,
371 3682 450 3730 tract.
472 3674 540 3739 vttt,
562 3676 643 3739 Opp„
665 3689 692 3739 p.
713 3674 759 3735 lt,
779 3670 899 3738 lugduni
922 3674 1001 3727 tect.
