2475 3909
21 240 29 250 „
144 164 206 228 aaa
500 179 775 229 aaronemcocra

103 265 160 327 hoc
197 262 229 323 in
263 260 379 344 primis
406 261 585 327 absurdum
613 273 682 339 est,
707 282 779 325 cnm
808 279 919 323 rerum
945 268 1084 325 naturae
1112 262 1181 327 sint

104 346 278 417 immotae3
300 341 431 417 deinde,
454 346 480 407 si
505 344 745 419 admitteretur,
769 340 856 416 linis,
877 340 920 405 ob
941 361 1040 424 quem
1065 344 1179 405 anima

104 424 144 487 ad
167 423 352 487 huiusmodi
378 446 515 510 corpora
542 425 682 510 deprimi
706 425 850 500 dicitnr,
873 436 909 489 ut
937 445 1054 509 nempe
1075 426 1181 489 scele-

104 528 178 569 rum
201 526 337 591 poenam
360 506 441 583 luat,
461 520 494 573 et
517 506 754 574 beatitudinem
778 508 905 590 assequi
929 508 1045 590 possit,
1071 506 1180 571 inanis

106 587 203 663 foret;
221 590 336 652 namsi
353 590 479 654 animae
501 592 565 655 sint
589 588 714 654 formae
731 588 912 665 brutorum,
929 606 1110 670 poenarum
1127 610 1180 652 ra-

106 689 202 814 paces
224 691 288 734 non
309 682 396 747 sunt,
419 693 524 756 nequc
547 671 666 737 mereri
690 680 841 757 possunt,
866 682 901 736 ut
922 670 963 735 ad
986 672 1088 736 vitam
1114 692 1182 733 me-

122 754 223 815 iorem
244 764 456 817 revertantur.
472 755 558 831 Quin
580 754 681 817 immo
705 755 774 838 ipsa
798 752 1084 839 metempsychosis
1107 774 1182 816 rue-

110 848 169 909 ret3
187 836 352 897 nonenim
375 834 488 900 eadem
511 838 633 911 anima,
649 856 733 920 quae
756 846 849 900 antea
864 855 982 919 eorpus
997 833 1180 898 humanum

108 914 319 993 informabat,
335 916 390 981 sed
406 919 514 981 anima
535 917 684 981 diversae
708 928 842 983 naturae
863 937 982 1001 corpus
998 913 1182 979 belluinum

108 996 310 1063 informaret.
335 1022 352 1060 a
376 998 409 1065 st
425 998 678 1066 demutationem
698 1002 797 1085 capit,
815 1002 859 1066 ita
873 1021 910 1064 ar
934 996 1031 1063 uehat
1053 996 1184 1063 Tertul-

109 1078 227 1153 lianus,
248 1082 399 1145 amittens
421 1080 509 1164 qnod
532 1080 610 1157 fnit,
627 1101 690 1144 non
713 1084 776 1147 erit
797 1103 882 1167 quae
905 1018 980 1156 flate
996 1080 1070 1144 etsi
1120 1100 1183 1143 uae.

109 1158 184 1236 fuit,
208 1182 271 1227 non
293 1163 369 1239 erit,
384 1160 488 1227 solnta
509 1173 558 1228 est
580 1166 886 1239 metemsomatosis,
908 1183 971 1227 non
995 1161 1101 1226 adseri
1150 1182 1186 1223 n-

110 1240 151 1305 da
172 1243 298 1309 scilicet
317 1245 348 1307 ei
371 1246 522 1320 animae,
543 1266 627 1329 quae
649 1246 676 1309 si
699 1244 931 1319 demutabitur,
954 1264 1017 1308 non
1040 1247 1119 1309 erit.
1144 1244 1185 1307 ll·

111 1323 174 1390 lius
195 1328 284 1391 enim
311 1328 601 1393 metemsomatosis
628 1326 778 1402 dicetur,
801 1346 1025 1414 quaecumque
1054 1346 1129 1390 eam
1152 1328 1184 1389 in

112 1428 172 1471 sno
193 1415 277 1474 stato
300 1407 517 1491 permanendo
540 1418 708 1493 pateretur
723 1410 733 1447 ¹
750 1431 778 1473 n.

152 1490 222 1555 231.
240 1491 362 1555 Mirum
385 1492 495 1574 itaque
518 1512 581 1554 non
603 1502 664 1562 est,
680 1491 705 1554 si
723 1489 868 1555 nonnulli
885 1489 1050 1554 Ecclesiae
1071 1488 1186 1553 Patres

113 1572 194 1634 hanc
218 1574 410 1638 sententiam
444 1574 530 1637 seria
563 1572 761 1637 refutatione
795 1572 961 1657 indignam
995 1570 1183 1634 habuerint.

114 1678 130 1711 a
154 1652 361 1719 abiiciamus
375 1655 466 1729 haec,
480 1676 506 1718 s.
525 1656 727 1739 Augustinus
750 1654 870 1731 aiebat,
886 1666 918 1719 et
940 1654 989 1717 rel
1005 1652 1186 1726 rideamus,

113 1738 190 1817 quia
214 1734 294 1801 falsa
316 1747 401 1811 sunt,
425 1736 474 1800 rel
496 1735 678 1810 doleamus,
699 1736 776 1820 quia
799 1756 917 1819 magna
937 1734 1186 1800 existimantur.

114 1820 195 1965 {qm
224 1819 284 1884 ista
298 1866 317 1936 ,ε
334 1819 464 1885 Fratres
489 1819 580 1895 mei,
609 1838 725 1902 magna
754 1838 947 1901 magnorum
969 1816 1187 1881 deliramenta

165 1911 292 1964 ctorum
335 1923 364 1963 n.

115 2040 182 2093 bar.
203 2040 250 2093 Vl.
264 2071 295 2079 -
307 2040 411 2101 blodtn,
431 2057 485 2106 qno
497 2042 532 2090 ab
544 2040 678 2091 hod‘cmia
699 2036 857 2088 Pantheistts
875 2037 1063 2086 immortalitas
1083 2038 1188 2087 animae

491 2115 651 2176 explicator.
673 2110 807 2161 refellitur

157 2216 228 2283 232.
254 2216 321 2281 lam
344 2218 490 2283 Plotinus
512 2217 640 2303 putarit
662 2223 802 2279 mentem
824 2212 997 2277 humanam
1013 2212 1058 2279 ita
1075 2223 1188 2277 natura

118 2318 177 2363 sua
199 2311 422 2381 comparatam
454 2320 549 2375 esse,
573 2309 609 2363 ut
636 2296 805 2381 paullatim
838 2294 879 2359 ad
907 2293 1187 2377 amplificationem

118 2381 289 2463 pervenire
310 2391 420 2467 queat,
443 2382 569 2447 scilicet
584 2380 624 2444 ad
642 2377 734 2444 illum
757 2386 893 2453 statum,
915 2377 947 2440 in
969 2396 1049 2461 quo,
1064 2375 1189 2442 dostru-

118 2471 170 2526 cta
190 2462 338 2527 donicae
365 2463 526 2538 subiecti,
552 2472 649 2547 atque
675 2460 809 2536 obiecti,
831 2478 867 2522 se
888 2478 1005 2532 unum,
1035 2458 1189 2542 idemque

119 2564 194 2608 cum
217 2547 298 2622 Uno,
321 2549 388 2612 sire
409 2546 558 2611 Absolute
579 2553 731 2628 agnoscat
746 2542 769 2603 ⁸.

158 2625 230 2692 233.
255 2628 342 2693 llaec
363 2628 534 2703 doctrina,
556 2646 657 2710 quarn
684 2623 830 2689 Plotinus
857 2641 972 2704 magna
994 2642 1037 2685 ex
1058 2632 1190 2705 partea

121 2707 238 2774 Stoicis
251 2731 327 2775 acce
353 2712 388 2786 it,
399 2709 624 2793 polinpeaeaim
641 2707 707 2771 sire
722 2703 907 2786 mpenerotio
922 2700 1009 2768 dicta
1024 2714 1090 2778 est,
1104 2724 1192 2767 earn-

121 2809 183 2871 que
206 2812 317 2855 omnes
331 2732 564 2868 ll‘antbeistae,
586 2792 619 2853 in
643 2789 822 2873 primisque
847 2782 996 2850 hodierni
1028 2785 1192 2869 heghelia·

123 2869 154 2933 ni
167 2871 193 2949 ⁴,
209 2873 284 2938 licet
304 2873 442 2939 dirersis
464 2874 580 2946 modis,
596 2881 630 2936 ct
644 2870 704 2935 sub
727 2868 868 2934 dirersis
888 2866 1086 2940 nominibus,
1104 2867 1191 2931 illam

122 2955 297 3041 amplexati
321 2968 406 3022 sunt.
430 2959 537 3031 Hinc,
560 2953 637 3039 ipsi,
659 2964 695 3019 ut
716 2962 810 3017 antea
836 2948 982 3014 diximus
1002 2950 1027 3026 ⁵,
1049 2949 1192 3013 animam

121 3054 162 3098 ex
184 3060 223 3103 eo
246 3039 465 3104 immortalem
486 3059 554 3103 esse
576 3037 781 3109 docuerunt,
802 3029 890 3117 quod
919 3041 990 3116 post
1010 3050 1108 3095 corru
1135 3031 1194 3097 tio-

123 3137 196 3185 nem
218 3121 365 3206 corporis
387 3121 422 3184 in
443 3119 562 3185 Divina
589 3116 787 3186 substantia,
811 3116 893 3186 sire,
914 3120 951 3177 ut
971 3114 1077 3189 aiunt,
1101 3052 1193 3177 ltro

122 3197 189 3265 tato
211 3201 415 3268 absorbetur.
439 3201 531 3277 lam,
553 3200 684 3266 omissis
713 3198 797 3263 vitiis
823 3194 1042 3282 pantheismi,
1065 3216 1108 3259 ex
1128 3214 1192 3279 qno

458 3328 814 3350 -μ

166 3394 174 3431 ¹
198 3399 235 3445 oa
254 3400 361 3451 Anima.
382 3410 409 3445 c·
430 3394 527 3444 32.-²
545 3398 631 3446 eorm.
652 3388 764 3453 ctttt,
784 3406 811 3441 o.
832 3392 859 3447 5.
880 3404 907 3441 n.
929 3389 956 3440 a.

163 3466 263 3515 lurra.
286 3464 318 3523 V,
341 3467 387 3514 tth.
410 3463 455 3522 ΙΙΙ,
476 3481 501 3515 c.
522 3467 550 3524 3,
571 3471 599 3515 et
617 3468 645 3522 t.
666 3471 747 3528 atquc
767 3464 843 3515 attat.

164 3532 174 3567 l
194 3531 271 3584 Cloe
284 3537 326 3584 hts
340 3534 372 3585 E.
388 3533 466 3591 Caro,
484 3539 510 3586 ι’
520 3537 573 3588 trie
586 3540 617 3585 aa
634 3540 705 3591 tatae.
721 3544 744 3585 et
758 3552 797 3587 rer
810 3547 946 3587 nannenus
958 3535 1090 3598 rrtn'prer.
1104 3545 1130 3581 c.
1148 3528 1190 3589 Π.

130 3619 157 3667 p.
178 3604 232 3655 ata
251 3620 308 3670 sqq,
330 3605 400 3656 Paris
421 3607 500 3658 aaut.
515 3610 569 3645 -5
589 3608 652 3674 Pag.
674 3608 738 3660 aas.
