2475 3909
188 198 230 265 20
579 214 779 263 noeicaa

148 320 181 365 se
203 298 351 375 habeant,
373 296 426 362 bic
448 304 554 361 autem
581 296 661 362 ordo
686 318 726 361 ea
772 296 885 371 stulat,
913 307 949 360 ut
970 314 1054 359 unus
1078 290 1214 372 baberi,

148 391 181 447 et
203 380 340 465 intelligi
363 388 500 464 nequeat
526 378 595 443 sine
618 379 693 443 alio.
753 428 761 441 .
783 400 831 464 3.,
854 379 937 454 etsi,
961 378 1065 462 posito
1086 375 1214 454 scibili,

147 484 277 529 necesse
298 483 361 527 non
384 463 426 526 sit
446 462 522 549 poni
544 460 725 537 scientiam,
742 472 847 526 tamen
870 480 932 523 non
954 470 1059 545 potest
1078 460 1215 545 aliquid

148 566 163 609 s
187 545 287 611 eetari
311 555 473 628 tamquam
495 542 624 621 scibile,
647 542 708 607 nisi
730 542 769 607 ad
791 543 931 626 aliquem
953 540 1125 620 referatur,
1149 544 1214 628 qui

148 566 230 692 illud
252 629 343 691 sciat.
367 626 462 702 Item,
482 626 541 692 etsi
563 634 738 712 conceptus
752 624 815 689 Dei
829 644 935 689 secum
951 644 1014 688 non
1034 624 1117 692 terat
1130 648 1217 691 con-

148 721 278 794 ceptum
294 729 403 773 rerum
418 718 727 785 creatarum‚tamen
741 704 830 771 Deus
851 705 986 791 intelligi
1000 728 1066 772 uon
1087 718 1212 795 potest,

150 802 314 876 tamquam
339 800 479 868 creator,
507 792 571 856 uisi
593 789 633 853 ad
663 810 714 854 res
735 800 828 853 extra
850 809 884 854 se
906 788 1075 855 referatur.

455 912 523 969 llur.
544 914 688 967 tlt—ua
712 918 888 981 qualitate

187 1025 237 1087 dd.
263 1024 404 1103 Qualitas
423 1032 472 1089 est
492 1021 658 1099 accidens,
682 1018 767 1106 quod
790 1042 851 1107 per
870 1042 904 1085 sc
926 1016 1052 1085 inducit
1073 1020 1107 1084 iu
1129 1022 1217 1087 sub-

147 1107 295 1170 stantiam
318 1128 333 1171 s
356 1106 491 1171 ecialem
512 1104 644 1169 modum
657 1102 798 1180 essendi;
817 1125 846 1168 e.
863 1124 908 1187 3.,
922 1102 1071 1181 scicntia,
1086 1104 1214 1181 virtus,

147 1188 237 1253 color
250 1198 310 1253 etc.
349 1208 401 1252 am
415 1187 660 1273 qualitas,cum
674 1199 807 1252 vocatur
819 1185 978 1262 accidens,
992 1184 1217 1270 distinguitur

147 1290 165 1331 a
187 1270 361 1355 differentia
380 1270 533 1355 specifico3
554 1270 633 1335 baec
653 1269 754 1347 enim,
774 1269 835 1334 etsi
855 1269 973 1335 elliciat
993 1268 1213 1335 substantiam

146 1354 287 1435 quatem,
310 1362 418 1417 tamen
440 1372 503 1417 non
524 1364 574 1418 est
594 1349 742 1418 accidens
764 1350 836 1428 rei,
861 1350 938 1435 quia
958 1351 1129 1417 essentiam
1153 1356 1212 1418 rei

145 1434 312 1500 constituit
326 1434 350 1496 ¹.
375 1433 502 1500 Dicitur
516 1444 624 1500 autem
644 1434 784 1518 qualitas
795 1454 852 1518 per
865 1456 896 1498 se
911 1431 1065 1499 inducere
1080 1434 1113 1496 in
1127 1437 1216 1499 sub-

145 1518 293 1581 stantiam
305 1514 476 1599 specialem
491 1514 624 1582 modum
637 1515 774 1594 essendi,
788 1518 868 1613 quia
880 1516 1019 1601 qualitas
1032 1517 1103 1580 sine
1118 1516 1214 1583 alius

146 1597 236 1663 modi
257 1595 403 1663 subsidio
426 1596 632 1665 modificatur
653 1598 878 1675 substantiam,
896 1598 976 1663 dum
996 1620 1014 1664 e
1036 1603 1214 1666 contrario

147 1677 211 1743 nlia
227 1676 403 1745 accidentia
418 1678 629 1747 substantiam
644 1680 773 1767 qualem
788 1678 926 1745 reddunt
939 1703 1001 1747 nou
1012 1700 1070 1766 per
1083 1700 1132 1756 ac,
1146 1684 1211 1748 sed

145 1771 368 1847 consequenter,
384 1782 499 1849 nempe
520 1784 578 1849 per
591 1763 738 1829 diversos
759 1763 889 1840 modos,
902 1762 1022 1848 qulbus
1043 1784 1114 1828 eam
1135 1768 1217 1832 alli-

146 1842 247 1909 ciunt.
271 1844 310 1910 Ε.
333 1864 378 1930 3.,
400 1846 563 1931 quantitas
590 1845 801 1913 substantiam
821 1844 1058 1931 quodammodo
1080 1847 1211 1930 quatem

147 1924 246 1992 ellicit
265 1946 330 1993 non
373 1949 409 1993 er
429 1948 475 2007 se,
491 1926 547 1994 sed
561 1952 603 1996 ex
615 1950 656 1996 eo
669 1925 755 2015 quod
770 1938 890 2014 partes,
902 1948 982 2014 quas
1003 1927 1212 1998 substantiae

144 2006 273 2085 tribuit,
296 1946 474 2076 modificari
494 2021 628 2095 queunt.

160 2168 166 2181 Ι
184 2088 235 2155 43.
254 2088 401 2165 Quatuor
436 2092 578 2159 ualitatis
592 2093 716 2179 species
730 2090 981 2179 distinguuntur.
999 2090 1107 2156 Prima
1121 2114 1213 2177 qua·

143 2166 243 2235 litatis
265 2174 391 2257 species
411 2113 466 2238 illa
484 2172 616 2254 dicitur,
640 2197 699 2261 per
718 2195 814 2323 quam
834 2173 1009 2240 substantia
1030 2175 1075 2240 ita
1094 2171 1213 2242 deter-

144 2252 301 2331 minatur,
323 2266 360 2323 ut
380 2256 474 2331 bene,
496 2256 548 2321 vel
568 2257 652 2323 male
673 2278 706 2323 se
748 2257 842 2324 abeat
862 2267 919 2324 aut
941 2258 976 2323 in
997 2278 1054 2333 se,
1075 2255 1224 2330 scilicet

142 2336 178 2398 iu
199 2354 258 2401 suo
280 2356 353 2418 este,
375 2335 491 2405 autad
512 2336 604 2416 bene,
625 2338 676 2405 vel
696 2339 781 2405 male
802 2338 1016 2425 operandum.
1033 2339 1072 2405 E.
1089 2358 1136 2422 3.,
1152 2362 1222 2405 εει-ι

142 2416 225 2482 nitas
245 2418 291 2485 ita
313 2419 507 2488 determinat
524 2441 655 2509 corpus,
669 2430 707 2488 ut
719 2418 814 2500 bena,
828 2431 862 2489 et
870 2418 1052 2510 aegritudo,
1066 2431 1101 2484 ut
1117 2423 1221 2510 nmteg

143 2518 177 2562 se
197 2498 323 2595 babeat.
347 2504 436 2571 llaec
456 2514 563 2569 autem
591 2503 758 2590 qualitatis
778 2504 900 2590 specics
918 2503 1040 2571 dicitur
1059 2498 1220 2588 inditus„¹

144 2591 200 2648 aut
220 2582 241 2647 d
289 2584 392 2651 esitio.
416 2586 557 2653 Vocatur
577 2585 722 2662 babitus,
744 2586 773 2651 si
794 2585 955 2652 eiusmodi
975 2595 1041 2664 est,
1061 2596 1098 2650 ut
1118 2582 1218 2670 ‹litii-l

142 2664 245 2731 culter
278 2667 414 2734 imoveri
432 2670 567 2755 possita
582 2669 737 2746 subiecto,
752 2669 806 2734 cui
819 2668 977 2747 inhaeret3
991 2689 1020 2733 a.
1036 2687 1081 2753 3.,
1095 2668 1217 2735 scien-⁴

143 2746 199 2844 tiaq
221 2748 380 2851 dispositiq
401 2762 526 2849 autem,
537 2751 568 2848 'si
584 2750 679 2817 lacilo
693 2746 734 2815 ab
747 2772 786 2817 eo
799 2750 959 2817 dimoveri
973 2759 1089 2836 potest,
1102 2770 1133 2815 o.
1152 2772 1215 2844 g.,4

142 2833 735 3003 0pllio'Sesdiiiidlimq’uillillldtlidl‘species
749 2913 1050 3011 afficitlacultatem
1065 2915 1206 2999 agendi,

141 3015 206 3080 qua
226 2996 405 3066 substantia
425 2998 541 3085 pollet,
563 3007 660 3083 atque
680 2998 828 3064 consistit
847 3018 881 3062 m
903 2997 1124 3086 proclivitate,
1147 3019 1172 3062 ιι

140 3078 376 3161 imbecillitate,
397 3101 481 3169 quae
503 3082 513 3145 i
539 3080 566 3145 si
588 3081 673 3145 inest
691 3078 732 3145 ad
751 3079 913 3177 agendum
934 3102 993 3157 ea,
1015 3099 1099 3165 quae
1121 3081 1185 3147 eiu

140 3157 304 3229 obiectum
324 3172 409 3241 sunt,
431 3174 463 3231 et
485 3184 503 3228 a
546 3162 760 3229 resistendum
782 3162 834 3242 ais,
855 3183 938 3248 quae
959 3161 1049 3229 illius
1069 3167 1186 3229 exerci

139 3249 296 3314 tationem
316 3245 477 3333 impedire
505 3255 647 3331 possunt.
676 3241 866 3313 Proclivitas
891 3256 1024 3311 vocatur
1045 3247 1202 3328 potentin,

138 3328 343 3403 imbecillitas
364 3342 471 3397 autem
493 3330 686 3426 impotentia.
708 3327 747 3392 Ε.
771 3346 817 3413 3.,
839 3328 986 3395 Socrates
1012 3346 1071 3473 por
1114 3328 1184 3393 nali

138 3412 395 3499 tatempotentiue
408 3410 596 3478 naturaliter
609 3418 812 3495 comparatus
824 3420 895 3477 erat
906 3408 948 3476 ad
960 3408 1015 3501 plai
1026 3428 1106 3496 osop
1130 3410 1162 3475 'a

140 3514 267 3561 morum
289 3494 528 3563 addiscendam.

173 3702 182 3741 ¹
203 3699 239 3754 ct
254 3716 281 3766 p.
304 3702 347 3757 ll.
