2475 3909
144 184 208 248 m
503 199 776 249 suranororoom

147 285 218 351 188.
241 282 350 349 Obiis.
374 282 533 359 Embrio,
556 292 728 365 antequam
756 282 864 346 anima
893 284 1044 350 rationali
1075 284 1180 351 iulor-

106 376 237 441 uretur,
260 368 363 443 vivit,
386 377 419 431 ct
440 365 582 433 animaru
610 362 717 428 habet.
741 364 829 447 Ergo
856 365 987 443 anima,
1011 382 1111 453 prout
1133 383 1180 434 est

106 449 299 531 vegetativa,
320 459 352 514 et
372 447 526 511 sensitiva
550 447 583 508 in
607 445 748 521 bomine,
772 444 933 511 diversam
956 470 994 514 ac
1016 462 1115 536 prout
1131 464 1178 515 est

107 529 279 595 rationalis
300 530 462 613 originem
485 524 591 591 babet.

149 614 218 679 189.
242 610 340 696 Resp.
367 610 446 673 θέει.
469 618 560 684 ont.,
582 608 627 671 ita
649 616 707 683 ut,
731 604 922 675 adveniente
946 612 1054 675 anima
1079 614 1179 677 ratio-

107 694 186 770 nali,
210 704 338 758 maneat
359 694 468 759 anima
491 692 671 774 vegetativa
693 701 726 755 et
746 692 911 767 sensitiva,
933 713 999 776 neg.
1021 704 1112 770 nae,
1136 698 1179 761 ita

108 784 144 838 ut
165 774 244 839 baec
266 772 455 849 obiiciatur,
471 793 553 836 conc.
570 781 634 834 ont.
659 770 738 854 Nep.
761 793 843 839 cons.
866 774 929 841 llic
951 777 1113 843 memoria
1132 800 1179 841 re-

105 856 279 921 colendum
301 867 351 925 ost
373 876 441 921 rem
463 876 481 917 a
505 855 609 950 prima
634 852 738 917 lorma
767 853 968 921 substantiali
994 858 1026 921 in
1048 879 1110 923 sua
1133 880 1180 923 es

107 939 211 1002 sentia
233 939 401 1013 constitui,
417 948 449 1001 et
464 934 622 1021 quidquid
647 936 802 1001 essentiae
825 938 872 1002 rei
896 940 962 1005 iam
983 940 1179 1005 constitutae

107 1018 251 1095 advenit,
267 1039 335 1082 esse
357 1019 567 1084 accidentale.
583 1017 757 1093 Quocirca,
774 1018 814 1094 si,
832 1032 977 1085 manente
1000 1022 1112 1085 anima
1130 1044 1180 1086 ve-

108 1100 267 1186 getabili,
292 1101 341 1165 vel
364 1100 540 1174 sensitiva,
564 1101 595 1162 ei
619 1098 853 1183 adiungeretur
878 1102 984 1165 anima
1008 1100 1180 1168 intellecti-

109 1204 161 1255 va,
182 1183 262 1247 baec
283 1183 445 1249 inveniret
472 1181 653 1249 subiectum
676 1180 740 1245 iam
762 1180 796 1243 in
818 1203 876 1247 sua
898 1185 1037 1251 essentia
1060 1189 1180 1250 cousti-

109 1274 239 1342 tutum;
262 1284 301 1328 ac
322 1264 459 1351 proinde
481 1264 590 1330 aninra
614 1262 810 1327 intellectiva
837 1264 976 1329 bominis
1002 1268 1178 1331 essentiam

108 1366 173 1410 non
196 1348 421 1423 constitueret,
442 1344 498 1411 sed
520 1342 764 1410 accidentaliter
785 1346 912 1413 animae
934 1348 1112 1413 sensitivae
1129 1370 1180 1413 ve-

108 1424 338 1512 lutiquaedam
360 1432 433 1493 eius
456 1427 616 1516 perfectio
639 1423 822 1502 adveniret;
841 1425 873 1492 id
888 1427 973 1513 qnod
997 1428 1178 1497 absurdum

106 1524 156 1576 cst
171 1512 193 1574 ¹.
218 1512 303 1574 llinc
324 1532 350 1574 s.
373 1512 511 1577 Thomas
533 1509 610 1575 baec
632 1506 746 1573 docet:
769 1504 801 1571 1⁰
817 1508 851 1572 ln
875 1512 1086 1595 generatione
1110 1512 1180 1575 ani-

107 1592 213 1668 malis,
229 1602 262 1659 et
275 1592 414 1663 hominis
437 1592 545 1691 plures
565 1588 630 1655 sibi
654 1589 829 1655 succedunt
852 1590 989 1671 formae,
1006 1614 1045 1657 ae
1066 1594 1179 1679 proin-

106 1673 146 1738 de
169 1675 279 1760 plures
302 1676 561 1819 pcneratrones¹.
576 1670 612 1736 2⁰
628 1672 790 1748 Quoniam
813 1675 980 1756 generatio
1002 1676 1107 1739 unius
1130 1684 1178 1737 est

106 1759 274 1842 corruptio
288 1778 306 1819 a
322 1760 433 1833 terius,
449 1756 641 1821 adveniente
665 1751 769 1822 lorma
793 1753 995 1839 perfectiori,
1012 1779 1029 1818 u
1054 1755 1091 1826 lit
1106 1775 1178 1820 cor-

105 1840 217 1925 ruptio
240 1840 372 1924 prioris,
389 1839 433 1904 ita
449 1848 567 1914 tamen,
583 1834 670 1921 quod
682 1856 823 1919 sequens
844 1835 948 1903 lorma
970 1836 1067 1903 babet
1080 1840 1177 1932 quip-

105 1921 188 2072 puid
209 1920 348 2019 babebat
374 1922 502 2018 prima,
525 1930 557 1985 et
578 1919 682 2016 adbuc
704 1916 850 2016 ¹amplius
865 1922 876 1959 ⁸
894 1943 923 1983 u.
946 1919 980 1987 3⁰
1004 1919 1117 2015 Quare
1143 1940 1175 1982 m

131 2025 168 2068 ne
190 2014 410 2087 generationis
430 2002 589 2067 hnmanae
612 2001 769 2066 abncrtur
790 2020 900 2067 amma
922 2011 1121 2086 vegetativa,
1145 2010 1178 2065 et

107 2086 274 2163 sensitiva,
287 2098 384 2170 atque
405 2096 537 2150 creatur
551 2106 570 2149 a
584 2082 654 2148 Deo
675 2082 784 2151 anima
808 2084 1017 2158 intellectiva,
1032 2104 1122 2170 quae
1138 2082 1181 2145 si-

107 2166 175 2232 mul
198 2178 247 2232 est
267 2178 301 2233 et
321 2168 476 2232 sensitiva
499 2177 532 2232 et
552 2165 746 2251 vegetativa.
776 2186 793 2225 a
817 2166 929 2231 Primo
953 2164 1127 2231 inducitur
1150 2185 1181 2228 a·

107 2250 196 2312 nlma
215 2249 418 2333 vegetabilis3
430 2248 561 2325 deiude,
577 2270 616 2312 ea
631 2247 772 2320 abiecta,
788 2246 953 2315 inducitur
974 2247 1084 2313 anima
1109 2266 1181 2311 sen-

106 2329 213 2396 sibilis
233 2341 267 2397 et
287 2330 480 2417 vegetabilis
507 2330 633 2406 simnl3
661 2348 726 2413 qua
753 2327 899 2407 abiecta,
923 2328 1092 2395 inducitur
1116 2342 1181 2393 nou

107 2434 168 2499 per
189 2417 345 2479 virtutem
367 2412 564 2498 praedictam
581 2414 663 2497 (nem
689 2411 870 2476 eoirtutem
883 2412 1180 2496 [mmotienrmpunr

106 2516 127 2559 o
145 2497 307 2582 principio
328 2506 372 2558 est
394 2496 430 2558 io
449 2496 593 2577 semine),
616 2515 649 2559 se
695 2515 713 2557 a
735 2504 876 2570 creante,
889 2496 1015 2571 anima,
1030 2513 1119 2576 quae
1141 2493 1182 2555 si·

107 2578 176 2642 mul
197 2588 246 2644 est
268 2576 443 2653 rationalis,
457 2576 676 2652 sensibilis,et
690 2596 728 2639 ve
753 2574 893 2641 etabilis.
910 2577 951 2641 Et
965 2576 1014 2638 sic
1034 2574 1179 2649 embado,

107 2671 280 2745 autequam
301 2657 418 2725 babeat
438 2661 581 2724 enimam
602 2595 793 2724 rationalem
809 2706 817 2735 ,
833 2659 928 2734 vivit,
945 2669 978 2723 et
991 2654 1088 2729 habet
1111 2658 1181 2723 aui-

108 2762 208 2818 mam,
230 2763 296 2828 qna
317 2740 456 2818 abiecta,
481 2740 648 2806 inducitur
669 2740 779 2804 anima
801 2737 969 2808 rationalis
984 2738 996 2775 ⁸
1013 2760 1043 2807 r.

452 2890 795 2915 *na—-

144 2959 152 2996 ¹
264 2964 269 2976 .
602 2957 607 2969 .

97 3061 100 3067 ·
142 3032 155 3069 ²
173 2962 405 3085 ggiupurgpinvnp
419 2959 700 3092 idvinlidalil'gme
717 3045 728 3074 a
745 3025 848 3093 Quanto
866 3028 956 3091 aliqua
975 3026 1061 3077 lerina
1075 3032 1118 3077 est
1133 3040 1182 3077 no-

106 3107 186 3156 blltor
203 3110 231 3157 et
250 3107 334 3169 magis
352 3104 452 3155 dtrtana
470 3114 484 3150 a
505 3101 590 3153 lerina
615 3101 761 3157 elementi,
788 3106 862 3151 tanto
886 3104 991 3162 oportet
1010 3112 1070 3149 esse
1088 3100 1181 3163 plnres

107 3178 209 3230 lormaa
228 3177 410 3234 lntermedlaa,
423 3175 519 3240 qulbus
531 3173 662 3236 gradatim
682 3172 714 3223 ad
735 3170 847 3223 lormarn
867 3173 990 3224 nltimam
1004 3172 1140 3229 ventatur,
1153 3176 1182 3221 et

106 3264 155 3313 per
167 3263 332 3313 consequens
344 3252 432 3312 plures
443 3247 628 3310 generationes
642 3246 812 3295 intermedias
825 3261 849 3303 a,
862 3246 951 3297 Gontr.
963 3246 1052 3303 sena,
1064 3244 1119 3295 loc.
1132 3244 1179 3293 eit.

142 3321 185 3371 ⁸l
217 3316 392 3371 loo.oit.Cl
428 3318 519 3368 ‚ate

142 3357 223 3455 ‘dp
243 3394 340 3455 ωυρμ,
361 3334 489 3449 trepitat..
510 3388 575 3438 ibid.
595 3388 629 3438 ad
648 3388 675 3441 9.
697 3386 767 3439 llaec
787 3385 819 3438 l).
840 3382 957 3439 Thomas
984 3388 1086 3438 theoria
1107 3386 1181 3437 nisae

108 3465 249 3522 postremis
267 3464 344 3513 annts
362 3461 472 3524 probata
491 3466 532 3511 est
550 3462 620 3509 inter
632 3461 699 3510 atior
712 3461 880 3512 dootlsrtmor
893 3460 1061 3523 physiologos
1078 3471 1093 3507 a
1116 3456 1184 3511 Vin-

107 3532 196 3579 centio
215 3529 306 3589 Santi,
328 3535 403 3584 Delta
420 3534 528 3596 (orma,
547 3536 650 3595 generi,
671 3547 745 3583 coreo
764 3534 885 3584 naturale
903 3548 917 3583 e
935 3536 1007 3583 meat
1025 3534 1181 3587 da'vinentr',

108 3600 318 3720 PerusiaFlttt’sb.
335 3599 375 3723 ξί
389 3606 471 3653 etiam
491 3600 661 3662 biverannm,
675 3606 718 3657 Su'
727 3606 852 3671 prirr‘ar'ptr'
864 3604 905 3657 del
917 3608 1040 3657 moderno
1056 3606 1181 3667 tppoero-

108 3673 193 3728 tirrnv,
234 3686 286 3721 ano
308 3674 387 3723 189.
