2475 3909
538 189 722 240 omouoara
1093 182 1113 243 7

81 277 151 342 lum
173 276 369 352 subiectum,
392 274 446 339 cui
469 274 551 340 illud
573 274 699 360 aliquid
722 274 827 340 inesse
842 275 988 340 naturale
1009 288 1068 343 est.
1084 280 1156 343 Pri-

82 362 172 424 ratio
193 369 300 457 aptam
324 358 456 425 denotat
476 358 601 479 alipuid
628 378 693 423 non
712 377 783 423 csse
804 358 839 423 in
868 357 1038 437 subiecto,
1061 364 1157 426 cuius

82 452 200 508 natura
222 440 302 507 rttud
327 442 511 526 expostulat
542 490 549 504 .

171 580 237 631 Aer.
260 579 347 631 lll.—-
359 576 494 644 Quaedam
514 581 676 631 adnotantur
693 579 768 629 circa
787 578 917 643 originem
937 580 1074 631 notionum

474 654 560 710 entis,
581 656 608 701 et
628 665 680 703 nou
697 652 768 701 entls

128 763 398 851 1t.P1-aeotpuas
424 766 588 845 theorias,
616 785 702 850 quae
728 763 769 828 ad
796 764 956 849 originem
988 766 1158 831 notionum

81 848 181 992 aptis,
205 857 237 911 ct
257 867 321 911 non
342 850 424 912 entis
446 856 600 933 spectant,
624 856 792 932 sequentes
813 846 1052 932 propositiones
1073 867 1160 912 com·

122 938 289 994 ectuntur:

86 949 295 1094 pProp.1⁸.
320 1011 417 1075 Notio
438 1012 516 1076 tntis
531 1012 642 1107 prima
667 1021 709 1074 ert
736 1030 808 1075 cum
836 1012 872 1072 io
892 1010 997 1075 ordine
1024 1010 1161 1075 mertolo

84 1095 169 1175 pico,
193 1112 246 1155 scu
267 1095 428 1178 temporis,
450 1114 510 1180 qao
531 1093 702 1158 satellcetac
721 1092 858 1156 netimeas
878 1112 985 1156 rerem
1006 1092 1160 1179 adquirit,

85 1188 155 1239 tum
178 1174 214 1238 ia
235 1174 340 1238 ordine
362 1177 470 1259 logico,
493 1196 552 1262 quo
572 1179 709 1241 notiones
728 1176 811 1239 incer
830 1194 860 1237 ae
882 1176 1088 1240 contincatur.

129 1256 179 1320 15.
204 1254 314 1321 Prima
337 1278 412 1343 pars
433 1257 531 1322 huius
553 1258 785 1343 propositionis
800 1253 881 1320 illud
896 1255 962 1321 sibi
980 1257 1060 1333 vult,
1074 1254 1162 1341 quod

87 1337 272 1404 intellectus
293 1342 465 1405 essentiam
494 1361 604 1405 rerum
625 1339 862 1418 materialium,
885 1348 1036 1422 quaeest
1057 1339 1163 1423 ipsius

85 1418 275 1498 obiectum,
299 1424 429 1507 primo,
456 1432 551 1505 prout
571 1431 619 1488 est
640 1442 719 1496 ens,
742 1420 885 1519 concipit
902 1422 927 1483 ².
950 1419 1061 1486 Altera
1088 1440 1163 1539 pars

87 1500 253 1584 significat
275 1504 308 1566 in
330 1515 524 1589 conceptum
544 1504 630 1568 entis
651 1522 762 1567 omues
785 1502 931 1586 reliquos
952 1501 1069 1567 resolvi
1107 1550 1114 1564 .

132 1582 182 1647 16.
207 1584 365 1648 Probatur
387 1586 420 1650 1⁸
445 1606 529 1671 pars.
554 1586 648 1651 lllens
667 1584 807 1648 humana
828 1586 874 1650 ita
895 1593 1082 1669 comparata
1102 1593 1164 1657 est,

88 1673 128 1729 ut
142 1685 160 1728 a
175 1666 361 1731 notionibus
375 1669 477 1753 magis
492 1665 721 1732 communibus
730 1664 771 1730 ed
788 1668 935 1731 notiones
955 1667 1064 1730 miuus
1077 1684 1164 1729 com·

90 1767 207 1811 munes
237 1748 472 1832 progrediatur.
501 1749 603 1832 Atqui
642 1748 723 1812 nihil
752 1749 785 1811 in
813 1747 911 1812 rebus
938 1746 1163 1824 communius,

89 1848 190 1912 quam
212 1850 286 1906 ens,
310 1828 446 1915 intelligi
473 1840 587 1916 potest.
610 1832 698 1915 Ergo
720 1848 811 1893 mens
832 1829 972 1894 humana
998 1827 1164 1894 obiectum

90 1908 156 1973 sibi
173 1914 470 1995 proportionatum,
484 1931 599 1995 nempe
614 1910 787 1976 essentiam
802 1930 914 1975 rerum
934 1908 1166 1989 materialium,

92 1991 199 2077 princi
228 1993 270 2069 io,
295 2004 391 2078 prout
412 2003 460 2057 ost
481 2014 550 2070 ens,
578 1992 745 2089 intelligit.

136 2074 185 2136 17.
244 2075 316 2138 inor
331 2075 426 2140 huius
440 2076 627 2159 argumenti
641 2073 739 2138 facile
758 2092 800 2137 ex
815 2094 849 2139 se
865 2073 1073 2159 perspicitur,
1087 2073 1167 2156 quia

91 2152 255 2238 quidquid
278 2158 312 2220 in
335 2156 471 2241 singulis
491 2155 588 2219 rebus
603 2154 777 2229 iuvenitur,
798 2154 867 2219 sive
888 2153 1109 2232 substantiale,
1125 2155 1168 2218 si-

93 2256 133 2299 ve
155 2236 370 2312 accidentale,
393 2247 441 2303 est
461 2234 626 2321 quoddam
657 2257 714 2302 ens
733 2238 758 2299 ⁸.
783 2236 895 2300 Maior
919 2246 1026 2302 autem
1049 2238 1094 2301 ita
1115 2234 1169 2299 de-

95 2326 318 2385 monstratur:
344 2318 435 2383 lllens
463 2320 602 2383 humana
625 2319 671 2383 ita
693 2327 879 2401 comparata
900 2338 969 2382 esse
992 2316 1111 2393 debet,
1133 2328 1171 2383 ut

94 2398 260 2484 principio
273 2401 493 2483 cognitionem
509 2420 617 2464 rerum
640 2397 866 2484 imperfectam
888 2397 1056 2483 adquirat,
1079 2399 1170 2463 deiu-

92 2480 136 2543 de
150 2480 253 2565 ipsam
276 2479 433 2567 gradatim
456 2480 614 2566 perficiat,
630 2480 707 2565 quie
728 2498 792 2544 non
812 2481 844 2543 in
865 2488 938 2545 actu
961 2481 1169 2564 cognitionis,

94 2559 152 2626 sed
180 2563 214 2626 in
243 2566 385 2646 potentia
412 2561 452 2626 ad
479 2561 739 2646 cognoscendum
766 2559 874 2625 aDeo
900 2569 1041 2625 creatur.
1069 2563 1171 2645 Atqui

96 2643 265 2727 cognitio,
288 2664 355 2727 quo
377 2645 481 2727 magis
512 2644 695 2707 communis
721 2652 791 2717 est,
825 2664 865 2707 eo
894 2643 1001 2707 miuus
1028 2653 1076 2709 est
1099 2664 1172 2729 per-

96 2724 212 2819 lecta,
226 2725 302 2809 quia
325 2744 390 2810 quo
414 2726 515 2808 magis
537 2724 720 2788 communis
740 2734 808 2801 est,
830 2745 870 2788 eo
885 2725 1061 2869 pauciores
1082 2732 1173 2789 notas

96 2826 251 2892 proprias
271 2805 404 2881 obiecti,
427 2804 512 2889 quod
536 2815 767 2891 repraesentat,
790 2826 883 2890 comp
898 2807 1017 2872 ectitur
1035 2808 1060 2870 ⁵.
1086 2808 1172 2891 Ergo

98 2906 189 2951 mens
211 2887 349 2951 humana
373 2887 417 2952 ita
439 2897 624 2973 comparata
646 2896 717 2962 est,
740 2895 776 2951 ut
797 2889 944 2953 notiones
969 2909 1080 2951 rerum
1107 2908 1174 2949 ma-

97 2968 148 3053 gis
163 2988 353 3033 communes
368 2970 471 3054 prius,
487 2989 584 3053 quam
600 2970 708 3033 miuus
727 2989 925 3048 communes,
945 2978 1134 3055 assequatur
1147 2969 1172 3029 ⁸.

138 3148 146 3186 ¹
169 3146 205 3201 Cl
220 3164 243 3200 s.
264 3146 371 3207 Thoen„
394 3152 424 3199 ln
443 3151 486 3200 lid.
510 3152 625 3207 isent,
645 3147 713 3199 liist.
732 3146 806 3208 lllll‚
826 3164 854 3213 q.
877 3150 903 3207 l,
923 3162 949 3198 a.
970 3148 987 3197 l
1006 3148 1056 3197 sot.

135 3221 148 3258 ²
169 3220 190 3277 l.
211 3236 239 3285 q.
261 3220 293 3279 V,
314 3236 340 3271 a.
361 3222 376 3270 l
397 3236 423 3271 o.
440 3222 494 3259 -⁸
515 3225 563 3285 Qq.
584 3224 683 3285 dtspp.,
704 3224 743 3271 lte
767 3224 838 3280 veru,
859 3235 887 3284 q.
909 3218 930 3278 l,
950 3234 977 3269 a.
999 3219 1011 3268 l
1033 3231 1060 3268 c.

135 3292 147 3330 ⁴
170 3294 195 3342 l¹
216 3294 266 3351 2²⁰,
287 3308 314 3356 q.
336 3288 429 3352 XClV,
450 3308 476 3342 a.
497 3293 512 3342 2
533 3308 558 3344 o.
574 3294 631 3330 -5
652 3290 671 3350 l,
692 3308 721 3357 q.
741 3288 795 3347 LV.
816 3306 843 3343 a.
863 3292 879 3342 3
898 3293 932 3341 ud
951 3290 979 3340 2.

136 3365 149 3403 ⁶
171 3362 191 3424 l,
212 3380 240 3429 q.
260 3362 390 3423 lxxxv,
412 3380 439 3415 a.
459 3365 475 3415 3
495 3380 521 3415 c.
543 3362 645 3415 Exinde
664 3366 823 3427 intelligitur
841 3365 974 3414 notionem
993 3362 1078 3419 entis,
1099 3363 1177 3423 prout

101 3442 142 3487 ert
162 3438 248 3499 prima
268 3440 295 3487 in
312 3438 405 3487 ordina
425 3438 604 3500 cronologieo,
624 3450 682 3487 esse
701 3435 904 3500 tmperlectsm,
924 3449 957 3486 ao
976 3432 1084 3498 proinde
1104 3432 1179 3483 ludc-

102 3512 289 3568 terminatam,
310 3513 337 3559 et
355 3508 507 3561 contusam.
529 3508 648 3560 Praestat
672 3514 763 3561 antem
782 3508 833 3557 llic
851 3506 978 3558 adnotare
1001 3520 1048 3557 eos
1066 3519 1181 3556 commu·

102 3583 216 3629 adsume
229 3587 370 3645 acceptum
385 3586 522 3645 tamquam
541 3584 769 3633 indeterminatam
788 3581 909 3645 intelligi,
924 3585 1055 3645 qautenus
1073 3590 1126 3629 non
1138 3579 1180 3625 est

103 3651 170 3713 ltoc,
191 3657 239 3704 aut
258 3654 324 3704 illud
342 3667 400 3715 ene,
415 3659 443 3704 et
462 3658 552 3705 tamen
572 3658 667 3705 natura
687 3668 735 3705 rua
754 3654 791 3706 ita
804 3659 992 3721 comparatum
1008 3656 1060 3715 est,
1079 3654 1108 3699 ut
1120 3648 1179 3712 plu·
