2475 3909
357 272 775 441 onnotoatt

404 611 729 727 anonaaonunn
798 700 805 768 :

72 824 99 887 1.
117 794 298 907 (lntotogia
315 821 422 885 vocari
439 822 520 886 solet
536 822 546 859 ¹
563 821 618 885 illa
634 821 860 906 Philosophiae
883 844 970 910 pars,
987 820 1099 904 inqua

37 904 269 989 investigantur
293 904 366 968 illae
390 905 536 969 notiones
547 901 701 987 ,quibus
728 917 853 969 ceterae
877 904 1029 971 scientiae
1052 904 1100 965 in-

36 987 188 1052 nituntur.
219 986 403 1054 Secundum
426 1006 452 1049 s.
469 985 625 1049 Thomam
646 983 811 1049 delinitur.
838 989 991 1062 Scientia,
1015 1005 1099 1069 quae

35 1092 49 1127 a
70 1066 253 1134 considerat
280 1088 347 1145 ens,
371 1079 401 1132 et
422 1087 558 1150 eaquae
574 1077 817 1151 consequuntur
835 1072 967 1152 ipsum²
984 1087 1013 1142 »;
1038 1065 1100 1139 vel,

34 1160 66 1213 ut
85 1149 166 1215 alibi
194 1150 280 1215 idem
307 1160 433 1216 sanctus
456 1149 576 1213 Ductor
597 1150 715 1232 iuquit,
738 1150 886 1225 scientia,
909 1173 926 1212 a
950 1170 1032 1235 quae
1048 1151 1102 1212 ha·

33 1229 81 1298 ltet
103 1254 165 1317 pro
191 1232 338 1298 subiecto
364 1254 441 1307 ana,
465 1229 552 1317 quod
575 1241 623 1296 est
642 1251 814 1295 commune
845 1232 885 1295 ad
913 1234 1045 1306 omnia;
1069 1239 1103 1295 et

34 1312 101 1377 ideo
130 1314 316 1381 considerat
337 1334 396 1390 ea,
419 1334 503 1399 quae
531 1322 605 1377 sunt
628 1313 761 1396 propria
782 1315 888 1390 entis,
917 1335 1001 1398 quae
1028 1324 1103 1378 sunt

33 1398 177 1460 omnium
199 1399 397 1473 communia,
421 1406 586 1480 tamquam
608 1394 740 1479 propria
762 1394 895 1459 sibi³».

67 1478 97 1540 Ξ.
125 1478 167 1543 Ut
187 1476 265 1543 haec
286 1476 442 1553 delinitio,
467 1477 630 1561 simulque
653 1488 769 1542 natura
795 1478 893 1542 huius
915 1478 1017 1561 partis
1032 1477 1100 1561 phi-

33 1558 197 1643 losophiae
242 1562 392 1644 erspicua
415 1558 486 1637 liat,
510 1561 621 1623 animo
636 1557 845 1623 recolendum
867 1571 915 1625 est
937 1559 971 1621 in
994 1559 1103 1642 sinqu-

33 1638 68 1703 lis
91 1580 346 1725 particularibus
368 1642 513 1706 scientiis
540 1653 645 1706 certos
666 1639 836 1724 quosdam,
852 1652 886 1707 et
906 1640 1103 1705 determina·

33 1730 75 1785 tos
98 1720 214 1787 modos
235 1723 319 1788 entis
341 1724 491 1800 tractari,
514 1732 547 1789 et
569 1722 750 1820 peculiares
774 1722 931 1819 quasdam
953 1722 1025 1787 eius
1048 1741 1103 1783 uo-

31 1803 133 1868 tiones
156 1804 276 1870 evolvi.
293 1807 331 1871 Ε.
349 1824 398 1888 g..
414 1806 610 1881 Geometrta,
627 1806 722 1869 cuius
744 1804 908 1871 obtectum
930 1814 978 1869 est
1000 1824 1103 1889 quan-

30 1882 102 1948 titas
124 1886 305 1963 continua,
327 1894 359 1951 ct
380 1880 613 1961 Arithmetica,
629 1886 723 1951 cuius
745 1885 910 1953 obiectum
931 1898 980 1953 est
1000 1906 1103 1970 quan-

31 1964 100 2031 titas
124 1966 290 2045 discreta,
317 1966 400 2033 duos
428 1966 539 2032 modos
566 1968 721 2052 speciales
743 1970 957 2052 quantitatis,
987 1988 1104 2051 nempe

30 2049 124 2125 entis,
148 2060 246 2133 prout
266 2060 314 2115 est
334 2059 494 2147 quantum,
516 2049 711 2127 edisserunt,
731 2060 763 2115 et
785 2052 934 2117 notiones
955 2050 1105 2136 proprias

29 2128 220 2196 alterutrius
241 2132 428 2215 quantitatis
449 2132 630 2215 inquirunt.
646 2135 780 2197 atvero
795 2133 969 2219 Ontologia
990 2153 1027 2198 ea
1042 2140 1102 2208 est,

27 2229 109 2292 quae
126 2211 169 2277 de
184 2224 256 2277 ente
273 2234 334 2277 non
355 2210 535 2277 secundum
555 2214 698 2298 aliquam
720 2214 918 2298 peculiarem
933 2216 1103 2288 rationem,

28 2310 158 2378 nempe,
175 2303 212 2358 ut
233 2292 320 2358 idem
343 2304 471 2359 sanctus
486 2294 606 2360 Doctor
628 2296 747 2379 inquit,
760 2307 857 2381 prout
878 2307 926 2362 est
947 2298 1104 2361 totosmo

27 2372 58 2437 tt
79 2395 147 2452 etas,
172 2375 228 2440 sed
251 2375 397 2453 obsolute,
421 2396 535 2461 nempe
558 2387 656 2463 prout
677 2386 726 2443 est
746 2398 810 2454 eas,
833 2377 978 2476 disputat
992 2382 1022 2455 ⁴3
1044 2398 1105 2440 un-

27 2451 64 2518 tle
87 2458 258 2541 inquirit,
285 2468 381 2543 atque
402 2460 538 2542 exponit
564 2480 626 2524 non
649 2459 714 2523 iam
736 2459 809 2523 illas
831 2471 997 2537 notiones,
1020 2480 1105 2544 quae

26 2536 178 2622 aliquem
201 2537 333 2603 modum
356 2538 528 2624 specialem
555 2542 637 2606 entis
663 2553 920 2627 repraesentant,
943 2543 998 2607 sed
1020 2560 1105 2626 quae

26 2618 63 2681 ad
86 2641 149 2683 ens
173 2620 398 2687 universaliter
420 2632 589 2707 acceptum
615 2624 796 2708 spectant⁵.
820 2624 889 2688 lam
916 2622 1106 2690 huiusmodi

27 2702 180 2767 notiones
202 2722 258 2766 eae
280 2713 365 2780 sunt,
385 2723 467 2787 quae
490 2707 659 2786 coteport'oc
679 2704 843 2781 dicuntur,
866 2706 926 2771 hoc
948 2717 1007 2783 est,
1032 2705 1107 2769 illae

26 2801 203 2867 supremae
226 2785 389 2861 notiones,
406 2783 446 2848 ad
462 2805 542 2869 quas
564 2798 746 2853 ceterarum
767 2808 878 2851 rerum
893 2791 1041 2854 notiones
1055 2808 1106 2851 re-

28 2862 184 2930 leruntur
198 2866 221 2925 ⁸.
237 2864 399 2941 Quocirca
419 2866 594 2943 obiectum,
611 2868 726 2952 inquo
746 2868 920 2955 Ontologia
948 2880 1105 2945 versatur,

28 2946 258 3013 tractationem
279 2945 318 3012 de
341 2950 515 3033 categoriis
537 2950 776 3034 complectitur.

387 3087 742 3106 m

60 3134 67 3168 a
91 3129 131 3183 ne
151 3132 223 3191 altis,
239 3132 334 3195 quibua
354 3132 516 3195 appellatur,
531 3140 691 3199 nominihus,
704 3145 734 3194 cl
745 3148 849 3212 Lepta,
864 3169 891 3217 p.
908 3155 940 3217 ll,
953 3176 978 3211 c.
990 3162 1034 3220 ΙΙΙ,
1046 3172 1105 3228 at,

26 3218 51 3265 p,
73 3202 231 3289 ‘13‚vql.l‚
259 3232 292 3239 -
312 3204 323 3240 ²
343 3206 470 3269 Metapa„
491 3205 595 3272 Protea.
608 3212 663 3250 -³
684 3218 715 3266 ln
734 3220 779 3269 llo.
799 3224 816 3271 1
832 3226 904 3277 Post.
918 3266 926 3287 ,
942 3232 1005 3283 tect.
1023 3236 1105 3291 ttVtt.

59 3273 71 3311 ⁴
92 3278 126 3326 In
150 3276 197 3325 ltb.
221 3279 233 3326 1
252 3278 327 3335 Met,
351 3278 414 3328 tect.
437 3276 457 3329 l.
479 3274 516 3332 Cl'
531 3282 629 3345 Lepte„
651 3284 704 3337 loc.
725 3292 772 3341 cit.

55 3350 68 3385 ὃ
89 3346 175 3397 Hauc
188 3348 221 3396 ob
234 3350 366 3398 rationem
381 3346 517 3414 Ontologia
532 3354 563 3402 at
578 3360 733 3419 sapientium
752 3368 885 3427 portinere
904 3374 1013 3428 dicitur:
1028 3402 1039 3429 ι
1056 3381 1107 3437 (10.

24 3433 162 3482 gnoscere
184 3422 313 3470 rationem
334 3422 401 3471 entis
421 3427 448 3472 et
461 3438 514 3473 nou
533 3429 610 3487 entis,
632 3434 659 3478 et
678 3436 760 3485 totius
779 3442 806 3486 et
826 3446 917 3503 partis,
932 3455 960 3497 et
979 3454 1094 3510 aliorum

21 3507 92 3556 quae
113 3498 322 3557 consequuntur
334 3495 366 3545 atl
381 3508 437 3555 ens,
453 3498 567 3559 pertinet
581 3500 614 3549 ad
629 3504 802 3566 sapientiam,
822 3516 883 3575 quia
904 3532 951 3570 aas
964 3498 1108 3583 commune

22 3572 62 3614 est
84 3564 218 3627 proprius
237 3564 346 3617 allectus
359 3581 456 3617 causae
476 3570 632 3629 altissimae,
645 3577 746 3627 scilieet
759 3578 806 3631 Det
824 3605 847 3643 ·;
867 3589 892 3635 ta
906 3590 946 3639 qao
969 3611 987 3661 q
1012 3594 1092 3658 ml

21 3650 48 3687 a.
71 3638 89 3687 5
111 3638 148 3687 ad
171 3634 473 3707 4,·—⁸Cl1.optc.,p.
498 3640 518 3704 l,
539 3658 564 3693 c.
587 3642 606 3707 l,
629 3659 656 3695 a.
677 3650 703 3713 6,
724 3667 752 3716 p,
777 3659 807 3706 15
828 3661 881 3708 ,ομ
903 3631 955 3714 t.’
991 3635 996 3648 '
1096 3640 1106 3668 '

840 3729 862 3771 t
