2475 3909
127 122 189 187 2118
491 133 744 184 currunrouooia

52 227 54 231 ’
118 224 186 291 103.
210 220 304 298 Quod
327 221 354 285 si
378 242 453 285 cum
476 220 526 285 his
550 220 726 305 generibus
748 214 955 285 certitudinis
976 215 1157 293 certitudo,

75 323 160 387 quae
183 325 224 367 ex
246 304 324 368 Fide
348 302 467 368 Divina
489 304 640 379 efficitur,
661 310 881 387 comparetur,
898 299 977 364 haec
991 298 1160 364 certitudi-

75 405 116 447 ne
139 384 291 461 naturali,
313 404 539 468 quaecumque
562 386 616 459 sit,
640 385 736 469 louge
760 385 913 468 superior
941 379 1159 445 existimanda

75 477 125 531 est
140 467 162 529 ¹.
188 468 332 542 Etenim,
355 466 515 550 quamvis,
532 477 568 532 ut
585 468 651 530 iam
669 464 815 529 diximus
828 467 853 539 ²,
876 462 1055 537 evidentia,
1070 483 1157 547 quae

75 546 109 609 iu
125 549 259 612 scientia
275 545 545 621 obtinetur‚desit
561 549 592 613 in
611 548 665 624 iis,
682 568 766 632 quae
781 568 824 610 ex
839 543 920 611 Fide
935 544 1117 630 accipimus
1133 546 1157 621 ³,

77 638 185 693 tamen
208 629 233 692 F
237 627 303 692 ides
326 628 444 693 Divina
465 631 622 724 estionge
645 631 766 694 certior
786 647 992 712 quacumque
1015 627 1157 690 naturali

73 710 279 794 cognitione,
302 730 416 794 nempe
441 706 566 775 firmius
589 711 629 774 ris
650 711 876 786 adhaeremus,
899 728 983 806 quae
1004 728 1046 771 ex
1066 706 1159 769 Diri-

74 810 114 853 ua
137 792 340 857 Auctoritate
368 791 439 855 esci
469 792 574 867 imus,
597 814 695 876 quam
719 794 774 868 iis,
802 812 887 875 quae
912 790 973 873 ipsi
997 809 1039 851 ex
1061 786 1157 852 uobis

75 874 311 954 cognoscimus,
334 875 413 957 quia
436 811 588 937 divinam
615 878 866 950 Auctoritatem,
888 892 952 955 qua
968 868 1005 933 ad
1022 868 1157 933 creden-

72 951 150 1017 dum
175 974 355 1030 movemur,
379 956 424 1031 vi,
448 965 481 1018 et
503 954 639 1038 ponderi
660 954 837 1020 cuiuslibet
851 952 1010 1019 naturalis
1025 950 1155 1016 criterii

74 1034 266 1100 antecellere
292 1034 385 1099 nobis
407 1046 534 1101 certum
558 1047 605 1101 ost
621 1038 644 1099 ⁴.

219 1175 285 1227 dur.
302 1174 480 1229 iV.-Uirum
501 1178 626 1230 veritates
645 1178 789 1227 rationetur
805 1174 920 1224 decretis
933 1171 1005 1223 Fidei

490 1250 625 1299 adversari
646 1251 745 1312 possint

118 1358 187 1423 iot.
211 1358 443 1445 Pompanatius
466 1358 662 1423 Mantuanus
689 1357 803 1423 docuit
824 1357 997 1433 rationem,
1021 1359 1150 1422 tametsi

75 1450 161 1504 recte
184 1438 388 1515 adhibeatur,
404 1460 441 1503 ea
457 1438 587 1504 decreta
608 1438 804 1525 quaudoque
821 1437 973 1514 sundere,
996 1457 1079 1522 quae
1094 1438 1153 1503 de-

75 1522 173 1587 cretis
196 1519 289 1589 Fidei
304 1521 487 1586 Christiane
503 1519 718 1586 adversantur
731 1523 754 1586 ⁸.
771 1520 821 1585 Ad
835 1521 920 1585 huuc
934 1537 1082 1585 errorem
1096 1542 1153 1585 ex-

72 1601 274 1689 plodendum
296 1602 468 1668 statuimus
490 1601 572 1666 hano
596 1603 878 1690 Propositiouem:

73 1683 296 1829 &dimpuam
317 1685 388 1768 ficri
405 1692 517 1765 potest,
531 1696 567 1747 ot
589 1686 672 1749 ratio
686 1696 766 1749 recte
778 1684 922 1748 adhibito
941 1683 1074 1750 decretis
1096 1682 1155 1746 1⁷2·-

113 1788 123 1827 s
187 1778 337 1831 versetur.

116 1848 280 1912 Probatur.
305 1848 365 1922 Ea,
387 1866 471 1931 quae
493 1847 577 1912 ratio
600 1856 686 1912 recte
710 1846 852 1911 adhibita
868 1846 974 1922 docet,
997 1846 1079 1910 adeo
1099 1865 1154 1907 re-

76 1949 110 1991 ru
135 1941 232 2001 sunt,
254 1940 290 1996 ut
312 1946 369 1993 nec
391 1949 429 1992 ea
451 1949 520 1992 osse
545 1926 624 1994 suisa
650 1931 693 1995 sit
716 1928 870 2015 possibile
901 1930 1070 2008 cogitare;
1092 1948 1154 1991 nec

73 2008 121 2086 id,
143 2012 229 2097 quod
252 2010 332 2076 Fide
355 2020 494 2086 tenetur,
518 2032 591 2075 cum
614 2022 679 2076 tam
702 2010 872 2077 evidenter
893 2007 1053 2075 divinitus
1073 2029 1153 2072 eou-

388 2210 717 2223 m——m—

69 2294 149 2350 dere.
171 2286 260 2344 Gordil
278 2288 289 2353 (
300 2291 392 2351 suppio
411 2290 504 2338 d'istr.
525 2290 629 2351 teolop..
651 2290 729 2341 Detio
747 2292 829 2340 sterio
847 2288 958 2359 umoou)
977 2294 1077 2355 otiique
1097 2310 1151 2346 nou

69 2366 201 2417 iiuinerito
222 2363 381 2417 (inaruerunt,
402 2364 463 2424 qnia
484 2374 546 2411 eum
566 2362 687 2411 horniues
707 2364 822 2425 ingenio,
837 2366 1015 2425 opinionibus.
1032 2366 1151 2417 moribus

69 2438 226 2487 dissidentes
246 2439 380 2497 neqiiaant
402 2436 427 2481 in
447 2434 516 2482 idem
537 2435 706 2485 meridicium
726 2436 893 2497 conspirare,
907 2437 1013 2486 itiornm
1033 2452 1148 2488 cousen-

69 2511 108 2559 sio
126 2513 196 2558 osset
215 2507 326 2557 euentus
345 2509 401 2553 sine
421 2518 513 2560 eausa.
534 2506 603 2568 quod
625 2506 806 2569 metaphysica
826 2508 988 2569 impossibiie
1007 2515 1057 2559 est.

104 2580 114 2617 ¹
136 2576 172 2632 Gi
189 2595 214 2644 p.
235 2576 351 2629 add-²
370 2580 442 2639 Lao..
466 2591 491 2639 u·
514 2575 547 2633 ti,
568 2591 593 2626 c.
616 2575 662 2634 ΙΙΙ.
684 2592 710 2627 a.
731 2580 760 2637 1,
781 2593 808 2641 p.
829 2579 876 2629 69.

105 2652 116 2685 i
135 2650 189 2716 Qua
210 2654 237 2700 in
258 2665 285 2699 re
305 2650 465 2699 monendum
480 2656 529 2706 eu,
546 2650 786 2714 cadentiumque
803 2648 878 2700 Fides
894 2652 1058 2711 destituitur,
1075 2654 1149 2703 ittam

68 2738 137 2782 esse,
158 2738 227 2788 quaa
247 2724 389 2775 inuinsoci
410 2722 518 2778 dieitur,
531 2734 628 2784 nempe
646 2737 715 2785 quae
735 2725 806 2773 cirea
828 2726 912 2783 ipsam
933 2726 1074 2775 veritatem
1090 2739 1152 2775 ere·

67 2798 164 2853 ditem,
186 2809 218 2845 ac
239 2796 347 2857 proinde
368 2796 394 2845 iu
412 2808 441 2843 se
460 2806 514 2843 non
533 2794 618 2842 risam
638 2799 769 2854 versatum
790 2808 842 2845 uon
862 2800 952 2845 autem
965 2810 1034 2859 pirae
1048 2799 1148 2849 mottra

68 2868 243 2918 wedititttoits
262 2867 387 2928 attingit,
407 2870 434 2913 et
453 2865 599 2916 extrinseca
620 2867 791 2927 appeliatum
813 2868 943 2931 siquidem
964 2873 1049 2930 potest
1070 2870 1151 2919 iniat-

67 2942 156 2991 lectus
175 2938 313 2987 evidenter
331 2950 491 2999 cognoscere
510 2939 639 2995 rationes,
659 2938 694 2984 nb
712 2952 778 3001 qisss
798 2939 899 3002 aliquid
920 2940 1028 3001 dignum
1043 2940 1086 2998 sit,
1101 2944 1148 2991 eui

68 3012 132 3063 tides
153 3010 321 3060 adh'beatur.
343 3006 426 3063 Sane,
449 3027 460 3052 a
484 3005 559 3059 Fides
580 3022 632 3059 uon
652 3009 731 3059 habet
751 3013 952 3073 inquisitionem
973 3012 1081 3061 rationis
1101 3026 1149 3061 na-

69 3084 167 3135 turalis
188 3082 393 3132 demonstrantis
412 3080 457 3137 id,
478 3081 547 3143 quod
568 3082 709 3132 crrdtturi
737 3082 816 3132 habet
835 3087 926 3132 tamen
945 3084 1149 3147 inquisitionem

68 3158 214 3221 quamdam
234 3166 340 3209 eos-nm,
361 3167 408 3215 por
426 3166 495 3216 quae
516 3152 650 3202 inducitur
670 3154 750 3203 iiomo
769 3154 802 3202 ad
822 3155 985 3205 credendum
1003 3174 1013 3198 ι
1029 3150 1072 3226 (2⁸
1092 3155 1146 3215 2²²,

67 3244 96 3291 q.
119 3226 161 3286 u,
182 3241 209 3278 a.
234 3227 242 3274 1
267 3226 298 3273 ad
324 3220 358 3292 t).
381 3222 510 3289 Quocirca
538 3227 636 3274 motira
663 3228 837 3276 eredidttitotis
858 3246 869 3271 ι
892 3232 954 3276 sunt
974 3228 1028 3275 risa
1049 3227 1146 3286 abeo,

66 3302 113 3363 qui
134 3300 228 3349 eredit:
249 3298 393 3347 nonenim
414 3296 544 3352 crederet,
565 3297 615 3345 nist
638 3298 738 3347 rideret
756 3311 786 3347 ea
807 3312 865 3348 csse
885 3300 1014 3349 credenda
1035 3305 1148 3362 propter

67 3372 229 3423 euidentiam
250 3371 403 3432 signorum,
432 3368 473 3416 rel
498 3372 604 3429 propter
627 3369 728 3432 siiquid
753 3370 904 3420 huiusmodi
928 3390 953 3429 η
974 3372 1050 3427 idid.¹
1071 3385 1099 3434 q.
1123 3370 1146 3429 1,

68 3458 95 3497 a.
117 3444 134 3493 1
154 3456 179 3492 o.
201 3436 237 3491 Gi
254 3442 330 3491 Cone.
355 3442 450 3496 Vatis..
472 3436 542 3493 Sese.
564 3435 599 3489 111
620 3440 708 3491 Consi.
730 3444 825 3505 Dopm.
846 3445 887 3495 De
905 3445 981 3502 Fide,
1001 3456 1027 3493 e.
1050 3438 1085 3494 iii
1105 3445 1148 3498 De

68 3511 206 3572 fida-'¹
226 3506 262 3562 Ci
278 3526 299 3561 s.
321 3508 416 3562 Tuom.
437 3512 485 3561 loe.
507 3515 550 3561 eit.

104 3586 178 3641 aua
196 3584 389 3639 imuiortutitate
410 3586 524 3644 animus,
545 3580 679 3637 Bononiae
701 3584 781 3641 idid.
