2475 3909
509 214 693 263 erroneam
1053 196 1091 259 21

64 296 103 361 iis
124 308 174 365 est
197 297 245 362 vel
269 295 497 375 substantiatis,
521 298 570 363 vel
593 297 734 363 madalis.
757 296 928 363 Distiuctio
943 295 1136 360 substantia-

64 377 103 443 tis
126 400 165 443 ea
187 390 247 455 cst,
271 399 353 462 quae
375 378 547 444 intercedit
567 379 618 445 ret
643 382 727 445 iuter
748 378 942 444 substautias
956 387 1133 462 separatas,

63 484 92 523 c.
118 480 164 543 g.,
187 463 272 525 inter
296 460 422 524 Petram
445 472 477 527 et
499 461 650 537 Paulam,
674 461 720 525 vei
745 462 829 525 inter
851 460 1029 545 principia,
1052 478 1135 542 quae

61 540 278 607 substantiam
301 545 514 626 compositam
537 546 749 619 constituunt,
772 565 801 607 e.
825 562 870 626 g.,
888 542 973 605 inter
994 540 1136 603 animam

60 622 251 697 hiemarum,
275 633 307 687 et
329 644 462 707 carpas,
485 646 569 709 quae
593 626 747 690 dominam
769 624 935 698 efficiunt,
959 623 1050 705 quia,
1074 624 1137 685 etsi

60 703 247 768 huiusmodi
271 706 433 801 principia
456 709 587 771 unicam
611 704 823 773 substantiam
845 705 1038 789 completam
1061 722 1136 766 cou-

62 786 214 859 stituant,
238 795 343 851 tamen
366 787 494 873 sanguia
540 810 576 852 er
590 812 623 856 se
637 790 813 873 separatim
833 796 973 873 spectata
988 784 1135 860 substau-

61 868 127 930 tiae
151 877 234 932 sunt.
260 866 435 934 Distinctie
451 808 590 935 medatis
606 882 714 937 autem
730 893 768 936 ea
783 880 844 947 est,
859 890 943 954 quae
959 869 1045 931 inter
1058 864 1136 930 sub-

59 949 225 1025 stantiam,
240 959 272 1014 et
287 951 467 1033 quemlibet
482 951 613 1018 madum
636 954 721 1027 eius,
739 952 790 1017 vel
813 952 899 1017 inter
920 949 1033 1013 modos
1047 948 1135 1014 eius·

60 1028 135 1125 dem
159 1030 357 1129 substantiae
373 1034 472 1119 viget.
497 1034 694 1099 Huiusmodi
712 1034 879 1099 distinctio
894 1034 981 1097 inter
1001 1050 1132 1178 corpus,

58 1122 466 1233 crusqueeptpnsronem,
494 1136 616 1181 necnon
640 1118 726 1181 inter
753 1115 976 1181 extensionem
997 1123 1031 1178 et
1075 1135 1135 1199 gu·

61 1213 134 1257 ram
156 1203 265 1259 existat
294 1242 300 1255 .

101 1273 153 1337 62.
170 1275 261 1353 Item,
279 1274 446 1342 distinctio
460 1278 728 1364 ratiaaiaduptex
743 1288 802 1355 est,
819 1295 936 1359 nempe
952 1296 1029 1354 una,
1047 1297 1132 1361 quae

60 1358 95 1419 in
120 1356 284 1422 intellectu
307 1357 476 1425 dumtaxat
497 1360 626 1436 existit,
650 1371 683 1426 et
703 1360 824 1425 dicitur
845 1357 1013 1422 distinctio
1034 1360 1133 1422 ratic-

59 1438 112 1501 nir
132 1439 369 1516 ratiocinantis;
392 1442 511 1518 altera,
533 1462 638 1525 quae,
660 1440 737 1505 dum
759 1460 842 1524 opus
864 1438 1049 1505 intellectus
1071 1452 1133 1513 est,

60 1519 95 1582 in
118 1532 234 1586 natura
255 1541 366 1587 rerum
389 1521 556 1601 fundatur,
571 1532 603 1587 et
619 1521 741 1588 dieitur
761 1522 896 1587 rationis
915 1522 1130 1585 ratiocinatur.

61 1600 191 1666 Etenim
216 1602 398 1668 intellectus
421 1604 584 1669 interdum
606 1604 765 1689 quaedam
788 1605 874 1669 inter
895 1623 929 1666 se
949 1601 1131 1686 distinguit,

59 1702 143 1763 quae
165 1683 198 1751 in
221 1704 254 1747 se
276 1705 378 1749 unum
401 1696 487 1763 sunt,
503 1687 581 1771 quin
606 1687 640 1750 iu
662 1689 724 1752 hoc
744 1707 810 1750 uno
832 1684 899 1749 utta
921 1686 1005 1749 ratio
1020 1685 1074 1759 sit,
1089 1684 1132 1749 ob

58 1784 157 1848 quam
181 1763 236 1829 itta
261 1767 383 1850 possint
404 1766 445 1831 ab
468 1789 507 1832 co
529 1767 709 1851 distingui,
734 1790 763 1832 e.
789 1788 835 1851 g.,
857 1767 885 1830 si
908 1768 1052 1842 Petram,
1078 1766 1133 1830 Ce-

54 1845 164 1931 pdam,
179 1856 210 1912 et
232 1847 419 1923 Barianam,
437 1869 492 1913 seu
516 1848 619 1914 sdium
642 1851 738 1914 lonae
762 1849 947 1932 distinguit.
964 1846 1132 1912 Interdum
1177 1923 1206 1930 ,-

64 1942 137 1965 unu
161 1928 253 1984 ptum
278 1927 356 1969 tna·
384 1946 417 1967 uu
437 1929 746 1988 *diucinb-u'rey-erm
766 1947 928 1967 mmm-w
943 1929 1132 1985 ἦνιν-»σαπῇ

59 1981 115 2046 sed
139 1980 197 2045 hoe
220 2005 320 2049 unum
344 1984 523 2049 intellectui
547 1983 683 2081 praebet
704 1984 953 2050 fundamentum
981 1981 1074 2067 plura
1097 1984 1131 2049 in

59 2064 133 2147 ipso
156 2062 388 2148 distinguendi.
405 2066 443 2131 E.
463 2087 512 2151 g.,
529 2086 553 2129 ει
572 2065 755 2132 intellectus
776 2064 951 2149 distinguit
974 2064 1132 2130 inanima

58 2144 200 2209 humana
222 2147 282 2210 tria
301 2148 476 2231 principia,
493 2147 617 2213 scilicet
639 2146 804 2223 rationale,
819 2147 1016 2223 sensitivam,
1036 2156 1069 2211 et
1083 2168 1132 2211 re-

56 2228 243 2307 petatiaam,
260 2226 508 2293 [undamentum
532 2228 628 2293 huius
648 2227 866 2296 distinctionis
882 2228 916 2291 in
932 2226 1000 2310 ipsa
1022 2228 1133 2295 anima

59 2308 199 2379 invenit,
215 2308 293 2393 quia
315 2309 422 2374 anima
444 2310 597 2386 humana,
613 2312 764 2407 quamvis
785 2312 828 2376 sit
852 2309 973 2393 reipsa
996 2310 1133 2375 unicum

59 2390 274 2475 principium,
290 2402 397 2455 tamen
413 2391 578 2475 triplicem
601 2403 756 2458 virtutem
778 2401 926 2465 exercet,
942 2388 1066 2455 sedicet
1080 2412 1131 2456 ra-

59 2471 227 2546 tionalem,
251 2472 452 2547 sensitivam,
475 2480 507 2537 et
529 2473 757 2557 vegetativam.
782 2475 869 2538 flacc
894 2472 994 2536 altera
1017 2471 1132 2536 distin·

56 2556 122 2619 etin
145 2554 279 2617 ratiaair
300 2552 483 2639 appellatur
505 2554 602 2617 etiam
625 2555 788 2631 virtualis,
803 2556 879 2641 quia
900 2551 1079 2628 obiectum,
1097 2555 1131 2617 in

55 2656 121 2721 qua
146 2635 329 2702 iuteiteetus
375 2637 445 2700 tura
467 2632 652 2780 distinguit,
667 2636 726 2699 etsi
748 2658 851 2702 unum
872 2656 987 2699 revera
1009 2634 1066 2709 sit,
1084 2646 1131 2701 ta-

57 2739 130 2782 men
154 2717 276 2782 virtute
300 2658 411 2783 mudtis
433 2716 569 2801 aequiva
585 2725 629 2791 et,
650 2717 789 2802 ideoque
813 2718 991 2783 intellectui
1013 2715 1130 2781 funda·

56 2810 201 2946 meutpm
217 2799 257 2862 ad
272 2796 487 2864 eiiocmandes
511 2796 621 2883 piures
640 2808 816 2885 conceptus
837 2798 1015 2864 obiectivos
1038 2798 1129 2863 iliius

77 2904 134 2945 rae
160 2892 202 2945 et.

55 2903 75 2969 p
94 2964 147 3029 63.
172 2963 308 3028 Praeter
334 2963 391 3027 has
414 2960 636 3026 distinctionis
657 2962 782 3044 species
805 2963 918 3027 Scotus
946 2962 1130 3028 distinctio-

54 3065 131 3109 nem
151 3044 317 3125 formatem
342 3043 477 3109 invexit.
495 3043 596 3120 Haec,
619 3043 799 3109 secuudum
821 3041 996 3109 Ductorem
1020 3042 1130 3110 Subti-

55 3124 140 3202 lem,
166 3125 338 3192 intercedit
359 3126 445 3191 inter
467 3144 521 3189 eae
543 3125 703 3203 entitates‚
725 3146 796 3205 seu,
819 3135 857 3191 ut
877 3127 948 3211 ipse
970 3126 1039 3201 ait,
1063 3123 1129 3189 for-

93 3352 100 3387 ¹
123 3346 173 3400 ute
194 3364 245 3401 uon
266 3352 401 3414 taqutmur
412 3350 445 3401 de
458 3352 627 3404 distinetione
640 3354 717 3416 reali,
732 3368 784 3419 qua
797 3353 860 3406 Tres
873 3354 1003 3406 Personae
1017 3352 1126 3407 Divinae

53 3427 123 3475 iuter
143 3435 171 3471 so
190 3422 400 3487 distinguuntura
420 3438 451 3473 aa
472 3428 555 3484 enim,
576 3432 605 3476 ut
624 3423 750 3490 Theatogt
768 3428 874 3487 docent,
889 3441 942 3477 non
961 3429 1010 3478 utet
1029 3442 1062 3477 ex
1080 3441 1128 3491 op-

53 3497 186 3560 portt'oue
206 3494 341 3545 relationis
360 3496 424 3545 oriri
444 3502 541 3560 pateat,
557 3504 691 3561 quatenus
710 3513 805 3563 nempe
825 3498 904 3550 Pater
921 3500 1032 3551 retatiro
1045 3513 1129 3564 oppo-

53 3570 128 3621 uttur
147 3564 228 3626 Filia,
248 3573 275 3617 et
297 3566 374 3619 Pater
394 3564 529 3634 Fittusque
548 3572 658 3623 relative
677 3578 848 3637 opponuntur
867 3568 976 3638 Spiritui
996 3570 1035 3634 S.,
1049 3574 1128 3625 autur

54 3642 166 3695 unicum
184 3641 344 3706 principium
365 3646 437 3691 suut.
