2475 3909
2 3821 88 3863 A

129 157 193 223 118
503 172 775 223 amnuororocm

92 260 265 334 finitatem,
281 258 331 325 vel
346 256 597 323 similitudinem
613 260 624 296 ¹
649 279 679 340 »3
696 258 785 343 atqui
802 260 944 325 actiones
960 258 1074 323 vitales
1094 259 1173 324 nul·

92 341 157 404 lam
182 360 258 405 cum
286 340 419 405 materia
446 338 698 404 similitudinem
725 337 864 416 babent,
888 342 1030 405 viventia
1053 342 1169 415 eninr,

91 421 371 506 quemadmodum
393 421 473 486 alibi
496 442 515 485 a
537 418 632 484 nobis
655 434 820 487 ostensum
836 424 920 497 est¹,
936 444 954 485 a
971 441 1031 485 non
1055 424 1173 485 viven-

91 502 182 569 tibus
205 503 343 568 multum
365 502 496 579 distant3
518 500 553 565 2⁰
567 502 645 587 quia
659 504 687 567 si
703 504 846 567 actiones
861 503 986 577 vitales,
1002 504 1050 568 uti
1066 504 1171 568 etiam

91 584 411 679 demonstravimus,
434 605 492 670 per
513 583 715 669 principium
749 583 847 649 vitale
869 585 999 680 organis
1020 586 1172 680 corporis

94 666 229 732 insitum
251 664 411 760 explicam
434 676 601 750 nequeunt
615 668 650 743 ⁸,
675 666 760 749 ipsas
793 676 949 730 materiae
978 666 1009 729 vi
1037 666 1172 751 longrus

117 756 256 812 raestare
278 746 451 811 dicendum
473 756 547 823 est3
569 744 603 812 3⁰
627 748 705 831 quia
731 745 927 823 subiectum,
951 748 984 810 in
1006 768 1074 843 quo
1097 768 1174 833 per-

92 768 251 893 bciuntnr
272 829 417 893 actiones
437 827 565 905 vitales,
587 839 637 894 est
660 828 766 922 ipsum
793 829 917 901 vivens,
940 828 1107 911 siquidem
1131 828 1171 891 ad

93 930 196 996 genus
218 910 381 975 actionum
404 910 654 975 immanentium
678 909 752 973 allae
775 920 931 995 spectant3
953 908 1031 974 dum
1054 932 1072 974 e
1093 930 1174 974 cou-

93 992 198 1056 trario
222 992 358 1057 materia
379 1012 443 1055 non
458 994 491 1055 in
505 991 661 1076 seipsam,
684 991 740 1055 sed
756 992 790 1055 in
805 989 896 1055 aliud
919 1003 1011 1056 extra
1026 1012 1060 1056 se
1075 990 1174 1055 dum-

96 1082 186 1139 taxat
208 1074 275 1137 vim
297 1092 390 1137 suam
411 1093 567 1136 exercere
589 1080 705 1157 potest.

136 1154 205 1219 137.
229 1153 278 1217 Ad
294 1156 390 1218 cuius
403 1156 451 1218 rei
468 1155 627 1218 maiorem
643 1153 905 1239 explanationem
922 1164 1027 1219 mente
1048 1151 1174 1216 recola-

96 1255 169 1298 mus
184 1245 313 1331 oportet
326 1237 496 1300 materiam
510 1235 551 1299 ad
566 1235 710 1319 aliquam
726 1233 869 1317 speciem
883 1235 1048 1299 actionum
1063 1234 1174 1298 deter—

97 1316 228 1379 minari:
247 1316 346 1381 alles
368 1317 552 1401 corporales
567 1316 685 1382 babent
706 1315 938 1380 determinatas
953 1318 1125 1380 actiones*
1143 1336 1173 1389 a;

93 1396 254 1481 siquidem
268 1422 286 1461 a
302 1417 439 1482 corpora
453 1420 515 1463 non
529 1408 717 1483 operantur,
732 1398 795 1461 nisi
812 1396 1002 1463 naturaliter
1017 1399 1062 1471 5»;
1078 1408 1176 1461 natu-

94 1500 132 1542 ra
147 1488 256 1544 autem
271 1489 320 1544 est
332 1481 546 1545 determinata
560 1478 600 1542 ad
616 1500 730 1543 unum.
748 1478 920 1555 Quocirca,
937 1479 961 1541 si
985 1479 1090 1542 activa
1106 1500 1176 1543 ma-

94 1562 197 1625 teriae
219 1561 270 1624 vis
293 1562 338 1626 ita
360 1561 467 1626 evolvi
492 1572 651 1635 sumatur,
674 1572 711 1625 ut
733 1561 817 1623 sicut
838 1569 973 1624 naturae
999 1571 1173 1633 mortuae,

96 1643 141 1708 ita
164 1652 297 1705 naturae
313 1640 452 1707 viventis
468 1644 611 1707 actiones
633 1651 757 1718 exerat,
773 1640 854 1705 illud
870 1640 1108 1707 admittendum
1125 1642 1177 1704 lo-

94 1736 147 1789 ret
167 1721 344 1787 absurdum
361 1768 371 1798 ,
390 1733 547 1808 utrasque
568 1723 643 1788 illas
664 1724 808 1787 actiones
840 1722 985 1787 eiusdem
1007 1743 1076 1786 esse
1099 1742 1177 1807 spe-

95 1806 172 1870 ciei.
197 1805 324 1890 ltaque,
346 1804 474 1869 etiamsi
496 1804 690 1870 concedatur
710 1806 881 1869 materiam
905 1804 985 1868 nibil
1008 1803 1099 1869 alind
1123 1824 1175 1867 es·

95 1906 143 1963 se,
164 1906 263 1971 quam
285 1886 354 1951 vim
375 1906 435 1970 per
456 1887 616 1972 seipsam,
640 1907 696 1951 sen
720 1897 832 1970 sponte
853 1906 911 1950 sna
934 1887 1091 1961 activam,
1116 1884 1174 1949 illa

96 1979 203 2035 tamen
225 1988 269 2032 ex
281 1969 422 2034 essentia
436 1986 495 2032 sua
509 1977 543 2032 et
556 1966 669 2032 dillert
682 1966 724 2030 ab
740 1968 861 2044 anima,
877 1980 910 2034 et
929 1969 1056 2032 animae
1078 1978 1175 2032 actus

95 2050 222 2114 efficere
244 2048 366 2132 nequit.

259 2172 328 2228 bur.
343 2174 388 2228 tv.
399 2174 678 2228 -llateriallatarum
698 2176 892 2228 obiectionibus
913 2176 1005 2227 satisfit

139 2288 211 2353 138.
232 2284 340 2351 Obiic.
365 2283 397 2350 1⁰
417 2284 604 2352 Substantia
618 2305 775 2369 corporea
791 2285 931 2351 allicitur
945 2284 1173 2367 qualitatibus,

97 2389 182 2453 quaa
204 2387 269 2433 non
292 2376 368 2431 sunt
387 2365 582 2442 divisibiles,
605 2387 633 2429 e.
660 2388 705 2451 g.,
729 2367 902 2450 gravitate,
921 2368 952 2430 vi
970 2368 1122 2443 matrice,
1143 2382 1174 2434 et

98 2450 171 2515 aliis
193 2446 368 2514 eiusmodi.
391 2449 480 2532 Ergo
502 2469 544 2513 ex
566 2468 619 2523 eo,
642 2446 728 2531 quod
744 2468 781 2511 co
807 2448 899 2513 itatio
914 2459 963 2513 est
976 2448 1102 2533 aliquid
1127 2451 1175 2514 in·

99 2530 280 2603 divisibile,
300 2528 416 2593 inferri
440 2532 554 2615 nequit
569 2530 673 2615 ipsam
689 2528 729 2593 ad
744 2467 959 2595 substantiam
982 2550 1175 2617 corpoream

98 2614 264 2699 pertinere
287 2631 350 2674 nou
373 2632 478 2695 posse.

142 2695 210 2761 139.
235 2694 332 2777 Resp.
356 2694 439 2757 utar.
462 2704 552 2767 cat,
574 2702 607 2756 et
632 2690 705 2756 illac
730 2692 905 2776 qualitates
928 2702 1003 2756 snnt
1023 2692 1176 2757 indivisi·

98 2774 204 2850 biles,
227 2776 255 2837 si
277 2775 312 2838 in
333 2777 450 2859 seipsis
471 2771 742 2851 considerentur,
764 2794 848 2837 conc.
872 2786 956 2849 cat,
979 2776 1029 2837 sin
1052 2774 1175 2841 relatae

101 2856 142 2923 ad
165 2877 308 2942 corpus,
335 2860 390 2922 cni
415 2860 549 2931 insunt,
572 2875 639 2937 nep.
664 2866 728 2921 ont.
753 2856 831 2937 Nep.
855 2877 938 2921 cous.
962 2858 1067 2931 Sane,
1089 2858 1179 2923 sicut

101 2940 226 3004 formae
249 2957 425 3023 corporum
447 2939 601 3005 dicuntur
624 2940 831 3012 inextensae,
855 2958 910 3003 seu
934 2940 1125 3024 simplices,
1147 2940 1176 3003 si

101 3020 348 3088 considerentur
373 3022 553 3087 abstractae
578 3040 596 3082 a
619 3020 754 3083 materia
776 3020 801 3095 ⁸,
826 3022 869 3085 ita
891 3017 966 3084 illae
1011 3021 1176 3095 ualitates,

101 3125 218 3190 nempe
242 3104 408 3188 gravitas,
430 3104 480 3169 vis
501 3103 634 3177 matrix,
659 3102 806 3185 aliaeque
832 3042 1030 3179 huiusmodi,
1054 3106 1079 3168 si
1103 3102 1180 3167 abs-

102 3197 222 3253 tractae
244 3206 263 3249 a
283 3206 434 3271 corpore,
456 3186 508 3248 cui
531 3185 652 3258 insunt,
678 3184 711 3247 in
727 3204 759 3247 so
782 3193 980 3269 spectentur,
999 3184 1095 3261 nibil,
1111 3184 1178 3249 nisi

142 3355 151 3392 ¹
174 3357 251 3413 rata..
272 3370 298 3405 o.
317 3354 365 3413 22,
385 3370 414 3406 n.
434 3356 462 3405 5.

139 3426 297 3485 ²conruit,
318 3424 418 3477 lntrod.
439 3441 467 3488 p.
488 3426 535 3476 90.
556 3421 688 3477 clettam
708 3441 734 3475 c.
757 3423 802 3484 tv,
822 3439 850 3475 a.
873 3427 898 3485 t,
920 3440 946 3487 p.
971 3422 1021 3474 tta
1040 3437 1101 3491 sqq.

141 3490 209 3544 act
223 3511 292 3558 qnae
310 3497 426 3547 dixtmns
446 3512 472 3560 p.
493 3494 677 3547 strate-t
698 3494 719 3555 Ι,
739 3512 767 3562 q.
789 3492 846 3557 CX,
867 3511 893 3550 a,
917 3497 927 3546 1
950 3494 982 3546 ad
1004 3497 1030 3547 1.

144 3564 264 3615 ‘contra
286 3569 373 3626 Ceut..
394 3569 441 3617 lib.
464 3566 510 3626 ΙΙΙ,
532 3582 558 3616 o.
580 3568 643 3618 tur.

142 3629 209 3684 ‘Cf
226 3633 349 3697 coemat,
369 3651 395 3700 a.
419 3636 451 3699 V,
473 3652 500 3689 a.
522 3638 549 3698 l,
569 3653 597 3701 p.
623 3635 750 3691 tac-tau.
