2475 3909
107 124 168 189 232
483 140 734 192 cnrrmronoara

66 224 153 312 quod
175 244 240 288 non
259 234 309 290 est
324 224 334 263 ¹
350 246 380 289 n.
407 223 476 289 lam
507 230 628 311 veritas
661 229 760 313 loqe'ca
785 224 994 309 distinguitur
1022 235 1087 290 tum
1110 244 1129 287 a

69 308 203 400 veritate
225 307 445 395 metaphysica,
473 329 568 394 quae,
590 312 639 377 uti
662 312 696 377 in
719 308 879 390 Ottoloqia
899 306 1059 383 dicemus,
1082 317 1132 371 est

69 392 279 453 coaeeneeate'o
299 391 428 455 coicum
450 391 616 470 intellectu,
632 414 650 459 a
665 413 723 491 que
742 392 946 476 producitur3
962 399 1061 454 tuma
1077 410 1132 453 ve-

68 474 163 537 ritate
185 472 310 549 maroli,
347 494 409 537 uae
430 482 473 540 est
487 479 696 542 convenientes
717 494 823 541 uocum
846 493 916 538 cum
937 470 1040 547 rebus,
1055 490 1133 555 quae

63 574 124 639 per
145 551 217 617 illes
238 492 454 651 siqnidcaatur
466 556 492 618 ².

107 636 139 700 l.
156 635 223 698 lam
237 634 383 702 homines
405 637 590 722 aliquarum
604 640 776 705 veritatum
790 634 904 701 notitia
919 640 1039 708 carent,
1056 633 1135 697 alia-

68 738 141 781 rum
165 728 273 782 autem
294 720 411 785 notitia
431 721 609 804 potiuntur.
629 722 722 788 Circa
738 740 800 796 res,
815 737 953 803 equarum
974 715 1135 800 cognitio-

69 821 110 863 ne
132 797 362 878 destituimur,
388 802 421 865 in
442 801 635 885 iqnorantioe
661 813 745 871 statu
769 800 887 867 versari
910 797 1075 874 dicimur,
1099 798 1133 861 in

72 882 112 974 iis
134 902 225 956 vero,
247 902 327 967 quas
347 886 584 969 cognoscimus,
607 888 734 951 animus
757 894 864 948 noster
888 880 933 945 vel
955 880 1135 945 baeretdu·

71 962 156 1039 beas,
180 963 230 1028 vel
291 965 410 1041 tamur,
431 967 482 1031 vel
504 980 605 1033 certem
627 979 680 1033 est.

110 1044 142 1110 5.
165 1046 202 1109 lu
223 1044 265 1110 du
285 1046 426 1111 itatione‘s
445 1058 530 1117 statu
552 1050 678 1117 animus
700 1056 862 1123 versatur,
885 1066 959 1110 cum
982 1062 1045 1107 non
1068 1064 1136 1106 ma-

69 1127 120 1271 qis
142 1125 182 1191 ad
197 1146 372 1205 assensum,
419 1151 493 1195 uam
512 1129 734 1197 addissensum
755 1130 889 1194 inclinat
904 1128 926 1193 ⁸.
950 1124 1042 1203 Quod
1063 1126 1136 1209 qui-

92 1228 157 1285 em,
173 1221 209 1275 ut
222 1209 362 1276 advertit
375 1232 401 1275 a.
437 1213 559 1290 homas,
571 1214 731 1299 contingit
744 1211 793 1277 net
816 1212 895 1295 quia
916 1210 1043 1273 animus
1058 1228 1137 1270 uen-

71 1301 120 1355 tra
142 1312 184 1355 ex
211 1304 302 1376 parte
324 1292 469 1379 aliquam
497 1298 655 1361 rationem
683 1292 833 1370 advertit,
862 1292 912 1357 vel
978 1302 1063 1375 apter
1083 1310 1138 1372 ap·

64 1382 225 1457 parentent
256 1374 468 1473 aequalitatem
499 1397 632 1456 eorum,
659 1398 735 1465 quae
765 1386 928 1440 macana
975 1385 1138 1459 utrumque

66 1469 189 1539 partem
210 1458 235 1520 ⁸.
259 1457 344 1522 Hinc
365 1459 492 1522 animus
514 1461 547 1523 in
569 1470 654 1526 statu
676 1458 890 1525 dubitationis
913 1459 1012 1521 instar
1033 1454 1137 1520 librae

69 1550 129 1612 est;
152 1537 424 1623 quemadmodum
446 1541 532 1604 enim
555 1544 651 1619 haec,
672 1544 697 1607 si
714 1551 770 1606 aut
791 1538 928 1613 nullum,
944 1548 1000 1602 aut
1020 1557 1140 1621 aequa-

71 1620 114 1685 lia
138 1621 169 1684 in
196 1632 270 1687 utra
293 1642 334 1686 ue
360 1621 452 1688 lance
478 1635 639 1693 momenta
666 1623 783 1699 babet,
805 1620 927 1685 nullam
955 1622 988 1684 in
1010 1630 1136 1705 partem

70 1703 222 1779 declinat,
235 1640 293 1767 sed
311 1703 344 1767 in
364 1701 561 1789 aequilibrio
583 1716 716 1793 persecu
732 1706 777 1771 ita
793 1705 932 1779 animus,
947 1703 973 1767 si
989 1712 1045 1767 aut
1058 1722 1140 1765 neu-

71 1795 120 1849 tra
141 1804 183 1853 ex
205 1796 309 1871 parte,
331 1795 388 1852 aut
407 1787 557 1870 aequales
578 1810 619 1855 ex
641 1798 777 1872 utraque
805 1796 894 1872 parte
921 1786 1060 1850 rationes
1082 1783 1140 1849 ad-

73 1868 183 1944 vertit,
207 1888 265 1932 nee
288 1867 385 1952 alicui
411 1872 631 1939 enunciatioui
655 1871 851 1945 assentitur,
875 1888 933 1931 nec
955 1867 995 1931 ab
1015 1888 1052 1931 ea
1075 1865 1141 1931 dis·

72 1951 179 2017 sentit.
203 1947 284 2014 Cum
304 1950 432 2014 animus
459 1949 579 2019 dubius
599 1954 722 2029 haeret,
745 1952 821 2037 quia
843 1958 958 2015 neutra
978 1971 1020 2015 ex
1047 1960 1138 2035 parte

72 2034 213 2099 rationes
234 2030 385 2108 advertit,
406 2032 568 2101 dubitatio
593 2034 715 2100 dicitur
734 2033 892 2115 mentium
916 2032 966 2095 sin
989 2030 1142 2117 aequales

71 2127 144 2182 utra
167 2134 210 2179 ue
229 2134 272 2179 ex
293 2124 385 2200 parte
411 2118 551 2183 rationes
571 2116 678 2194 babet,
696 2118 835 2203 positiva
858 2124 1000 2179 vocatur.

112 2197 142 2263 6.
198 2196 276 2270 iaia,
292 2196 360 2260 sive
370 2197 585 2281 mutabilitas,
603 2210 701 2283 prout
714 2196 902 2265 certitudini
922 2196 1099 2281 opponitur
1113 2197 1140 2270 ⁵,

72 2290 132 2357 est,
153 2292 190 2345 ut
211 2297 237 2340 s.
259 2276 397 2343 'lbomas
419 2281 543 2365 inquit,
566 2281 622 2346 ille
644 2291 744 2348 status
771 2280 903 2353 mentis,
926 2280 961 2343 in
982 2298 1048 2365 quo
1068 2279 1140 2363 ipsa

73 2387 91 2423 a
114 2359 266 2426 adhaeret
284 2360 341 2424 uni
364 2364 446 2446 parti
469 2384 545 2427 cum
567 2362 741 2430 tormidine
765 2361 920 2427 alterius⁸
936 2382 965 2424 n.
990 2361 1142 2425 Adhaeret

73 2442 207 2529 quidem
227 2442 285 2506 uui
302 2444 405 2525 paret,
421 2444 472 2509 rel
492 2445 572 2530 quia
593 2467 653 2533 pro
675 2446 785 2532 aliqua
807 2444 950 2530 ipsarum
972 2441 1142 2509 dumtaxat

111 2674 121 2713 ¹
141 2680 228 2727 Contr.
250 2674 336 2731 Geni..
357 2672 404 2722 lib.
426 2670 447 2729 Ι,
468 2687 493 2723 c.
515 2672 559 2724 59.

109 2748 121 2782 ²
140 2747 211 2800 llaec
224 2747 340 2797 delinitio
358 2748 472 2809 quadrat
484 2749 510 2795 iu
524 2747 662 2795 veritatem
682 2744 808 2793 moralem
826 2746 973 2805 spectatam
993 2740 1142 2791 secundnm

74 2822 114 2872 sui
133 2823 261 2871 rationem
279 2820 440 2870 obtectionem.
460 2814 532 2882 Quod
551 2819 571 2867 si
584 2818 731 2868 secuudum
752 2817 880 2865 rationem
899 2816 1062 2865 sullectinum
1075 2826 1143 2863 cou-

74 2895 213 2950 sideretur,
226 2894 251 2941 tu
270 2904 400 2941 conaemu
419 2903 514 2940 vocum
534 2904 595 2939 cum
609 2888 792 2952 conceptibus,
813 2889 858 2950 qul
873 2900 914 2936 res
929 2890 1142 2948 repraesentant,

76 2967 158 3031 posita
178 2969 229 3022 esu
249 2967 403 3014 nouantem
417 2962 444 3012 in
462 2975 592 3012 aerumnae
610 2974 781 3013 roeumeum
802 2960 891 3018 rebus,
910 2972 976 3023 quus
995 2963 1143 3019 conceptus

76 3030 392 3102 repraesentantvsrttae
404 3035 510 3086 encratia
523 3036 668 3085 secuudum
683 3036 812 3085 rationem
826 3034 990 3082 mtteetumm
1002 3034 1143 3091 ueraciter,

75 3118 102 3163 et
122 3111 224 3161 falsius
242 3107 351 3158 moroan
368 3108 529 3157 mendacium
552 3109 665 3169 proprus
685 3106 791 3155 vocibus
810 3104 990 3166 designantur.

112 3184 124 3219 ³
146 3206 157 3230 ι
179 3178 330 3233 [iubilatio.
353 3181 439 3243 iuquit
464 3193 487 3229 a.
506 3174 710 3237 bonaventura,
732 3178 837 3241 propria
856 3176 920 3228 dtclt
939 3174 1142 3227 indifferentiam

78 3256 167 3307 iudicii
180 3254 291 3304 rationis
310 3258 432 3316 respectu
452 3253 589 3315 utriusque
608 3254 690 3314 partis
702 3251 928 3303 contradictionis.
945 3249 979 3297 ttn
994 3246 1064 3310 quud
1078 3260 1147 3298 neu-

77 3334 148 3380 trum
168 3326 313 3390 preminet
331 3326 407 3376 altari
430 3343 461 3383 s,
482 3325 513 3373 ln
532 3326 578 3375 lib.
600 3328 642 3373 m
659 3326 743 3382 seat„
763 3320 830 3373 illst.
852 3317 935 3378 xvu,
955 3320 1018 3369 dub.
1039 3318 1066 3369 l.

112 3398 123 3435 ⁴
143 3402 192 3461 oe.
210 3401 310 3464 dtepp„
332 3401 370 3449 lte
393 3400 465 3456 Ver„
484 3411 512 3461 q.
532 3393 605 3456 xvi,
625 3411 651 3447 a.
676 3399 685 3445 l
708 3410 735 3447 c.

113 3472 125 3508 δ
145 3473 183 3523 De
200 3473 338 3534 omum,
357 3476 437 3533 proiit
453 3471 596 3531 opponitur
621 3472 753 3525 emendae,
776 3468 858 3517 lucreti
878 3479 970 3515 sumus
990 3468 1016 3515 in
1035 3464 1144 3529 baama,

78 3560 110 3611 pe
127 3539 160 3599 ll,
180 3555 206 3591 o.
228 3539 273 3600 lll,
294 3555 322 3592 a.
342 3543 369 3601 4,
390 3557 416 3604 p.
437 3541 483 3591 69.
504 3537 540 3594 tt
553 3542 636 3593 etiam
656 3543 718 3592 uta.
741 3556 767 3607 p.
788 3540 833 3599 bil,
855 3544 910 3591 not.
932 3538 959 3590 3.

114 3613 174 3665 ⁶2²
191 3612 242 3674 u‘,
262 3627 290 3678 q.
311 3610 346 3674 ll,
365 3628 392 3665 a.
416 3616 426 3664 l
448 3628 474 3665 n.
