2475 3909
438 173 713 226 asrnnoeoiocis
1016 164 1077 231 283

48 284 134 347 quae
159 262 191 327 in
214 258 379 345 corporeis
400 264 533 344 organis
554 276 639 329 sunt.
656 265 738 331 Cum
761 275 868 331 autem
893 266 994 336 luerit
1015 292 1119 337 acor-

50 365 131 428 pore
153 342 482 428 separata,competii
501 345 531 407 ei
548 345 664 411 modus
686 347 889 431 intelligendi
915 370 973 433 per
986 372 1119 418 conier-

49 427 175 490 sionem
199 425 239 489 ad
262 446 325 502 ea,
348 444 431 519 quae
453 436 526 490 sunt
552 426 773 515 intelligibilia
796 430 1012 516 simpliciter3
1034 436 1118 499 sicut

49 519 85 574 et
106 507 179 570 aliis
201 506 388 574 substantiis
409 509 591 603 separatis¹
607 533 638 571 ii.

91 589 162 655 Ἡ).
187 590 275 653 llaec
300 600 454 671 postremi
482 593 666 675 argumenti
696 590 886 670 conclusio,
914 616 1028 681 nempe
1051 618 1119 659 nio·

49 670 142 745 dum,
164 690 229 814 (pue
251 673 358 735 anima
382 690 399 731 a
421 690 556 754 corpore
580 682 727 757 separata
751 674 928 759 intelligit,
952 698 1025 741 eum
1049 678 1118 752 illo,

50 753 110 835 qui
133 773 169 815 su
194 756 386 818 stantiarnm
410 763 631 836 separatarum
655 756 809 839 proprius
835 768 901 827 esi.
929 757 1120 825 similitudi-

50 853 126 895 nem
155 832 311 908 babere²,
335 836 481 916 sequenti
511 848 705 920 argumento
733 838 974 921 comprobatur.
1001 843 1117 905 Anima

49 915 205 989 bumana,
221 927 257 982 ut
271 936 366 1000 saepe
381 915 540 991 diximus,
562 916 716 985 medium„
728 918 834 982 locum
851 932 936 988 tenet
950 922 1032 987 inter
1046 922 1122 987 sub·

50 997 187 1061 stantius
210 996 457 1073 intellectuales,
471 997 719 1067 et.substantias
735 1020 918 1084 corpoream
930 1004 1005 1100 quia
1023 1029 1039 1065 «
1050 1006 1119 1089 ipsa

51 1098 112 1162 per
134 1078 331 1144 intellectum
364 1080 495 1163 attingit
527 1079 565 1144 ad
590 1079 786 1145 substantias
815 1084 1061 1169 intelligibiles,
1085 1088 1118 1151 iii

50 1172 207 1242 quantum
239 1182 313 1225 vero
334 1169 382 1225 est
404 1172 494 1225 ectus
515 1164 687 1247 corporis,
710 1164 867 1261 contingit
895 1188 946 1229 res
968 1186 1121 1252 corpora-

53 1241 101 1304 les
116 1265 146 1304 ii.
169 1245 269 1328 Atqui
293 1268 310 1305 ii
326 1263 422 1307 omne
445 1243 587 1308 inedium
610 1254 730 1328 quanto
753 1266 856 1328 magis
879 1250 1121 1333 appropinquat

51 1325 110 1387 uni
133 1335 375 1399 extremorum,
400 1334 487 1389 tanto
509 1328 613 1410 magis
637 1324 758 1390 recedit
779 1326 820 1390 ab
843 1328 923 1404 alio;
947 1340 978 1393 et
999 1342 1120 1413 quanto

52 1406 159 1489 magis
180 1406 304 1473 recedit
326 1405 367 1470 ab
382 1426 461 1477 uno,
478 1417 566 1471 tanto
589 1408 693 1491 magis
715 1408 807 1473 alteri
831 1412 1074 1496 appropinquat
1091 1437 1118 1473 i).

48 1488 139 1569 Ergo
161 1489 268 1553 anima
290 1514 308 1551 a
324 1485 453 1569 quando
481 1487 624 1554 totaliter
651 1490 712 1552 erit
741 1511 759 1552 a
782 1509 920 1574 corpore
946 1508 1119 1577 separata.

52 1567 196 1652 perfecte
225 1568 458 1635 assimilabitur
484 1570 673 1636 substantiis
699 1575 871 1655 separatis,
897 1584 1052 1658 quantum
1079 1574 1119 1639 ad

50 1647 186 1715 niodum
209 1650 411 1735 intelligendi
428 1652 439 1686 ³
456 1675 485 1713 n.

92 1733 168 1798 210,
189 1734 286 1819 Prop.
309 1733 357 1799 3⁸.
385 1733 501 1796 Animo
528 1742 669 1816 seperate
690 1756 708 1797 o
729 1754 854 1817 corpore
879 1740 984 1822 perpet
1012 1736 1122 1801 bebere

50 1815 267 1880 communium
289 1820 352 1893 sisi,
374 1826 401 1878 et
418 1816 664 1897 proeteritorum
686 1814 893 1899 effictionem.

421 1959 735 1970 ...o-...m

92 2050 102 2088 ¹
124 2051 145 2110 l,
166 2068 194 2115 q.
215 2049 358 2112 lxxxix,
379 2069 405 2103 a.
430 2057 438 2103 t
461 2069 487 2105 e.

88 2120 269 2183 ²lliiionein,
290 2127 323 2174 ob
342 2140 423 2188 quam
443 2130 530 2177 anime
553 2129 577 2177 iii
598 2130 638 2178 iiii
658 2129 792 2177 creatione
812 2139 865 2174 non
887 2127 921 2175 ita
941 2139 955 2175 a
978 2122 1030 2173 Deo
1051 2125 1123 2174 initi·

50 2202 109 2246 tuta
130 2205 181 2255 est,
194 2203 221 2246 ut
236 2199 329 2246 modii,-¹
350 2200 512 2257 intelligendi
532 2200 741 2248 substantiarum
761 2204 941 2259 separatarum
956 2198 1077 2259 proprius
1097 2200 1121 2247 ei

49 2271 203 2325 conveniat,
223 2270 368 2332 explicarit
386 2284 408 2319 s.
427 2266 551 2328 Thomas,
569 2269 590 2329 l,
603 2286 631 2333 q.
646 2272 705 2328 eit..
726 2284 752 2321 e.
773 2272 799 2320 4.
822 2264 858 2319 Gi
874 2282 900 2331 p.
916 2267 980 2325 aas,
1000 2274 1027 2316 et
1048 2270 1123 2319 ideu-

50 2344 118 2404 lep..
137 2354 162 2390 c.
186 2338 206 2398 l,
226 2356 254 2391 a.
275 2340 303 2398 Ξ,
325 2356 351 2403 p.
376 2342 425 2392 193
446 2346 499 2392 iot.
522 2341 542 2391 i.
895 2404 899 2412 Ι

88 2408 268 2463 ³Ci1nti‘o.
289 2415 428 2473 WSent„
457 2412 523 2464 bist.
543 2410 583 2480 L,
608 2428 637 2478 q.
660 2412 688 2474 l,
709 2427 736 2465 a.
760 2414 768 2461 i
792 2412 854 2471 soi,
879 2416 907 2461 et
926 2414 1012 2463 contr.
1034 2412 1121 2467 Geni,

51 2484 100 2535 lib.
122 2482 156 2542 li,
175 2498 203 2534 e.
222 2487 269 2535 81.
289 2484 401 2547 Quinem
427 2492 517 2537 sutem
537 2489 571 2538 sit
590 2486 634 2537 bic
652 2486 816 2548 intelligendi
843 2484 956 2542 modus,
976 2483 1121 2533 abeodem

51 2562 146 2606 saneto
167 2554 334 2607 bectorrita
355 2557 470 2608 breviter
487 2559 648 2620 explicetur:
672 2579 682 2603 ι
706 2555 863 2616 Dicendum,
884 2555 955 2619 qued
973 2557 1061 2604 anima
1082 2570 1124 2605 se·

50 2633 145 2691 parata
165 2642 216 2677 uon
237 2629 360 2691 inteiligit
380 2642 425 2691 per
443 2633 546 2692 species
565 2632 680 2682 innatas.
701 2644 749 2681 nec
770 2643 817 2692 per
835 2628 952 2691 species,
973 2641 1039 2690 qiins
1058 2631 1122 2677 tnnc

48 2699 193 2760 abstrahit,
214 2714 262 2749 nee
281 2700 369 2751 solum
388 2714 434 2762 per
451 2704 553 2764 speclei
571 2708 759 2758 conservatasi
779 2701 824 2751 sed
845 2714 892 2763 per
911 2700 1013 2763 speeies
1032 2712 1063 2750 ex
1083 2701 1124 2749 iii-

49 2773 162 2824 fluentia
184 2770 267 2821 [livini
288 2768 406 2823 luminis
426 2776 606 2838 participatas.
623 2788 737 2837 quarum
757 2776 844 2823 anima
855 2773 884 2823 ni
899 2773 1039 2835 particeps,
1054 2774 1123 2822 siciit

48 2851 78 2895 et
97 2845 167 2893 eliae
185 2845 349 2895 substantiae
368 2851 516 2907 separatae,
536 2847 658 2911 quemvis
678 2844 794 2896 interiori
808 2846 898 2895 modo·
912 2842 984 2897 Unde
999 2849 1055 2893 taio
1068 2846 1123 2895 cito

49 2921 174 2967 cessante
190 2917 362 2967 conversione
380 2917 415 2967 ad
434 2931 541 2983 eorpus,
561 2920 595 2969 eii
613 2920 750 2981 superiora
764 2918 937 2968 convertitur.
958 2912 1013 2966 Neo
1032 2921 1123 2965 tamen

50 2993 162 3052 propter
180 2986 232 3039 boc
251 2990 388 3052 cognitio,
408 2992 449 3040 rei
471 2993 588 3053 potentia
607 3005 661 3041 non
679 2995 720 3041 est
739 2990 886 3041 naturalis:
911 2986 973 3051 qula
993 2985 1063 3038 Deus
1082 2994 1123 3039 eet

48 3065 148 3111 auctor
166 3074 217 3110 nen
236 3062 323 3111 soiiiiii
344 3062 497 3112 influentiae
514 3065 624 3127 gratuiti
645 3063 770 3119 luminis,
791 3062 836 3110 sed
856 3061 937 3111 etiam
956 3061 1085 3110 naturalis
1109 3080 1120 3104 ι

49 3130 98 3201 (l,
118 3146 146 3195 q.
166 3133 214 3181 cit.
233 3133 266 3183 ad
285 3131 329 3198 3).
352 3131 451 3185 Exinde
471 3137 553 3185 etiam
573 3138 646 3199 patet
666 3146 764 3184 mouns
782 3119 934 3183 intelieclus
953 3134 1074 3194 egentis,
1094 3137 1124 3183 et

49 3204 195 3268 possibilis,
215 3207 272 3269 qni,
292 3210 322 3255 ut
341 3208 500 3267 paniosate
519 3208 715 3262 adnotavimus.
734 3209 874 3256 remanent
892 3205 918 3253 in
938 3205 1027 3253 suinae
1047 3217 1124 3267 sepa-

50 3282 114 3327 rata
131 3290 146 3325 a
166 3289 297 3340 corpore.
317 3277 422 3329 differre
440 3280 474 3328 ab
493 3280 559 3339 iiio,
578 3280 650 3344 qnod
670 3280 695 3328 in
714 3278 845 3341 praesenti
866 3276 918 3327 rita
938 3275 1047 3325 obeunt.
1068 3272 1127 3326 Au·-

48 3350 142 3398 diatnr
160 3349 231 3398 idem
250 3348 380 3413 Aquinas:
404 3370 415 3395 i
437 3347 561 3414 Operatio
581 3352 732 3401 intellectui
752 3351 863 3412 egentis,
883 3353 911 3397 et
930 3347 1062 3410 possibilis
1082 3360 1124 3398 re-

49 3421 131 3484 spicit
149 3421 346 3484 phantesinats,
361 3424 508 3474 secundum
526 3423 596 3486 qued
616 3427 657 3472 est
675 3424 763 3473 anima
784 3420 888 3483 corpori
903 3420 987 3477 onitas
1003 3420 1123 3471 sedeam

49 3494 104 3542 erit
122 3505 137 3540 a
157 3506 270 3556 corpore
289 3500 429 3556 separata,
450 3509 497 3558 per
516 3496 680 3547 interiectum
708 3494 858 3556 possibilem
886 3492 999 3554 recipiet
1023 3495 1124 3555 species

49 3564 191 3614 effluentes
205 3569 224 3614 'a
244 3565 398 3615 substantiis
416 3569 617 3630 superioribus,
637 3572 664 3616 et
683 3580 730 3629 per
750 3567 914 3616 intellectum
934 3569 1056 3627 spontem
1077 3566 1125 3615 ha·

49 3638 124 3691 bebit
138 3638 262 3693 virtutem
276 3638 309 3688 ad
322 3638 521 3703 intelligendum
539 3660 563 3702 η
579 3640 852 3707 Qp.ilispp.,q.un.lis
866 3637 1081 3708 animodi-ed
1095 3638 1124 3691 a.
