2475 3909
1047 150 1092 218 77

487 171 569 222 eius
590 171 711 220 neuris

72 248 185 318 ootolo
209 255 258 319 ica
289 273 329 320 ea
349 250 493 331 dicitnr,
517 257 549 321 iii
571 277 636 340 qun
657 253 787 319 initium
811 251 964 318 scientiae
985 271 1004 314 a
1024 251 1136 336 cogni·

74 335 166 400 tione
187 273 247 403 bei
271 335 453 402 ducendum
474 358 542 404 esse
565 337 726 405 statuitur.
742 333 913 402 Methodus
933 344 1040 430 autem
1064 353 1136 422 psy-

74 415 243 503 chologica
264 429 310 484 est
333 440 384 496 ea,
401 419 434 485 iu
455 441 519 504 qun
540 421 673 487 initium
693 419 844 484 scientiae
866 438 884 481 a
907 417 1087 501 cognitione
1101 439 1135 480 a·

74 497 198 564 licuins
220 501 356 566 ellectus
371 501 561 569 sumendum
576 523 645 568 esse
658 499 802 568 docetur.
818 500 859 566 Ut
878 499 975 566 huius
997 497 1137 566 celebris

75 578 248 648 divisionis
270 582 408 650 methodi
431 585 512 651 ratio
528 594 731 683 agnoscatur,
747 583 903 650 memoria
917 579 1134 647 revocandum

77 659 173 726 nobis
194 677 242 729 est
269 665 454 731 methodum
477 678 652 734 consistere
675 668 708 732 iii
730 665 837 741 modo,
865 685 962 750 quem
984 683 1073 728 mens
1093 662 1135 728 ad

79 745 251 840 scientiam
273 747 506 833 assequendam
521 760 673 826 sectatur,
689 760 785 833 atque
807 749 1059 834 scientiamtum
1081 745 1139 811 ob-

77 836 189 903 lineri,
211 848 284 892 cum
307 851 358 894 res
381 851 588 917 percenses,
611 852 694 916 quae
718 833 819 916 ipsam
840 829 1062 904 constituunt,
1084 850 1136 894 co·

77 909 254 990 gnoscitur.
284 911 351 977 lam
379 913 525 978 nonnulli
553 911 738 1010 Philosophi
772 910 968 977 contendunt
994 923 1135 978 mentem

77 1002 220 1056 nostrum
241 993 309 1058 lrui
330 993 475 1071 directa,
496 1017 533 1061 ac
549 995 742 1062 immediata
763 995 947 1079 cognitione
969 991 1054 1070 Dei,
1076 995 1133 1078 qui

77 1083 126 1138 est
148 1075 252 1156 primu
273 1075 376 1142 Causa
397 1077 543 1143 omnium
564 1098 686 1154 rerum,
709 1078 914 1160 rationesque
933 1075 1078 1139 omnium
1102 1077 1135 1140 in

76 1173 109 1248 se
131 1155 283 1235 continet,
307 1179 345 1224 ac
366 1158 501 1257 proinde
524 1161 659 1226 scientia
685 1157 860 1224 seeundum
882 1158 968 1244 ipsos
989 1177 1007 1220 a
1027 1157 1137 1242 cogni-

78 1247 165 1300 tione
187 1237 248 1304 Dei
269 1240 495 1326 proficiscitur.
510 1243 577 1307 iiiii
600 1263 678 1308 vero
698 1239 814 1306 docent
835 1249 975 1304 mentem
994 1251 1136 1307 nostram

77 1321 123 1384 ita
146 1332 362 1406 comparatam
383 1345 478 1403 esse,
505 1337 542 1391 ut
563 1323 602 1389 ad
623 1323 840 1422 cognitionem
860 1341 974 1386 causae
1007 1323 1135 1386 nonnisi

77 1421 138 1486 per
158 1405 375 1488 cognitionem
397 1405 530 1473 ellectus
551 1426 721 1492 pervenire
743 1405 854 1490 possit,
870 1423 907 1468 ac
929 1402 1063 1488 proinde
1088 1424 1137 1468 se·

76 1484 220 1549 cundum
240 1487 326 1572 ipsos
340 1489 491 1556 scientiae
506 1510 524 1552 a
539 1489 723 1575 cognitione
737 1487 903 1552 cuiusdam
921 1483 1053 1550 effectus
1074 1486 1138 1549 ini·

79 1568 160 1632 tium
182 1587 309 1636 sumere
323 1569 427 1636 debet.
444 1569 586 1637 Effectus
601 1583 721 1646 autem,
736 1591 778 1634 ex
797 1567 917 1655 quibus
931 1569 965 1632 in
986 1566 1137 1634 methodo

71 1649 287 1734 psycbolopica
311 1655 446 1720 scientio
468 1655 599 1720 initium
621 1653 786 1728 sumitur,
808 1661 882 1716 sunt
903 1650 953 1715 vel
977 1669 1026 1716 res
1045 1665 1139 1718 iiatu-

76 1743 172 1808 rates,
195 1753 277 1817 quae
299 1747 389 1801 extro
413 1757 469 1800 nos
491 1747 575 1812 snut,
598 1735 649 1800 vel
670 1736 877 1809 sensatioues,
891 1730 1009 1828 quibus
1029 1736 1136 1798 anima

75 1837 94 1880 u
118 1814 219 1880 rebus
240 1817 457 1884 exterioribus
478 1821 640 1893 allicitur,
661 1815 711 1883 vel
740 1818 844 1899 ipsius
866 1835 990 1880 animae
1016 1819 1140 1901 eogita-

75 1899 195 1962 tiones.
218 1897 423 1987 Quapropter
449 1900 590 1966 methodi
613 1897 854 1986 psychologieae
883 1896 993 1984 piures
1014 1899 1138 1994 species

76 1980 234 2128 eppspppp,
256 2002 394 2102 puerum
415 1985 609 2070 praecipuae
630 1981 880 2064 suntempiricc,
898 1979 1083 2058 ideolisttcc,
1105 1992 1138 2047 et

76 2085 94 2127 r
132 2087 143 2128 ι
219 2085 246 2126 is
283 2113 289 2125 .

118 2147 168 2212 10.
195 2147 252 2210 llis
273 2145 408 2211 diversis
431 2144 617 2211 nominihus
630 2144 800 2212 methodus
812 2143 993 2242 appellatur
1012 2151 1137 2214 ratione

76 2226 281 2294 diversorum
304 2229 554 2314 principiorum,
570 2249 610 2293 eii
632 2227 751 2313 quibus
767 2229 798 2292 iii
821 2228 863 2291 iis
884 2230 1028 2293 mensio
1051 2233 1138 2295 inve-

77 2312 251 2398 stipatione
273 2331 382 2375 rerum
404 2309 629 2396 proficiscitur.
652 2310 736 2388 Sed,
760 2311 786 2375 si
811 2311 893 2377 ratio
914 2309 1070 2377 habeatur
1089 2314 1139 2376 di-

78 2395 166 2458 versi
186 2391 289 2470 modi,
309 2413 374 2478 quo
398 2394 428 2457 iii
454 2393 532 2478 ipsis
553 2415 643 2458 mens
665 2392 822 2479 procedit,
844 2392 1012 2458 methodus
1033 2395 1084 2460 vel
1106 2419 1139 2459 o-

77 2475 238 2562 uulytieu,
261 2476 310 2540 vel
387 2475 498 2541 thetica
519 2474 709 2561 appellatur.
733 2473 901 2541 hlethodus
921 2474 1078 2562 analytica
1099 2499 1138 2543 ea

80 2571 141 2635 est,
163 2579 246 2644 qnae
268 2558 310 2623 ab
331 2580 348 2622 e
374 2555 499 2622 estibus
521 2557 561 2622 ud
582 2579 707 2636 causas,
730 2579 749 2621 a
771 2556 1022 2642 particularibus
1041 2559 1079 2622 ud
1101 2582 1138 2626 u·

78 2641 264 2718 niversale,
287 2663 305 2706 u
328 2641 513 2725 compositis
534 2639 571 2704 ad
599 2641 795 2724 simpliciore
819 2659 877 2723 pro
919 2639 1038 2723 editur.
1062 2644 1139 2731 Syn·

79 2724 197 2790 thetica
220 2745 297 2789 vero
317 2744 354 2787 en
373 2769 381 2798 ,
403 2742 485 2818 quae
515 2721 662 2807 procedit
688 2743 706 2786 a
729 2721 834 2785 causis
855 2659 1074 2803 agrebertus,
1096 2725 1138 2790 ab

79 2807 255 2872 universali
278 2803 316 2869 nd
339 2803 544 2890 particulare,
567 2826 584 2868 a
607 2803 812 2890 simplicibus
832 2803 871 2868 ed
890 2809 1081 2894 composita.
1097 2809 1136 2873 E.

105 2937 131 2966 .,
153 2889 291 2977 Physici,
315 2889 341 2952 si
363 2909 404 2952 ex
424 2887 646 2953 observatione
672 2887 964 2972 phaenomenorum
988 2889 1138 2976 proiecti,

80 2909 178 3058 ieges,
201 2969 374 3037 secundum
396 2991 475 3067 quas
497 2969 588 3043 fiunt,
612 2970 803 3052 inquirunt,
825 2967 1011 3036 methodum
1031 2971 1138 3061 analy-

81 3057 178 3120 ticam
200 3065 331 3130 tenent,
360 3071 437 3136 quia
466 3053 686 3138 phaenomena
714 3051 845 3118 ellectus
874 3052 1002 3119 illarum
1030 3056 1138 3139 legum

82 3149 166 3214 sunu
188 3139 238 3204 sin
253 3134 448 3220 exlegibus,
463 3132 641 3200 secundum
654 3153 734 3218 quas
748 3134 966 3218 phaenomena
985 3137 1051 3201 iam
1064 3148 1139 3204 nota

82 3221 250 3298 eueniunt,
269 3217 420 3308 proiecti,
441 3239 524 3282 nova
540 3215 758 3303 phaenomena
772 3214 937 3304 detegunt,
953 3216 1139 3284 methodum

115 3419 125 3455 ¹
147 3415 283 3469 hluthodus
301 3415 628 3482 pspiuotopim-rauonatu
649 3419 776 3482 appellari
795 3421 875 3471 etiam
895 3423 961 3470 solet
981 3423 1140 3485 experimen-

81 3493 148 3542 tuli'r.
168 3487 224 3542 sisi
244 3495 335 3542 sutem
355 3501 432 3539 rocos
450 3495 587 3557 enipi'rtcu,
607 3495 635 3539 et
654 3495 862 3557 experimentato
886 3494 955 3544 idern
979 3493 1138 3556 algniflcent,

81 3570 169 3614 tunicii
188 3578 266 3624 usus,
288 3575 361 3623 uitem
380 3576 457 3625 penes
480 3565 617 3615 arbitrium
641 3571 693 3625 est,
718 3574 741 3615 et
763 3567 819 3623 tua,
846 3575 869 3618 et
893 3581 985 3618 norma
1011 3567 1137 3631 loquendi,

81 3638 162 3689 voluit
180 3643 209 3688 ut
228 3637 269 3688 his
290 3635 400 3685 vocilius
420 3635 538 3688 diversae
558 3650 599 3687 ies
618 3636 836 3700 significarentur.
