2475 3909
198 168 259 235 att
504 186 694 236 rusococn
717 188 906 239 nsrvnncrs

157 270 247 335 modi
271 280 330 347 est,
353 282 390 367 ut
411 269 492 334 nihil
517 269 594 368 addi
617 271 684 355 lpsi
706 282 820 356 queat,
837 294 896 368 per
916 273 1004 360 quod
1025 274 1063 339 ad
1086 274 1126 341 ali
1148 292 1208 337 uen

158 353 291 417 modum
313 363 396 418 entis
424 351 679 428 determinetur3
694 373 734 415 erc
755 354 810 418 boc
833 375 903 438 apso
924 367 1042 433 autem,
1058 378 1101 441 qn
1162 378 1207 417 mn

156 434 430 582 crippp'pp'it‘uplipuum
452 433 657 509 additionem,
681 435 915 513 indiuiduutur,
931 449 958 501 et
978 461 997 501 o
1017 442 1132 501 oannis
1151 438 1208 501 ulie·

278 652 347 705 Aur.
369 650 460 705 lll.-
473 653 592 719 Quanam
614 656 716 705 ratione
736 654 912 716 perfectiones
932 660 1114 707 creaturarum

521 725 576 777 lieo
594 729 649 777 sint
667 727 850 777 attribuendae

198 835 251 899 67.
275 833 519 899 perfectionum
535 836 620 900 aliae
642 832 799 899 dicuntur
812 833 963 909 obsolute,
977 835 1027 900 vel
1043 833 1206 918 simplicite

157 916 330 999 simplices,
353 915 436 979 aliae
458 917 625 981 secandum
647 916 733 1001 qnid.
758 915 888 980 Priores
909 926 996 991 sunt,
1009 936 1096 999 quae
1117 934 1206 979 secun

158 996 236 1060 dum
266 999 435 1142 propriam
463 1000 630 1064 notionem
652 996 875 1063 consideratae
908 996 1028 1061 nullam
1059 995 1206 1061 includunt

159 1081 265 1163 imper
280 1089 452 1156 cottonem,
468 1100 573 1163 neque
596 1100 670 1143 cum
695 1079 823 1143 meliori
846 1078 1048 1164 perfectione
1072 1090 1203 1163 pugnant.

157 1181 187 1219 e.
213 1180 257 1243 g,
274 1161 350 1235 ritu,
365 1162 530 1246 supientia.
547 1162 748 1226 Posteriores
774 1180 848 1224 vero
871 1170 958 1235 sunt,
980 1180 1065 1245 quae
1090 1160 1203 1224 licetin

157 1251 207 1304 tra
223 1261 325 1325 genus
338 1262 434 1305 suum
457 1243 620 1326 perfectae
635 1243 712 1317 sint,
729 1252 839 1306 tamen
861 1242 893 1306 in
918 1242 988 1326 ipso
1003 1242 1055 1306 sui
1072 1252 1203 1323 conceptu

159 1322 302 1403 aliquem
317 1325 578 1408 complectuntur
599 1322 778 1400 defectum,
794 1333 915 1389 etcum
931 1323 1005 1387 aliis
1020 1323 1204 1389 excellentie

159 1402 253 1469 ribus
299 1415 444 1490 ugnant;
467 1427 495 1469 e.
518 1428 565 1491 g„
589 1426 652 1470 esse
673 1425 784 1489 cerpus
798 1407 823 1467 ².

198 1486 251 1551 68.
275 1425 344 1551 iam
367 1486 594 1571 perfectiones,
615 1508 701 1572 quae
724 1507 840 1572 purae,
856 1496 888 1551 et
910 1484 1078 1571 simplices
1100 1482 1202 1556 suntsi

158 1578 344 1651 spectentur
370 1568 547 1633 secundum
577 1569 681 1644 illud,
704 1568 792 1652 qnod
822 1570 855 1633 in
878 1569 929 1631 sui
952 1588 1051 1632 conce
1076 1566 1204 1635 tudere

157 1660 237 1721 tant,
260 1648 449 1730 formaliter,
472 1653 533 1716 hoc
547 1662 607 1728 est,
623 1653 728 1717 aiente
750 1670 774 1712 s.
792 1650 925 1725 Tboma,
940 1670 1037 1713 secun
1064 1673 1120 1715 um
1134 1648 1203 1711 ceris

156 1730 267 1792 simum
289 1732 343 1794 sui
361 1734 512 1797 rationem
528 1734 552 1810 ³,
575 1735 607 1797 iu
631 1732 702 1795 Deo
723 1731 940 1805 continentur,
960 1749 1054 1797 secus
1078 1728 1203 1796 Deusin

158 1809 246 1877 fluite
269 1813 433 1896 perlectus
456 1836 518 1879 nou
540 1824 633 1880 esset.
657 1816 695 1878 E.
721 1833 764 1898 g,
787 1813 970 1897 sapientia,
993 1813 1021 1875 si
1044 1812 1202 1879 considere

157 1903 211 1956 tur
234 1894 268 1956 in
290 1896 339 1957 sui
362 1909 544 1983 conceptu,
565 1907 665 1982 prout
686 1914 802 1980 nempe
824 1905 874 1960 est
894 1894 1036 1977 cognitio
1061 1916 1119 1982 per
1137 1893 1202 1958 altis

158 1974 255 2038 simas
272 1996 384 2041 causas
405 1980 564 2064 attingens
578 1975 674 2042 simul
692 1977 790 2041 unico
811 1984 883 2039 actu
907 1975 1090 2061 principia,
1106 1987 1201 2041 etcor

156 2056 329 2134 elusiones,
352 2057 535 2127 formaliter
557 2060 589 2123 in
614 2058 682 2122 Deo
704 2056 881 2143 reperitur,
902 2057 978 2140 quia
1002 2058 1085 2122 nihil
1108 2060 1199 2143 imper

159 2137 311 2204 lectionis
326 2142 359 2203 iu
374 2162 408 2205 se.
430 2141 564 2205 claudit.
583 2138 668 2204 Hine
691 2138 779 2204 Deus
800 2138 946 2202 absolute
969 2137 1087 2217 bonus,
1110 2143 1198 2205 iustus

158 2221 286 2302 sapiens
307 2224 498 2308 appellatur.
514 2222 566 2289 Ob
586 2220 735 2287 eamdem
757 2220 915 2286 rationem
935 2218 1152 2365 perfectiones
1169 2236 1198 2279 re

157 2301 293 2364 eundum
316 2306 403 2387 quid,
419 2326 493 2369 curn
509 2304 628 2388 inipso
651 2304 701 2367 sui
719 2314 876 2388 conceptu
891 2300 931 2365 de
949 2311 1057 2365 ectum
1082 2305 1198 2386 aliquem

158 2381 336 2461 includant,
361 2408 423 2450 non
443 2385 630 2467 permoliter,
647 2384 700 2448 sed
725 2385 894 2448 dumtaxat
915 2386 1097 2461 eminenter,
1120 2378 1197 2449 escal-

158 2466 285 2529 lentiori
309 2488 425 2555 nempe
447 2470 583 2533 ratione.
606 2467 677 2531 Deo
699 2476 772 2531 sunt
794 2463 1029 2531 attribuendae.

197 2546 247 2610 69.
273 2548 424 2615 Diximus
444 2549 659 2635 perfectiones
681 2548 826 2614 absolute
849 2546 1013 2631 simplices
1029 2547 1064 2611 in
1082 2544 1198 2633 Densu-

157 2630 280 2692 moliter
301 2633 480 2708 contineri,
496 2634 525 2696 si
540 2632 769 2695 considerentur
792 2628 957 2693 securrdum
979 2628 1074 2706 illud,
1097 2626 1196 2713 quodie

157 2712 208 2772 sui
230 2722 374 2796 conceptu
400 2714 551 2777 denotent.
575 2714 659 2778 Nam
681 2713 706 2775 si
731 2721 917 2796 spectentur
942 2710 1118 2775 seeundum
1146 2720 1197 2769 ean

157 2793 331 2870 rationem,
346 2816 407 2879 qua
425 2798 457 2858 in
473 2796 632 2861 creaturis
654 2803 740 2865 sunt.
757 2795 866 2877 plures
887 2792 1141 2877 complectuntur
1153 2789 1195 2851 iu·

158 2874 393 2958 perfectiones3
417 2899 446 2941 e.
471 2899 521 2962 g.,
545 2889 618 2941 sunt
639 2876 825 2960 qualitates,
847 2893 930 2970 quae
954 2872 1097 2949 intendi,
1117 2883 1145 2937 et
1163 2886 1197 2931 rc·

157 2958 243 3023 mitti
267 2969 411 3043 possunt,
435 2959 658 3043 limitibusque
682 2952 1010 3031 circunrscrrhuntur;
1026 2975 1064 3019 ac
1086 2947 1196 3041 proinde

158 3060 221 3102 non
245 3040 422 3105 secundum
444 3062 517 3105 eam
540 3043 703 3116 formam,
726 3062 790 3125 qua
818 3040 850 3104 in
879 3037 1039 3102 creaturis
1065 3039 1195 3101 existunt·

157 3119 212 3184 sed
228 3121 324 3186 modo
346 3124 554 3189 eminentiori
571 3126 603 3189 in
619 3121 688 3187 Deo
707 3122 922 3187 continentur.
939 3120 1142 3205 Quapropter
1153 3126 1195 3179 sn·

157 3203 311 3269 tuendum
333 3212 381 3268 est
404 3205 618 3301 perfectiones
645 3214 885 3277 creaturarum,
907 3203 1138 3287 cuiuscumque
1156 3216 1193 3281 pr

159 3286 246 3348 neris
262 3286 337 3361 sint,
353 3288 558 3351 eminentiori
585 3289 710 3351 ratione
727 3285 879 3350 Decesse
895 3282 1124 3349 attribuendas.
1138 3278 1193 3343 «ll

539 3412 669 3423 ...ἢ-...-
682 3415 700 3422 -.
712 3414 863 3422 ——0---a

195 3498 207 3532 ¹
227 3501 276 3560 Op.
295 3501 393 3561 dtrpp„
412 3500 449 3547 De
472 3500 545 3555 Ver„
563 3510 592 3559 q.
612 3492 686 3553 lllll,
706 3510 731 3545 a.
752 3496 769 3545 l
787 3495 820 3545 ad
839 3495 867 3545 9.

193 3563 260 3615 ²Cf
274 3581 297 3614 s.
319 3566 449 3625 anselm„
470 3570 583 3625 Monet..
603 3582 629 3615 c.
653 3568 697 3617 ¹5.

195 3636 257 3683 ³ln
276 3638 320 3685 tib.
343 3641 455 3697 tSent„
477 3637 541 3688 bist.
564 3637 596 3698 ll,
617 3652 644 3701 q.
667 3636 687 3694 l.
709 3652 735 3687 a.
757 3638 772 3686 2
792 3640 841 3688 rol.
