2475 3909
126 166 187 234 iffi
471 180 746 230 suranorouooru

125 269 175 334 10.
198 268 234 332 ln
256 262 460 365 philosophia
488 267 611 332 recenti
638 263 803 332 Cartesius
824 267 995 332 essentiam
1017 267 1149 333 animae

84 350 119 413 in
133 351 341 436 cogitatione,
357 366 415 414 seu
434 349 467 413 in
482 348 709 434 complexione
731 347 878 414 omnium
900 348 1063 414 actionum
1078 350 1155 414 ani·

85 452 157 498 mae
180 433 317 518 positam
341 451 412 496 csse
439 433 588 516 putarit3
611 441 644 496 et
665 429 820 514 quoniam
850 429 945 496 homo
965 450 1005 493 ex
1026 449 1066 494 eo
1085 442 1150 508 est,

85 513 173 598 quoti
197 515 341 599 cogitat,
362 513 504 577 animum
527 533 595 579 esse
623 512 785 576 hominem
807 509 977 579 deduxitt
1002 510 1095 589 Quod
1121 514 1151 578 si

84 599 193 662 anima
214 607 263 663 est
283 595 389 672 homo,
413 595 483 678 ipsa
504 616 567 660 non
590 595 758 660 constituit
784 613 859 658 cum
887 613 1022 681 corpore
1047 615 1153 660 uuam

85 677 297 744 substantiam
324 696 394 741 corn
418 675 540 754 letam,
563 675 618 741 sed
643 687 691 742 est
712 695 771 762 per
791 695 824 741 se
847 676 946 740 solam
969 675 1152 741 substantia

83 760 266 844 compieta;
290 697 490 844 proinrflrque
516 781 591 825 cum
619 777 755 844 corpore
783 756 960 822 secundum
986 757 1151 834 accidens,

87 862 151 906 nou
174 862 251 906 vero
272 839 449 906 secundum
471 841 698 916 substantiam,
720 840 964 924 coniungitur&

128 923 177 989 11.
202 923 267 986 iam
290 921 408 1017 iaispm
434 943 504 989 esse
533 923 803 1010 pronuntiatum,
825 922 880 986 cui
906 921 984 986 haec
1010 919 1152 986 Centesii

84 1006 242 1071 sententia
267 1004 427 1081 innititur,
443 1027 560 1092 nempe
579 1006 753 1071 essentiam
775 1005 903 1068 animae
925 1005 958 1068 in
982 1002 1155 1088 cogitatio-

85 1107 149 1162 ne,
172 1107 228 1151 seu
253 1087 286 1150 in
308 1085 535 1171 complexione
560 1087 706 1153 omnium
733 1087 961 1171 operationum
982 1086 1053 1152 eius
1074 1104 1153 1149 cum

87 1166 381 1242 intellectivarnm,
406 1178 476 1234 tum
497 1171 724 1236 sensitivarum
747 1169 885 1252 positam
905 1187 992 1246 esse,
1014 1165 1093 1232 alibi
1116 1186 1154 1231 o-

84 1248 280 1315 stendemus.
297 1249 360 1315 Hic
374 1248 543 1317 dumtaxat
568 1251 653 1317 istud
670 1248 766 1315 breve
792 1249 955 1316 ailerimus
979 1268 1154 1335 argumen-

82 1342 180 1396 tum:
205 1333 310 1396 ilomo
331 1330 487 1397 dicendus
514 1344 563 1401 est
588 1331 739 1398 constitui
763 1351 828 1396 non
849 1352 891 1396 ex
919 1353 970 1410 eo,
992 1328 1079 1418 quoti
1100 1344 1155 1398 est

84 1414 186 1479 solius
206 1413 344 1491 animae,
367 1414 421 1478 sed
444 1436 484 1479 es
505 1437 558 1494 eo,
580 1414 668 1500 quoti
691 1425 740 1480 est
760 1412 856 1478 simul
878 1412 1019 1491 animae,
1034 1421 1067 1478 et
1080 1432 1154 1476 cor-

86 1499 188 1582 poris,
203 1496 231 1561 si
252 1495 380 1581 aliquas
400 1500 603 1582 operationes
625 1504 746 1574 exerat,
760 1517 845 1595 quae
866 1514 930 1560 uon
953 1507 1028 1562 suut
1048 1491 1153 1560 solius

85 1579 227 1653 animae,
250 1577 307 1642 sed
329 1580 454 1644 animae
476 1580 573 1645 simul
595 1591 629 1645 et
650 1597 808 1664 corporum
824 1599 888 1644 non
910 1589 1041 1663 possent
1060 1577 1153 1641 enim

84 1657 272 1726 huiusmodi
285 1662 429 1725 actiones
443 1681 629 1727 communes
642 1681 711 1728 esse
727 1661 865 1736 animae,
880 1671 914 1727 et
926 1660 1069 1745 corpori,
1084 1657 1152 1723 uisi

85 1741 167 1808 uuio
188 1739 409 1807 substantialis
429 1744 517 1810 iuter
535 1745 694 1819 animam,
717 1751 749 1807 et
769 1762 887 1831 corpus
907 1743 1072 1808 existeret.
1094 1742 1155 1805 ut·

85 1825 145 1912 qui
167 1826 277 1910 reipsa
304 1823 432 1910 aliquae
462 1827 670 1912 operationes
697 1825 834 1891 hominis
860 1845 922 1890 non
950 1835 1026 1891 sunt
1049 1821 1154 1887 soiius

85 1907 228 1982 animae,
250 1907 307 1971 sed
331 1908 459 1972 animae
480 1909 597 1984 simul,
618 1920 653 1975 et
673 1907 833 1992 corporis,
856 1926 970 1992 nempe
991 1905 1156 1991 operatio-

87 2009 145 2054 nes
159 1993 373 2075 vegetatirae,
389 2001 422 2056 et
435 1992 609 2057 sensitivae
624 1992 647 2054 ⁸.
664 1992 750 2074 Ergo
763 1991 860 2055 homo
874 2009 937 2054 non
951 2000 1010 2065 est,
1024 1998 1060 2054 ut
1073 1987 1154 2054 Car·

86 2073 185 2142 tesius
208 2071 324 2146 voluit,
347 2072 415 2136 solu
437 2073 561 2150 anima,
583 2071 639 2137 sed
662 2093 702 2137 ex
725 2071 845 2150 anima,
867 2079 898 2136 et
919 2091 1054 2157 corpore
1075 2067 1155 2134 suh·

85 2154 281 2222 etantiaiiter
301 2174 341 2218 co
367 2154 463 2219 uiatis
484 2155 690 2241 componitur
704 2155 729 2216 ⁴.

127 2237 176 2334 12.
200 2175 432 2332 Philosoplms,
455 2239 511 2322 qui
541 2246 612 2322 post
638 2237 820 2332 Cartesium
834 2233 1154 2332 'harmoniam-inter

84 2320 301 2418 cogitationes
322 2339 459 2396 animae,
482 2331 516 2385 et
535 2329 642 2384 motus
663 2340 720 2383 cor
765 2337 809 2381 rrs
832 2336 872 2380 ns
894 2324 1074 2404 systematis
1094 2335 1155 2380 ex·

87 2401 275 2491 placarunt,
296 2399 416 2486 quihus
440 2402 520 2467 unio
542 2338 763 2467 substantiali}
783 2399 928 2480 animae,
951 2409 984 2465 et
1004 2400 1154 2486 corporis

86 2635 157 2700 quon
177 2648 257 2684 onam
275 2632 439 2697 hypostasim
458 2647 519 2682 enm
539 2634 628 2683 anima
641 2631 731 2682 efficit.
747 2629 802 2682 ilco
814 2634 921 2696 quidem
936 2636 969 2684 ah
984 2636 1039 2699 ipss
1054 2641 1152 2688 natura

88 2707 268 2759 causationum
294 2705 461 2769 perspicitur.
488 2701 555 2756 Nem
581 2706 740 2768 principium
763 2708 943 2756 remotionum
963 2721 1015 2758 nou
1033 2714 1074 2760 est
1094 2713 1154 2762 sols

89 2781 189 2837 amma,
210 2784 256 2827 sut
276 2780 361 2826 soinrn
382 2791 487 2838 corpus,
501 2779 547 2828 seti
561 2781 731 2834 ooniunctuns,
751 2790 798 2826 seu
816 2779 917 2838 anima,
937 2786 965 2830 et
984 2782 1156 2844 corpoeht-

87 2854 134 2918 qui
154 2851 265 2913 intelllgi
282 2852 375 2914 nequit
394 2853 529 2908 animem,
548 2855 577 2899 et
595 2863 692 2913 eorpus
711 2863 768 2899 esse
788 2850 866 2899 simui
881 2853 1041 2917 principium
1061 2867 1155 2906 mnsa-

87 2928 211 2981 ttonum,
231 2923 279 2972 nisi
298 2923 403 2971 dicatur
421 2922 536 2974 animam
562 2937 625 2972 euru
645 2934 756 2984 corpore
775 2921 809 2971 ita
827 2925 972 2988 coniungi,
993 2931 1022 2975 ut
1042 2927 1151 2978 unicam

86 2997 260 3048 substantlsm
279 2995 454 3051 constituant,
470 2994 586 3058 alioquin
599 2995 709 3045 unicum
723 2995 882 3057 prinoipium
895 3010 953 3048 esso
966 3011 1017 3048 uon
1031 3005 1151 3062 possent.

86 3065 192 3133 Corpus
211 3069 292 3132 igitur
309 3080 362 3116 non
381 3065 452 3116 aliud
472 3067 677 3118 instrumentum
691 3067 859 3118 animastis!
874 3073 969 3132 potest.
984 3083 1064 3134 quam
1079 3073 1150 3135 quoti

86 3143 121 3193 sti
140 3155 232 3199 unam,
250 3140 426 3202 esmdemqne
446 3138 607 3202 hypostasim
627 3139 792 3190 efficiendam
811 3153 873 3191 oum
892 3141 947 3206 ipsa
967 3145 1112 3195 concurrit.

124 3215 135 3252 t
159 3215 205 3264 Lu
221 3216 353 3276 principes
371 3215 402 3261 do
421 3213 447 3260 lo
464 3213 541 3275 phil„
562 3225 621 3274 psr.
643 3210 663 3268 l.
684 3217 699 3275 s
718 3212 747 3268 8,
765 3217 793 3261 et
812 3211 838 3262 9.

124 3283 222 3336 ²ilinc
240 3284 312 3335 rides
331 3277 491 3340 Cartesium,
510 3298 573 3334 cnm
592 3284 682 3334 docuit
701 3285 826 3334 unionem
845 3287 966 3346 animae,
986 3293 1013 3338 et
1032 3289 1154 3352 eorporis

86 3369 145 3407 osse
164 3357 377 3412 substantialem,
394 3355 477 3405 rerho
495 3356 579 3419 ipsam
598 3357 754 3414 asseruisse,
774 3370 803 3406 rs
820 3363 911 3408 sutem
931 3371 1050 3424 musso.

124 3428 204 3491 θος.
223 3431 320 3491 usspp„
339 3442 367 3491 q.
389 3441 447 3482 un..
469 3429 507 3476 De
525 3429 628 3485 norm„
648 3441 674 3478 a.
695 3427 711 3477 1
731 3442 758 3479 o.

124 3497 137 3535 ⁴
154 3496 264 3548 Accedit
281 3499 368 3561 qnod,
387 3498 543 3549 ohserrsnto
561 3506 654 3550 sancto
673 3497 846 3557 Damascene,
867 3513 971 3560 sorum,
990 3515 1059 3566 quse
1079 3501 1157 3558 idem

88 3573 161 3624 sunt,
181 3570 279 3652 eodem.
292 3575 332 3620 ost
349 3569 477 3628 helinium
502 3571 576 3634 atqui
595 3570 712 3621 definitio
730 3573 835 3621 snimse
854 3585 905 3622 nen
924 3576 1047 3628 merenti
1064 3573 1165 3663 homi-p

87 3640 129 3693 ssi.
148 3635 218 3702 Eupo
237 3653 324 3692 nurma
343 3655 396 3696 nors
414 3647 454 3692 est
472 3642 563 3693 homo.
584 3641 644 3712 vio.
665 3645 787 3704 Dialeon,
806 3659 832 3696 c.
855 3644 898 3698 iil.
1164 3679 1169 3693 .

1163 3717 1179 3783 ,i

16 3824 113 3880 Α
1156 3784 1180 3833 ΙΙ..
