2475 3909
480 173 561 222 raes
582 172 687 243 rutupi
986 225 990 246 ,
1031 154 1074 226 tt

90 249 127 317 Ρ
149 251 305 320 Definitio
327 254 434 319 verbis
456 258 648 343 negantibus
662 257 733 322 lieri
750 257 872 341 nequit,
887 261 1010 356 quippe
1024 261 1113 350 quod

51 331 119 417 ipsa
142 356 209 481 pop
228 346 295 457 tam
316 336 395 421 quid
416 358 469 403 res
491 360 555 404 non
577 342 631 420 sit,
653 360 751 429 quam
772 338 852 425 quid
866 360 918 405 res
939 351 994 421 sit,
1009 346 1115 433 expli·

49 434 120 480 aare
169 428 277 483 cet.

87 499 141 564 ts.
167 498 295 565 Diuisio
317 509 424 567 autem
438 513 486 568 cst
498 505 595 569 totius
607 507 759 590 inpostea
772 502 966 571 distributio.
983 508 1113 586 Totum,

49 577 134 661 quod
156 580 191 645 in
214 593 320 666 partas
341 582 510 671 dividitur,
532 587 671 651 diuisam
684 585 788 664 audit,
804 596 836 650 ct
849 595 968 671 partes,
983 590 1019 653 in
1056 610 1114 655 uas

52 671 152 755 ictum
176 661 348 743 dividitur,
371 667 506 732 membro
526 669 700 734 dividentia
722 668 886 734 dicuntur.
902 670 937 736 si
952 692 1015 756 qua
1030 611 1115 737 divi-

50 762 147 807 sioms
170 764 246 829 pars
267 748 434 832 complexa
457 752 511 827 sit,
533 770 671 839 suasque
693 751 728 815 in
750 759 859 836 partes
880 753 995 837 etipsa
1010 755 1113 819 solva·

51 836 113 900 tur,
136 826 314 894 suldioisio
334 830 454 897 existit.
478 831 624 920 Denique
647 833 755 918 plures
776 831 953 898 divisiones
967 836 1114 901 eiusdem

52 907 111 982 rei,
131 925 218 991 quae
239 909 377 977 diversis
399 912 502 979 modis
525 914 763 991 consideratur,
786 914 1010 983 condioieiooes
1032 918 1113 984 alo·

52 988 130 1071 gicis
151 986 220 1055 dici
235 993 354 1060 solent,

59 1150 64 1161 1
86 1070 137 1135 50.
163 1071 291 1151 Totum,
315 1076 400 1162 quod
425 1075 595 1157 dividitur,
617 1078 905 1163 triplicis-generis
919 1091 979 1157 est,
995 1102 1109 1168 nempe

52 1154 208 1237 anomale,
230 1159 424 1235 uniuersale,
448 1172 480 1225 et
498 1161 698 1244 potestate&
722 1160 840 1225 Totum
863 1161 1009 1244 inteprole
1031 1161 1113 1229 illud

51 1245 107 1312 est,
130 1237 219 1319 quod
242 1240 454 1326 expertibus
477 1242 639 1319 coalescit,
662 1262 745 1327 quae
765 1263 801 1306 re
824 1243 893 1326 ipsa
915 1242 956 1308 ab
977 1266 1009 1310 sc
1032 1246 1114 1312 invi-

51 1335 118 1380 cem
139 1317 286 1385 abscindi
310 1333 459 1407 possunt,
483 1324 666 1389 cuiusmodi
688 1324 871 1401 estdomus,
886 1345 969 1408 quae
984 1348 1025 1392 ax
1039 1326 1114 1393 fun-

52 1396 212 1479 damento,
236 1404 384 1487 pariete,
408 1414 492 1470 tecto
514 1406 648 1491 exurgit
659 1408 681 1469 ⁸.
705 1405 821 1471 Totum
841 1425 920 1470 vero
941 1408 1113 1473 uniuersale

53 1480 130 1545 illud
152 1483 258 1561 audit,
281 1486 334 1550 cui
378 1498 472 1564 artas,
496 1497 660 1573 tamquam
674 1488 800 1573 species
813 1486 1044 1569 subiiciuntur,
1060 1513 1114 1556 ve·

52 1561 109 1628 luti
130 1568 263 1644 animal,
285 1506 375 1653 quod
395 1570 428 1633 in
452 1570 627 1647 hominem,
648 1581 680 1636 at
703 1568 843 1635 belluam
864 1568 1035 1637 dividitur.
1051 1572 1114 1639 De·

52 1647 146 1732 nique
168 1659 274 1713 totum
290 1651 455 1733 potentiale
476 1652 666 1717 nominatur
686 1652 779 1729 illud,
802 1653 858 1717 cui
880 1651 988 1737 plures
1003 1665 1113 1740 poten-

52 1729 126 1806 tiae,
148 1751 208 1795 seu
231 1730 400 1799 facultates
420 1733 505 1798 inter
518 1752 551 1796 se
565 1733 741 1814 distinctae⁸
755 1734 881 1811 insunt,
896 1735 997 1800 veluti
1009 1737 1114 1801 animo

51 1810 203 1891 lemano,
226 1834 332 1898 quae,
355 1814 415 1880 etsi
436 1835 501 1878 una
521 1826 554 1879 et
574 1815 714 1901 simplex
736 1817 790 1892 sit,
812 1816 974 1881 tamenin
996 1820 1114 1883 intelle·

50 1895 177 1970 aivam,
200 1896 394 1974 comitivam,
417 1909 450 1964 et
470 1896 672 1978 vegetativam
692 1895 910 1963 dividi-solet.

87 1976 139 2041 51.
152 1976 298 2063 Regulus
313 1988 418 2043 rectae
433 1976 603 2042 divisionis
618 1989 693 2045 sunt
703 1978 899 2064 praecipuae
915 1987 991 2043 tres.
1004 1981 1113 2046 Prima

53 2070 159 2138 aetat,
182 2062 263 2146 quin
285 2059 402 2125 divisio
425 2059 482 2124 liat
502 2060 536 2123 in
558 2067 666 2143 partes
688 2060 881 2145 pauciores,
904 2074 961 2127 aut
981 2062 1111 2147 plures,

52 2162 146 2225 quam
167 2152 307 2228 oportet,
329 2143 406 2227 quia
428 2150 535 2228 partes
558 2151 663 2207 totum
685 2162 825 2228 aequare
845 2141 973 2210 debent.
996 2144 1114 2212 Contra

53 2224 130 2290 hanc
150 2246 189 2290 re
236 2223 300 2289 lam
322 2232 472 2310 peccaret
492 2232 556 2288 um
579 2223 637 2308 qui
659 2224 816 2308 angulum
834 2225 869 2289 in
891 2226 1111 2304 rectilineum,

52 2319 79 2373 et
99 2309 194 2373 curri
210 2309 333 2384 ineam,
356 2325 453 2392 quam
475 2304 534 2389 qui
554 2304 675 2369 lineam
697 2307 732 2371 in
754 2316 892 2383 rectam,
912 2328 1059 2382 curvam,
1081 2322 1114 2376 et

52 2393 187 2455 mixtam
208 2387 380 2454 divideret.
404 2386 550 2455 Secunda
593 2388 752 2473 raecipit,
774 2399 813 2454 ut
833 2408 907 2474 pars
927 2410 993 2453 una
1015 2388 1112 2454 aliam

53 2493 112 2537 nan
134 2470 292 2549 includat;
308 2488 401 2535 secus
415 2470 555 2534 enim‘ea
577 2489 631 2533 em
687 2491 721 2534 rs
734 2470 785 2535 bis
804 2479 994 2537 sumeretur.
1010 2472 1048 2536 E.
1065 2493 1111 2558 g„

54 2556 84 2619 in
104 2555 225 2619 sitium
247 2554 396 2628 incurrit,
419 2552 476 2637 qui
498 2551 543 2615 ita
566 2549 634 2615 diui
658 2551 696 2616 it:
712 2552 790 2618 Tria
812 2564 897 2631 sunt,
913 2573 996 2639 quae
1009 2554 1113 2619 homi·

54 2658 107 2701 nes
120 2636 307 2711 sollicitant,
324 2646 439 2711 metus,
454 2654 494 2697 cu
519 2632 627 2710 iditas,
645 2634 827 2719 aegritudm
841 2654 981 2719 namque
995 2647 1111 2717 metus,

53 2733 84 2785 et
93 2717 259 2806 cupiditas
269 2718 393 2804 species
403 2652 564 2800 quaedam
574 2714 795 2800 aegritudinis
806 2729 890 2784 sunt.
898 2716 1008 2785 Tertia
1019 2718 1113 2787 iubet

86 2916 97 2955 t
116 2915 315 2968 divertendum
334 2918 423 2963 autam
444 2921 494 2973 est,
514 2930 591 2979 paese
610 2917 774 2969 definitiones
786 2922 912 2981 negantes
924 2918 1053 2977 adhiberi,
1067 2920 1112 2970 abi

55 2990 170 3042 deiectas
189 2988 302 3037 alieuius
322 2987 359 3035 rei
378 2992 419 3036 eet
437 2984 610 3048 definiendum
631 2996 693 3054 puta
712 2992 733 3041 ei
752 2992 812 3053 anis
830 2990 901 3040 dieat
917 2992 1027 3041 surdum
1041 3005 1109 3051 esee,

55 3066 97 3127 qni
115 3076 169 3113 non
188 3060 276 3117 audit,
295 3064 322 3110 et
340 3072 470 3119 caccum,
489 3062 535 3123 qui
554 3075 606 3111 non
626 3064 706 3113 ridet.
727 3062 811 3122 itam,
832 3064 858 3113 in
875 3063 1030 3114 deliniendis
1048 3078 1114 3114 con·

56 3135 225 3187 tndictoriie.
245 3129 323 3189 Nam,
342 3146 404 3183 aum
423 3145 517 3182 eornm
536 3147 618 3183 unam
637 3134 749 3186 affirmet
761 3136 797 3195 tt,
810 3136 1007 3200 quadrisemo:
1021 3142 1109 3201 negat.

56 3208 159 3259 definita
178 3220 231 3255 una
249 3217 297 3266 per
315 3204 361 3261 id,
381 3203 451 3267 quod
470 3210 529 3263 ast,
548 3207 663 3255 alterum
682 3208 784 3259 deliniri
801 3212 887 3271 potest
911 3222 959 3271 pet
976 3209 1021 3267 id,
1041 3211 1111 3273 qaod

57 3294 105 3331 aon
122 3284 174 3329 eet.
193 3275 226 3329 li.
245 3290 284 3338 s„
298 3277 320 3325 ei
333 3276 403 3339 quie,
419 3281 557 3339 postquam
571 3278 745 3330 subsuntlam
759 3280 923 3332 materialem
941 3280 1059 3332 delinivit
1079 3284 1112 3331 il-

57 3354 119 3411 lam,
137 3365 203 3416 quae
220 3363 254 3401 ec
269 3348 387 3412 pondos
404 3349 537 3408 mett,
555 3350 732 3402 substantiam
751 3354 955 3413 immaterialem
973 3353 1048 3404 iliam
1065 3355 1111 3405 de-

57 3426 135 3483 iciat,
155 3437 220 3488 quoe
238 3422 404 3485 expertibus
421 3434 475 3471 ooo
493 3429 600 3482 somtot,
620 3428 694 3475 reate
715 3426 738 3475 le
755 3424 928 3477 subeuntium
946 3427 1111 3478 immateria-

57 3498 105 3549 lem
124 3494 273 3546 definivisse
291 3492 439 3543 censendas
457 3498 507 3543 est.

87 3570 100 3605 ²
118 3563 155 3621 Cl
169 3582 195 3618 s.
214 3562 321 3623 Titum..
342 3563 363 3622 l,
384 3579 411 3627 q.
432 3562 562 3625 Lllllllll,
582 3580 609 3617 a.
631 3569 644 3617 i
664 3568 699 3618 ad
718 3570 744 3620 l.

88 3638 203 3694 ’liniue
219 3640 298 3691 totius
315 3638 464 3689 distributio
483 3652 499 3689 a
518 3639 650 3691 rotatibus
667 3645 775 3707 portula
793 3643 896 3707 proprie
914 3642 984 3693 dieta
1003 3641 1066 3697 tuit.
