2475 3909
130 125 191 190 396
436 137 624 186 rnuocoora
648 138 837 186 uarraacrs

129 227 202 290 att.
226 223 275 288 Ad
305 223 427 288 maium
451 223 572 288 moreio
600 223 685 306 quod
716 225 852 299 attinet,
883 223 991 308 ipsunt
1017 227 1102 292 inest
1133 229 1163 291 in

90 311 231 385 actione,
246 328 330 390 quae
352 326 370 368 a
394 327 520 370 morum
542 306 654 388 raguta
677 304 794 370 deficit.
811 305 915 370 Causa
940 309 1044 390 igitur
1065 308 1163 372 buius

90 390 167 453 maii
186 389 217 452 in
235 388 398 454 voluntate
413 397 536 453 tautum
551 397 718 451 creaturae
730 387 901 451 rationalis
916 389 978 452 sita
994 400 1054 461 est,
1066 409 1164 485 quae,

90 491 168 534 oum
192 471 296 536 iibere
317 471 370 546 sit,
393 480 425 533 et
448 469 608 534 iimitibus
630 470 893 552 circumscripta,
916 469 1091 535 deficiendi
1115 492 1167 534 ca-

91 552 263 636 pacitatem
286 552 392 627 babet,
414 563 510 635 atque
534 549 683 617 libertate
705 551 752 616 uti
775 549 814 612 ad
839 549 975 625 bouum,
1000 553 1049 616 rei
1071 551 1163 618 abuti

90 633 131 696 ad
155 635 276 700 matum
321 643 414 699 otest.
437 657 455 694 u
472 633 595 698 blatum
617 634 746 716 cuipae,
768 632 856 714 quod
902 633 985 700 rirat
1013 632 1165 699 ordinem

89 715 130 778 ad
154 713 273 780 bonum
295 653 475 789 bivinum,
500 715 586 779 Deus
609 716 698 779 nulio
722 714 817 777 modo
841 653 931 780 rudt¹
947 737 976 777 o.
1001 716 1042 781 Et
1063 735 1164 786 sane,

90 819 109 854 a
127 798 259 872 maium,
275 797 363 882 quod
388 799 420 861 in
442 795 572 861 defertu
595 797 733 861 actionis
756 797 919 866 consistit,
937 816 1066 880 semper
1089 819 1166 862 cau·

90 891 181 942 satur
201 901 243 944 ex
258 879 386 944 deiectu
409 881 543 972 agentis.
559 877 594 940 in
611 878 677 942 Deo
692 889 800 942 autem
818 877 924 942 nutius
943 877 1091 943 deiectus
1106 895 1165 953 est,

90 959 147 1022 sed
170 981 296 1026 summa
311 959 480 1046 perfectio.
497 959 587 1024 Unde
609 960 744 1034 maium,
760 958 845 1041 quod
864 961 896 1024 in
911 957 1041 1024 deiectu
1062 963 1166 1026 actio-

92 1042 143 1104 nis
164 1045 328 1117 consistit,
350 1041 400 1107 vei
423 1041 511 1125 quod
533 1062 574 1104 ex
596 1039 728 1106 deiectu
751 1042 877 1121 agentis
899 1051 1075 1116 causatur,
1101 1063 1164 1107 non

91 1122 262 1189 reducitur
284 1127 318 1188 in
340 1124 454 1199 Deum,
477 1124 562 1187 sicut
586 1124 617 1186 in
640 1143 769 1185 causam
786 1124 797 1157 ²
813 1145 840 1183 b.
864 1122 950 1198 Quin
974 1125 1075 1187 immo
1098 1147 1166 1188 ma-

91 1204 160 1268 ium
175 1207 296 1270 morale
313 1226 446 1290 prorsus
460 1226 478 1268 a
490 1204 559 1269 Deo
574 1202 744 1288 reprobari
759 1201 942 1268 ostenditur
955 1226 996 1268 ex
1010 1227 1062 1281 eo,
1074 1206 1163 1289 quod

90 1288 297 1352 severissimo
329 1287 408 1351 iiiud
434 1284 606 1371 probibet,
629 1296 660 1350 et
684 1287 816 1368 insuper
837 1286 983 1350 notiones
1005 1287 1081 1352 iusti
1102 1335 1110 1363 ,
1132 1301 1166 1352 et

92 1370 204 1432 iniusti
220 1370 386 1434 bominum
408 1367 562 1433 cordibus
585 1369 763 1451 inscripsit,
778 1376 811 1430 et
826 1366 932 1432 valida
954 1367 1076 1443 media,
1117 1371 1167 1434 ui·

91 1447 153 1512 bus
168 1451 208 1514 ad
224 1452 344 1515 bonum
367 1451 554 1524 incitamus,
568 1460 601 1513 et
615 1469 633 1511 a
649 1449 735 1512 maio
760 1446 967 1524 abducimur,
984 1449 1078 1516 nobis
1092 1390 1164 1516 dar-

92 1531 192 1627 gitur.
215 1534 325 1609 Quare
347 1533 533 1616 neutiquam
556 1529 660 1594 Deum
683 1531 765 1594 reite
788 1531 905 1594 matum
934 1531 1084 1608 momie,
1109 1532 1164 1598 sed

91 1613 173 1677 rtiud
197 1615 380 1698 permittere
403 1623 525 1678 tantum
547 1611 613 1675 dici
629 1610 738 1687 debet,
762 1620 921 1695 quatenus
942 1633 1059 1709 nempe
1081 1614 1164 1680 ittut

91 1715 155 1760 non
179 1694 325 1782 impedit,
348 1696 404 1760 sed
426 1695 514 1769 sinit,
531 1703 567 1758 ut
587 1694 716 1779 agentia
738 1695 883 1769 ratione,
907 1715 944 1758 ac
967 1693 1105 1782 proinde
1128 1697 1164 1761 ti·

90 1773 215 1844 bertate
238 1776 385 1865 praedita
407 1797 467 1863 pro
489 1775 595 1841 iubitu
617 1785 801 1859 operentur.

92 2055 183 2102 autem
204 2049 422 2112 praetermissum
442 2047 577 2106 notamus,
597 2049 667 2111 quod
688 2049 768 2103 mata,
789 2062 857 2111 quae
878 2055 995 2098 nostram
1015 2051 1098 2099 vitam
1119 2063 1164 2101 co-

92 2125 240 2179 mitantur,
266 2126 347 2184 atqne
366 2122 421 2182 ipsa
442 2133 513 2169 mora
536 2122 625 2169 iocum
647 2133 698 2168 non
719 2119 895 2178 habuissent,
919 2122 968 2170 nisi
989 2135 1003 2171 a
1025 2123 1163 2184 primaevo

91 2196 264 2247 innocentiae
288 2197 359 2242 statu
386 2196 479 2241 natura
506 2193 622 2240 bumana
649 2193 788 2242 deturbata
813 2192 917 2243 inisset.
944 2191 1032 2257 Quare
1058 2194 1166 2246 iliorum

93 2268 225 2318 matorum
245 2266 318 2328 origo
338 2277 371 2313 ex
389 2269 502 2326 peccato
527 2263 648 2325 originali
674 2263 813 2326 repetrnrla
836 2270 886 2314 est.
907 2263 992 2315 Deum
1012 2279 1076 2316 raro
1093 2267 1165 2318 bunc

91 2340 197 2404 canoris
217 2338 325 2386 humant
347 2339 450 2397 tapsum
470 2338 626 2398 permittere
647 2337 773 2398 potuisse,
793 2350 825 2385 ex
844 2337 962 2387 dicendis
981 2339 1125 2390 constabit.

131 2413 139 2447 ¹
162 2408 192 2468 i,
212 2423 240 2473 q.
263 2405 342 2464 XiX,
361 2421 388 2457 a.
409 2408 425 2458 ii
445 2421 470 2457 o.
494 2405 547 2456 Hae
566 2421 645 2458 voces
664 2409 736 2457 natio
756 2410 831 2457 morto
850 2409 1002 2472 significant
1026 2409 1111 2461 Deum
1130 2424 1163 2462 ue

92 2498 140 2548 par
159 2485 276 2532 occidam
296 2481 404 2543 quidem
430 2493 506 2541 pocae
532 2482 601 2528 retta
627 2481 729 2530 matum
757 2482 865 2534 morato.
894 2477 1001 2531 Etenim
1024 2502 1034 2525 ι
1057 2482 1163 2548 aliquot

95 2556 196 2605 matum
219 2555 354 2617 appetitur
372 2565 420 2614 per
438 2553 580 2607 accidens,
602 2553 775 2615 inquantum
802 2555 974 2616 consequitur
998 2555 1031 2602 art
1058 2555 1164 2618 aliquod

92 2629 203 2678 bonum.
216 2662 240 2676 ..
259 2623 359 2674 biatnm
379 2628 480 2680 antem,
501 2625 569 2687 quot
590 2625 760 2684 coniungitur
779 2625 859 2674 attoni
879 2626 969 2683 bono,
990 2631 1031 2675 est
1052 2629 1164 2688 privatio

91 2701 204 2750 atterius
223 2699 295 2747 bont.
314 2693 467 2759 Numquam
493 2697 574 2758 igitur
598 2701 770 2758 appeteretur
790 2699 940 2746 rnatum...
962 2710 1009 2759 per
1029 2700 1162 2756 accidens,

91 2774 142 2822 ntai
162 2771 271 2827 bonum,
291 2771 334 2819 cui
354 2771 523 2831 coniungitur
537 2770 648 2828 matum,
665 2769 748 2832 magis
761 2775 943 2832 appeteretur,
957 2783 1039 2832 quam
1055 2771 1164 2826 bonam,

93 2845 162 2908 quod
183 2843 301 2905 privatur
320 2855 367 2901 per
386 2841 498 2889 matum.
523 2837 633 2889 Nnttum
658 2847 748 2890 autern
776 2841 874 2891 bonurn
896 2839 963 2891 Deus
985 2845 1070 2905 magis
1097 2845 1163 2897 ruit.

90 2929 174 2982 quam
194 2927 269 2964 auam
288 2913 481 2963 bonitatem...
502 2910 575 2964 Uncto
595 2913 695 2961 matram
716 2913 827 2974 outpae,
847 2913 919 2976 quod
938 2915 1025 2976 privat
1045 2915 1164 2965 ordinem

94 2991 126 3039 ad
146 2988 245 3037 bonum
266 2983 398 3040 birinum,
419 2982 489 3034 Deua
509 2986 582 3033 nutto
603 2983 679 3032 ruodo
699 2985 755 3034 vuit
779 3003 803 3042 a,
826 2987 890 3034 rora.

130 3060 141 3095 ²
162 3058 193 3117 i,
214 3075 241 3122 q.
263 3053 364 3115 xttt,
384 3070 409 3105 a.
431 3056 446 3105 ἑ
467 3071 492 3106 e.
513 3052 551 3106 Ci
566 3071 593 3118 p.
614 3055 744 3106 378-379.
768 3054 794 3106 S.
815 3054 974 3114 anteimus,
993 3059 1024 3104 ut
1045 3059 1165 3110 ostendat

95 3130 179 3182 Deum
200 3131 273 3180 nutto
293 3131 370 3178 morto
390 3131 458 3180 vetto
478 3131 579 3178 matum
599 3129 705 3190 culpae,
727 3129 778 3177 hoe
798 3132 882 3178 utitur
899 3137 1070 3192 argrrmento:
1093 3153 1103 3177 ι
1125 3130 1166 3180 tu-

94 3209 133 3254 sta
155 3207 276 3256 roturrtas
296 3203 410 3252 hominia
430 3207 470 3250 est
488 3215 530 3257 ea,
551 3215 603 3263 qua
626 3206 680 3250 rut
700 3201 735 3256 td,
756 3199 825 3264 quod
847 3198 915 3249 berar
935 3203 991 3250 rntt
1010 3215 1071 3252 uam
1085 3203 1163 3258 reita,

95 3278 192 3326 iniusta
212 3289 274 3324 rem
292 3289 308 3323 e
327 3274 461 3323 contrario
485 3279 526 3322 eat
550 3285 602 3330 ea,
629 3285 680 3336 qua
708 3271 765 3322 ruit
791 3273 832 3331 irt,
859 3271 927 3336 quod
948 3287 1000 3323 non
1021 3277 1078 3324 rutt
1098 3273 1165 3326 bens

94 3360 155 3395 earn
176 3348 253 3395 rette.
274 3344 346 3396 Unde
366 3345 496 3405 sequitur,
511 3345 580 3406 qood
600 3345 621 3392 ri
642 3342 711 3392 Deua
729 3345 810 3392 rottei
823 3345 959 3398 bominem
981 3359 1105 3407 peccaro,
1119 3347 1165 3396 bo-

95 3430 140 3463 mo
160 3416 294 3477 peccando
314 3428 365 3464 non
386 3420 528 3476 peccaret,
550 3416 682 3477 simulque
703 3415 825 3466 voiuntas
843 3419 901 3467 eiua
921 3419 1000 3472 iusta,
1021 3423 1049 3467 ot
1068 3421 1164 3467 iniusta

95 3485 184 3539 torem
205 3487 293 3539 turta,
314 3491 445 3548 quatenus
465 3486 609 3534 contormis
627 3492 697 3535 esset
717 3483 825 3538 Divinae
845 3490 995 3542 voluntati.
1021 3503 1073 3552 qua
1097 3487 1165 3538 [leus

94 3553 175 3601 rottet
195 3555 267 3601 ittam
288 3569 418 3614 peccare:
440 3557 556 3612 iniusta,
577 3564 710 3619 qnatenus
727 3559 813 3608 eidem
838 3557 970 3612 Votuntati
991 3565 1163 3626 repugnarat,

94 3635 164 3690 quae
183 3625 303 3684 probibet
323 3639 435 3690 peccaro
458 3646 482 3687 a,
505 3629 542 3677 Dc
560 3629 603 3681 tib.
628 3631 698 3689 arb„
719 3647 745 3680 o.
766 3632 793 3682 8.
