2475 3909
166 168 206 233 30
552 179 751 233 nnetcsn

110 271 249 355 teipitur
269 266 442 333 secundum
465 276 566 332 totum
588 290 683 334 suum
705 272 919 356 comptarum.
943 274 981 339 E.
1006 296 1050 361 g,
1074 277 1130 342 itta
1155 302 1193 345 e·

127 353 310 428 nunciatio,
333 351 525 433 trianpalam
546 372 605 413 nort
625 361 670 415 est
689 353 893 436 quadratam,
914 357 998 421 baud
1021 360 1193 444 significat

126 455 238 499 omnes
259 434 471 520 proprietates
516 432 641 497 uadrati
663 437 825 520 triangulo
845 458 1036 525 repugnare;
1051 464 1127 506 nam
1144 446 1191 509 ad

127 516 355 593 removendum
377 454 511 599 aliquod
528 513 748 599 praedicatum
769 539 787 582 a
809 518 951 587 subiecto
972 525 1051 587 satis
1070 536 1131 602 est,
1152 540 1193 592 ut

126 618 226 662 unum
247 618 371 692 eorum,
389 618 471 684 quae
493 597 715 683 praedicatum
729 602 939 680 constituunt,
956 603 1102 671 subiecto
1116 630 1191 673 non

125 692 303 744 conveniat.

165 763 216 828 68.
239 761 274 825 in
303 762 407 827 forma
434 762 672 828 enunciatinuis
703 764 841 847 spectari
868 766 966 831 etiam
994 778 1098 852 potest
1126 772 1190 836 ilie

126 843 276 929 specialis
301 843 426 919 modus,
449 866 513 941 quo
535 844 771 922 convenientia,
795 846 844 910 vet
865 846 1082 933 discrepantia
1098 853 1194 919 inter

126 924 327 1006 attributum,
349 938 382 993 et
401 926 584 993 subrectum
605 925 848 993 determinatur.
872 928 923 993 Ea
943 930 1003 994 boc
1023 934 1130 1016 capite
1155 959 1191 1001 e-

126 1009 349 1075 nunciationes
369 1011 618 1086 constituuntur,
640 1028 724 1094 quae
744 1009 876 1073 modales
894 1031 911 1074 a
937 1013 1051 1096 peliari
1063 1018 1188 1084 solent.

164 1092 215 1156 69.
238 1093 349 1177 ltaque
370 1093 611 1157 enunciationes
633 1090 774 1155 modales
796 1101 869 1157 sunt
890 1032 982 1171 iliae,
1006 1096 1190 1181 inquibus

126 1172 241 1238 modus
261 1174 393 1259 quidem
414 1174 561 1259 specialis
583 1171 795 1259 significatur,
818 1195 882 1258 quo
904 1175 1127 1260 praedicatum
1144 1182 1191 1246 ad

125 1256 307 1321 subiectum
324 1257 474 1323 refertur.
491 1257 615 1321 Harum
630 1254 888 1319 enunciationum
903 1269 1044 1341 quatuor
1056 1264 1189 1345 species

126 1348 345 1416 recensentur,
369 1342 499 1425 nempe,
516 1337 690 1423 possibilia,
711 1339 897 1420 cominatus,
920 1345 1101 1420 necessario,
1122 1346 1191 1408 im-

120 1421 292 1503 possibilis.
318 1423 510 1488 Enunciatiu
531 1418 694 1505 possibilis
716 1439 755 1484 ea
775 1418 916 1499 dicitur,
942 1425 974 1487 in
996 1446 1058 1511 qua
1079 1428 1190 1512 signi-

125 1504 239 1570 ficatur
260 1504 479 1590 praedicatum
501 1514 574 1569 actu
597 1504 631 1565 in
653 1499 797 1566 subiecto
824 1523 887 1567 non
912 1526 1002 1585 esse,
1030 1506 1085 1572 sed
1114 1529 1189 1575 esse

125 1606 229 1672 posse,
251 1608 280 1650 e.
305 1607 348 1672 g„
372 1585 523 1651 Possibt‘te
545 1594 585 1649 est
605 1586 764 1650 Socratem
784 1605 918 1652 currere.
941 1588 1122 1672 Contiopem
1146 1614 1189 1657 ea

126 1678 192 1747 est,
216 1670 250 1733 in
271 1690 334 1754 qua
355 1667 522 1733 denotatur
542 1667 763 1752 praedicatum
784 1678 855 1730 acta
880 1671 1011 1755 quidem
1036 1671 1189 1739 subiecto

127 1752 242 1830 inesse,
266 1749 320 1815 sed
343 1752 388 1815 ita
409 1761 445 1817 ut
466 1772 530 1815 non
551 1758 709 1834 repugnet
730 1768 793 1811 nou
813 1747 929 1831 inesse,
951 1776 980 1819 e.
1003 1776 1048 1840 g,
1070 1758 1190 1822 Socra-

125 1843 168 1896 tes
190 1836 394 1915 eomiuyeoter
414 1835 525 1898 currit.
543 1830 727 1898 Necessaria
746 1828 802 1893 itta
823 1844 967 1913 vocatur,
987 1856 1070 1921 quae
1090 1838 1189 1903 exhi·

125 1914 178 1983 bet
199 1918 419 2004 praedicatum
439 1917 485 1981 ita
507 1918 609 1981 inesse
631 1912 788 1988 subiecto,
806 1921 841 1977 ut
854 1930 1010 2004 repugnet
1022 1941 1084 1984 non
1099 1920 1189 1985 ines-

125 2020 180 2072 se,
204 2022 233 2064 e.
258 2022 301 2095 g„
328 2000 450 2064 Necesse
472 2010 512 2063 est
533 1997 688 2061 bominem
716 2015 776 2057 esse
801 1998 927 2063 animat.
952 2000 1099 2087 Denique
1122 2005 1188 2066 im-

122 2082 283 2227 possibiles
303 2102 341 2146 ea
362 2081 497 2157 dicitur,
520 2100 603 2164 quae
625 2074 785 2163 significat
806 2079 1026 2161 praedicatum
1047 2104 1111 2149 non
1132 2106 1187 2150 so

137 2185 193 2229 um
214 2184 278 2229 non
299 2164 401 2227 inesse
423 2160 581 2237 subiecto,
604 2161 659 2226 sed
681 2160 779 2224 etiam
801 2160 833 2223 ei
853 2183 1056 2249 repugnare,
1079 2188 1108 2233 e.
1134 2190 1184 2252 g.,

124 2245 319 2331 Impossibile
341 2257 384 2309 est
405 2245 505 2308 Deum
526 2264 586 2307 asse
606 2262 797 2326 corpoream.

163 2331 214 2395 70.
238 2328 333 2394 Circa
355 2323 535 2391 huiusmodi
558 2324 798 2389 enuntiationes
818 2324 897 2392 baec
918 2328 982 2393 dun
1001 2328 1186 2396 adnotanda

127 2422 216 2476 sunt:

164 2491 197 2557 1⁰
218 2490 320 2567 Medi,
343 2499 475 2587 propter
495 2510 575 2573 quos
595 2490 837 2555 enuntiationes
858 2490 1011 2557 dicuntur
1024 2491 1184 2570 modales,

124 2596 186 2637 non
208 2583 281 2639 sunt
302 2571 374 2648 iib,
402 2572 459 2657 qui
482 2570 697 2637 determinant
722 2571 890 2638 dumtaxat
917 2596 1006 2651 rem,
1036 2597 1118 2660 quae
1139 2578 1184 2643 de

124 2656 267 2723 subiecto
287 2653 514 2741 praedicatur,
536 2650 593 2720 sed
613 2652 684 2730 itii,
730 2654 763 2717 ui
783 2653 997 2721 determinant
1022 2661 1185 2744 composi-

125 2740 243 2805 tionem
264 2738 410 2805 attributi
433 2758 507 2802 cum
529 2674 892 2819 subiecto.1dg.‚bsec
913 2741 1107 2814 enuncians,
1122 2744 1185 2807 So-

123 2834 219 2885 crates
239 2821 308 2884 bene
329 2820 417 2903 tepet,
440 2839 502 2884 non
523 2828 570 2885 est
591 2820 724 2964 proprie
746 2817 900 2894 modalis,
922 2821 1000 2904 qnia
1021 2820 1101 2886 iilud
1124 2823 1184 2888 ad-

123 2903 270 2968 verbium
291 2902 360 2965 bem
381 2900 572 2967 determinat
591 2912 624 2969 τὸ
655 2920 747 2983 opere,
770 2898 857 2985 quod
878 2902 918 2967 de
940 2904 1067 2969 Socrate
1083 2924 1178 2988 prae-

122 2983 270 3061 dicatur,
294 3005 358 3049 non
379 3004 455 3048 vern
475 2984 731 3049 coniunctionem
752 2989 801 3049 τοῦ
821 2983 915 3065 tepere
935 3005 1009 3049 eum
1031 2988 1180 3067 Socrate,

122 3067 207 3133 unde
229 3068 299 3154 ipsa
318 3064 491 3131 resolvitur
512 3070 547 3132 in
566 3066 659 3142 bane,
674 3068 815 3132 Socrates
829 3076 871 3129 est
886 3067 955 3131 bem
969 3068 1080 3150 tepens.
1096 3067 1181 3135 Con-

122 3157 171 3214 tra
192 3172 241 3225 ea,
263 3150 341 3214 baec
361 3150 558 3225 enunciatio,
583 3146 739 3230 Contiapit
759 3149 914 3213 Socratem
936 3150 1107 3234 disputare,
1131 3164 1182 3221 est

123 3234 253 3317 proprie
275 3230 431 3307 modalis,
454 3232 532 3315 quia
552 3245 584 3300 τό
605 3231 753 3314 caminate
775 3252 838 3295 non
866 3231 1057 3298 determinat
1076 3244 1108 3300 τὸ
1130 3236 1181 3299 di-

123 3326 258 3397 sputare,
280 3313 367 3400 qnod
389 3312 511 3380 Socrati
534 3313 699 3388 tribuitur,
719 3334 834 3399 nempe
849 3336 911 3379 non
925 3315 1085 3412 significat
1106 3335 1180 3402 spe-

122 3396 237 3462 cialem
258 3396 388 3462 modum
404 3395 598 3483 disputandi,
611 3395 666 3460 sed
681 3394 811 3459 modum
833 3396 1034 3472 determinat,
1056 3418 1121 3483 quo
1145 3411 1179 3467 τὸ

120 3478 279 3563 disputare
291 3480 413 3547 Socrati
429 3478 596 3557 tribuitur,
608 3500 723 3564 nempe
738 3478 897 3563 significat
911 3478 1042 3545 modum
1056 3500 1070 3543 s
1094 3483 1179 3547 ecia-

123 3561 196 3639 tem,
219 3584 283 3648 quo
305 3565 459 3647 disputare
481 3564 604 3630 Socrati
624 3562 787 3637 convenit,
804 3564 881 3647 quia
894 3562 1053 3648 significat
1108 3584 1179 3629 cra-

122 3654 186 3710 tem
206 3645 335 3730 quidem
358 3645 546 3733 disputare,
562 3655 594 3711 et
615 3665 742 3710 necesse
768 3667 832 3710 non
854 3666 943 3724 esse,
966 3657 1003 3712 ut
1022 3644 1176 3730 disputet.
