2475 3909
143 131 204 198 diri
428 149 613 198 rasotoota
637 150 825 198 narrantis

141 232 214 296 203.
239 231 280 296 Ut
299 243 517 297 commentum
540 230 628 297 istud
650 233 832 306 reiioiator,
850 243 915 296 tres
938 235 1175 316 propositiones

102 311 371 378 demonstrandas
391 314 607 397 suscipimus:

144 393 241 477 Prop.
265 393 311 457 1⁸.
340 394 487 460 iiuuiitus
508 395 742 480 principiorum
768 415 788 458 u
810 394 1009 460 Monetam
1036 397 1174 460 admisso

102 497 121 537 o
142 481 262 538 ratione
279 495 412 559 prorsus
434 477 588 542 obhorret.

147 556 314 620 Probatur.
337 557 400 622 Per
422 559 624 653 principium
649 577 775 620 summe
803 555 925 621 maium
947 557 997 622 vei
1023 557 1176 640 inteiiigi-

102 649 156 702 tur
175 659 232 702 eos
257 637 379 705 iuiiuite
394 653 595 706 contrarium
618 638 781 725 principio
804 635 888 702 bono
910 638 1056 702 inomni
1078 661 1126 712 re,
1142 651 1176 702 ot

104 719 258 786 tenebrae
280 731 489 865 opponuntur
510 720 590 796 iuci;
608 721 656 786 vei
673 719 867 804 intelligitur
883 719 1086 864 principium
1103 741 1176 785 con-

102 823 172 866 sors
194 823 307 865 earum
331 823 382 864 etti
408 801 666 888 perfectionum,
688 813 822 886 excepta
845 821 912 864 soa
935 799 1174 876 benevoieutia,

106 886 150 946 ita
175 885 273 948 utsii
317 883 451 947 uaedam
480 894 595 949 natura
618 882 810 949 Divinarum
839 881 1081 969 perfectionum
1106 905 1176 969 par·

105 965 234 1050 ticeps,
257 903 313 1030 sed
335 965 375 1028 ad
403 965 525 1030 maium
552 967 694 1029 maxime
723 983 891 1048 propensa.
915 965 1014 1046 Atqui
1038 974 1175 1050 utroque

105 1066 200 1110 sensu
225 1058 385 1130 repugnat
408 1047 606 1131 principium
629 1065 754 1110 summe
778 1046 910 1110 maium.
935 1045 1002 1158 Erp
1027 1093 1034 1106 .

143 1128 216 1192 204.
241 1128 352 1192 Prima
375 1147 450 1213 pars
463 1130 598 1192 minoris
619 1130 664 1193 ita
686 1128 941 1192 demonstratur:
964 1126 982 1189 1
1012 1125 1097 1191 Cum
1113 1149 1176 1190 ma

104 1207 171 1271 ium
193 1217 379 1293 opponatur
400 1208 485 1274 bono
501 1211 525 1287 ¹,
541 1231 704 1274 summum
729 1209 860 1282 maium,
886 1208 911 1271 si
936 1227 970 1270 re
994 1209 1064 1303 ipsa
1086 1207 1176 1272 dare·

104 1304 170 1365 tur,
193 1312 287 1355 outae
312 1289 432 1354 borium
456 1292 592 1357 tolieret.
610 1293 710 1372 Atqui
737 1290 855 1354 bonum
878 1301 1081 1354 coruvertttur
1102 1311 1173 1353 oum

104 1386 189 1437 ente.
208 1371 295 1455 Ergo
317 1376 343 1435 si
367 1393 530 1437 summum
553 1373 672 1435 maium
696 1371 841 1446 daretur,
856 1372 916 1435 hoc
932 1369 1062 1437 tolieret
1082 1393 1175 1436 omne

104 1475 172 1527 eus,
188 1454 255 1517 sive
275 1465 357 1520 esset
370 1475 497 1518 nonem
513 1453 659 1518 absoiute
683 1464 838 1526 sumtum3
862 1464 894 1518 et
916 1451 988 1517 ideo
1011 1473 1174 1517 summum

104 1537 227 1599 nmium
250 1557 314 1599 oon
337 1537 432 1602 aiiter
452 1540 545 1601 couci
574 1539 583 1598 i
607 1545 735 1620 potest,
758 1554 856 1618 quam
879 1532 979 1598 veiuti
1002 1535 1100 1599 Nidii
1128 1537 1177 1598 oi-

105 1617 253 1682 roiutum.
271 1618 370 1702 Atqui
387 1620 477 1685 notio
493 1559 601 1684 Nidus·
613 1617 750 1680 uisoiuti
764 1636 797 1680 se
816 1615 918 1699 ipsam
933 1613 1086 1691 destruit,
1100 1618 1175 1701 quia

104 1707 189 1765 esset
215 1698 311 1762 simui
344 1721 439 1764 omno
460 1720 544 1776 eos,
565 1713 597 1765 ct
619 1699 745 1762 nuiium
773 1717 841 1761 ens.
866 1699 951 1781 Ergo
986 1699 1077 1762 notio
1102 1700 1175 1762 maii

104 1779 223 1846 sotumi
250 1791 299 1844 est
320 1780 431 1854 notio,
457 1802 543 1866 quae
569 1803 602 1845 se
628 1783 728 1865 ipsam
751 1778 900 1845 destruit.
922 1778 958 1842 2⁰
980 1779 1118 1856 Maium,
1143 1793 1175 1845 ut

105 1861 181 1926 aiibi
204 1861 445 1940 ostendimus&
466 1867 501 1926 in
523 1863 597 1927 dono
617 1863 788 1944 firmatur,
813 1881 851 1925 ao
874 1859 1010 1946 proinde
1032 1883 1097 1926 ooo
1123 1883 1175 1947 po

103 1953 166 2009 test
186 1962 254 2006 esse
276 1945 400 2008 omuino
433 1957 611 2092 speratum
638 1969 658 2009 a
679 1943 765 2007 dorm.
794 1943 894 2028 Atqui
927 1961 1085 2007 summum
1114 1965 1176 2006 mo·

105 2025 170 2089 ium
199 2037 316 2107 oportet
348 2047 412 2091 esse
434 2050 452 2090 o
473 2046 542 2148 spus
568 2028 723 2090 consortio
750 2026 850 2088 omnis
877 2023 958 2086 doni.
984 2025 1075 2108 Ergo
1096 2026 1177 2089 aiiii

103 2117 146 2170 est
170 2127 328 2172 summum
351 2107 469 2174 matum
508 2108 669 2175 .3⁰Niitii
688 2107 825 2191 iuteiiigi
843 2116 946 2193 potest
970 2106 1070 2172 vetuti
1092 2129 1177 2170 sum-
1233 2175 1234 2182 χ

105 2210 195 2253 mum
223 2188 362 2266 maium,
386 2191 447 2254 nisi
474 2189 562 2276 quod
586 2212 643 2276 per
664 2211 755 2255 suam
783 2189 956 2254 essentiam
979 2188 1100 2252 maium
1118 2201 1173 2258 est,
1233 2189 1234 2196 '

104 2267 379 2354 quemadmodum
400 2294 465 2337 uon
480 2271 569 2338 aiiud
584 2294 746 2338 summum
762 2269 901 2344 Bonum,
927 2270 989 2333 nisi
1010 2269 1097 2355 quod
1122 2291 1177 2355 per

106 2372 198 2416 suam
222 2355 396 2420 essentiam
418 2365 467 2420 est
489 2354 622 2419 bonum.
647 2355 747 2438 Atqui
770 2363 931 2438 repugnat
953 2351 1083 2436 aliquid
1110 2373 1176 2415 esse

106 2452 165 2517 per
190 2435 362 2500 essentiam
389 2457 481 2500 suam
505 2438 653 2511 maium,
676 2437 753 2520 quia
782 2454 877 2497 omne
903 2453 983 2507 eos,
1013 2447 1110 2519 prout
1133 2444 1175 2497 est
1233 2475 1234 2504 ι

105 2535 173 2592 eos,
189 2527 238 2580 est
260 2514 416 2581 ismmm‘.
435 2519 521 2604 Ergo
544 2539 707 2582 summum
728 2517 846 2580 maium
869 2535 938 2580 esse
962 2527 1136 2601 repugnat.

145 2597 216 2664 205.
242 2597 498 2665 Alteramiuoris
514 2622 588 2686 pars
608 2598 847 2666 demonstratur
867 2599 950 2662 huuc
974 2599 1007 2662 in
1031 2595 1174 2662 modum:

141 2791 208 2846 act
224 2796 323 2852 Onici..
342 2809 369 2846 o.
392 2792 423 2850 V,
444 2795 518 2851 ad,
540 2808 566 2856 p.
587 2792 634 2842 32.

141 2866 251 2924 titio..
272 2881 299 2930 p.
320 2860 434 2918 {idn-⁸
456 2869 543 2917 contr.
565 2866 652 2920 Geni„
673 2863 717 2913 iib.
740 2861 786 2920 ΙΙΙ,
806 2876 832 2912 o.
856 2861 899 2912 iii.

142 2935 210 2992 ἘΙ
225 2939 325 2994 Oreioi..
346 2939 399 2989 ioo.
419 2939 480 2994 sii..
501 2952 528 2999 p.
546 2937 591 2986 di.
611 2933 684 3000 Qtrae
705 2941 733 2984 ut
753 2937 836 2996 magis
856 2935 996 2996 perspicua
1018 2934 1094 2993 iiant,
1117 2933 1176 2984 iiiui

106 3013 268 3066 monendum
287 3024 447 3069 censemus,
473 3011 543 3074 quod
570 3009 674 3056 uetitum
695 3012 735 3057 est
753 3013 960 3069 argttrrreutum,
987 3021 1043 3068 qus
1068 3006 1177 3054 infertor

107 3088 188 3138 mnia.
203 3097 272 3150 quas
293 3087 318 3133 io
339 3083 437 3132 mundo
456 3089 529 3139 sum,
550 3081 582 3129 ad
602 3081 712 3143 aliquid.
728 3081 797 3142 utum
817 3086 856 3128 est
878 3093 926 3140 per
945 3080 1090 3126 essentiam
1105 3092 1175 3127 sitam

106 3155 228 3215 maium,
250 3156 361 3212 reduci.
381 3169 467 3217 aequae
486 3169 517 3204 ac
537 3155 603 3202 bona
624 3154 657 3202 ad
677 3151 799 3214 aliquid,
822 3152 890 3218 qttod
911 3155 951 3198 est
971 3163 1019 3211 per
1037 3153 1178 3199 essentiam

106 3245 183 3282 suam
203 3231 312 3276 honum.
334 3225 487 3283 Enimvero,
501 3227 580 3280 bona,
594 3237 663 3284 utrae
684 3225 708 3273 iu
730 3238 793 3272 mim
803 3223 828 3270 io
847 3229 920 3278 sont.
934 3222 965 3271 ad
980 3223 1082 3285 atiquid
1096 3221 1178 3284 ‚quod

107 3308 147 3351 cst
168 3315 215 3362 per
232 3313 308 3349 suam
327 3301 469 3349 essentiam
489 3297 608 3352 bonum,
631 3295 814 3348 reducuntur,
839 3298 902 3357 quia
922 3308 1014 3343 omues
1035 3308 1078 3342 res
1099 3295 1180 3343 bonnm

108 3379 169 3421 sunt
187 3384 220 3419 ex
238 3383 280 3428 eo,
301 3369 371 3433 quod
391 3371 535 3432 participes
554 3371 616 3417 sont
636 3367 752 3416 infinitae
772 3363 901 3416 Bonitatis
921 3364 977 3414 iiai.
996 3363 1030 3415 m
1048 3385 1058 3409 ι
1078 3367 1180 3415 notium

107 3456 173 3501 ens,
194 3446 223 3489 ut
241 3455 264 3489 s.
285 3437 399 3490 Thomas
418 3443 474 3496 ait,
493 3441 592 3489 dieitur
612 3441 712 3488 maium
733 3451 780 3499 per
800 3440 1049 3499 participationem.
1070 3437 1116 3485 sed
1137 3449 1180 3498 por

108 3513 283 3572 privationem
307 3513 530 3573 participationis.
554 3510 627 3563 Uodo
654 3523 704 3559 uon
730 3515 835 3571 oportet
860 3509 917 3560 iieri
941 3509 1125 3557 reductionem
1150 3507 1180 3556 ati

105 3581 229 3644 aliquid,
249 3583 319 3644 quoi
340 3585 373 3631 sit
393 3595 439 3645 per
458 3584 602 3633 essentiam
623 3582 723 3632 utrium
747 3601 772 3642 ις
795 3579 823 3639 Ι,
844 3595 873 3646 q.
896 3576 995 3638 itti.
1015 3593 1044 3632 ι.
1064 3579 1083 3632 a
1104 3580 1137 3630 td
1154 3581 1179 3632 i.
