2475 3909
560 166 759 214 houlcurt

422 328 591 422 rins
636 284 889 424 renum

414 659 899 728 Murflouotouts

163 827 193 892 1.
216 794 354 911 hogica,
377 826 424 890 uti
446 823 604 903 diximus,
625 844 662 889 ea
685 821 811 890 tradere
832 824 896 890 sihi
917 825 1080 920 proponit,
1101 847 1181 974 quo·

124 930 199 975 rum
220 929 280 994 ope
302 927 392 973 mens
413 914 521 972 nostra
542 907 694 972 scientias
715 927 823 971 rerum
845 927 974 991 assequr
995 908 1089 975 vaiet.
1130 931 1181 974 am

122 991 292 1056 scientiam
313 990 452 1056 alicuius
473 991 522 1054 rei
544 990 673 1074 assequi
696 1009 759 1054 non
781 1008 973 1075 possumus,
998 989 1063 1056 nisi
1084 992 1181 1064 riam,

123 1095 187 1159 qua
209 1071 302 1138 nobis
323 1068 535 1138 incedendum
557 1081 618 1150 est,
633 1071 756 1137 scilicet
769 1071 922 1150 initium,
950 1070 1035 1138 unde
1055 1073 1182 1158 profici-

124 1154 289 1234 scendum,
312 1164 345 1221 et
366 1153 527 1232 ordinem,
572 1176 615 1220 uo
637 1175 655 1218 a
676 1154 760 1219 uotis
781 1153 822 1218 ad
844 1155 954 1239 ignota
974 1153 1183 1241 progredien-

124 1236 200 1305 dum
224 1236 275 1311 sit,
299 1257 539 1324 cognoscamus.
588 1239 700 1322 egicae
722 1235 823 1320 igitur
836 1247 883 1302 est
896 1237 976 1301 hauc
990 1239 1075 1302 viam
1089 1236 1184 1303 nohis

123 1333 385 1387 commonstrare.
409 1319 487 1383 Pars
509 1321 659 1403 logicae,
703 1337 765 1384 uae
780 1339 837 1383 nos
851 1320 939 1384 riam
952 1316 994 1383 ad
1012 1321 1184 1388 scientiam

124 1401 382 1489 consequendam
403 1400 518 1479 docet,
543 1339 789 1484 Methododoqio,
811 1421 870 1468 seu
893 1399 1041 1467 doctrina
1061 1401 1102 1467 de
1124 1423 1185 1466 mc-

124 1484 214 1550 thodo
235 1494 417 1568 nuncupata
438 1493 497 1560 ost;
518 1505 582 1548 vox
595 1486 682 1549 enim
703 1493 830 1566 μίοοδος,
853 1488 880 1550 si
903 1484 937 1548 in
958 1483 1126 1561 elementa,
1143 1506 1184 1548 ex

123 1569 245 1653 quihus
265 1577 397 1644 constat,
419 1566 610 1643 resolvatur,
632 1563 717 1631 idern
739 1565 834 1643 valet,
858 1587 896 1632 ac
916 1567 970 1630 sio
990 1567 1030 1631 od
1049 1567 1182 1652 aliquid.

164 1651 195 1716 2.
218 1652 300 1718 Cum
318 1658 427 1713 autem
441 1669 530 1713 mens
545 1658 652 1713 nostra
667 1647 738 1712 eius
751 1648 794 1712 sit
807 1658 952 1724 naturae,
966 1661 1004 1716 ut
1016 1649 1184 1714 scientiam

124 1733 176 1798 rel
189 1756 230 1799 ex
245 1754 290 1811 se,
305 1731 356 1796 vel
370 1727 546 1826 opitulante
566 1732 719 1817 magistro
732 1743 938 1816 assequatur,
953 1730 1184 1817 distinguenda

125 1825 174 1882 est
194 1811 362 1883 methodus
383 1813 579 1889 tacentioois,
594 1832 710 1895 nempe
732 1813 796 1883 via,
819 1835 884 1898 qua
904 1816 1128 1898 unusquisque
1143 1811 1183 1878 ad

125 1898 288 1965 scientiam
313 1896 480 1983 pervenit,
503 1919 521 1961 a
544 1895 692 1961 methodo
720 1893 898 1973 doctrinae,
928 1915 986 1960 seu
1014 1896 1090 1974 ria,
1119 1916 1184 1981 qua

125 1981 275 2048 scientias
296 1978 422 2046 tradere
443 1987 581 2065 oportet.
597 1976 646 2042 De
667 1976 816 2043 methodo
838 1977 1034 2043 inventionis
1054 1977 1131 2042 data
1152 1999 1186 2042 o-

125 2082 205 2208 pera
226 2083 370 2148 agemus,
393 2061 470 2146 quia
492 2059 659 2126 methodus
672 2057 849 2136 doctrinae,
863 2059 913 2125 uti
929 2059 1067 2125 inferius
1079 2068 1186 2124 osten·

147 2165 250 2220 emus,
272 2143 418 2209 eamdem
440 2144 537 2218 riam,
560 2164 596 2206 ac
618 2140 785 2207 methodus
810 2141 1014 2218 inventionis,
1038 2141 1129 2217 terit3
1150 2161 1187 2204 ac

126 2225 262 2312 proinde
278 2224 353 2292 iere
375 2226 494 2300 omnia,
515 2245 597 2308 quae
620 2223 660 2288 de
682 2224 832 2289 methodo
855 2225 1052 2291 inventionis
1065 2224 1186 2289 dicturi

127 2329 249 2386 sumus,
274 2308 307 2373 in
330 2306 515 2373 methodum
530 2304 666 2370 docendi
681 2307 780 2370 etiam
794 2305 964 2390 quadrant.
981 2306 1027 2372 lta
1050 2328 1092 2372 ue
1106 2305 1187 2370 hanc

127 2392 350 2457 tractationem
375 2391 419 2454 ita
441 2389 630 2474 partiemur.
655 2387 798 2452 Primum
819 2410 876 2464 ea,
899 2408 982 2472 quae
1004 2327 1049 2452 ad
1068 2389 1189 2454 metho-

127 2473 205 2538 dum
229 2472 404 2559 generatim
425 2480 600 2556 spectatam
623 2471 776 2546 attinent,
799 2471 979 2546 trademus;
1001 2469 1118 2536 deiude
1140 2468 1189 2535 di·

128 2576 236 2620 versas
256 2553 399 2620 methodi
420 2554 563 2638 speeies,
587 2553 752 2618 rationum
778 2552 948 2618 momentis
970 2553 1108 2637 iogicis,
1131 2572 1188 2616 seu

129 2637 170 2704 ah
184 2638 287 2736 ipsius
300 2636 451 2702 scientiae
467 2645 580 2700 natura
596 2636 719 2720 petitis,
735 2634 965 2722 expendemus,
981 2646 1019 2700 ut
1031 2655 1190 2722 quaenam

129 2741 170 2785 ex
192 2722 234 2785 ris
256 2731 324 2786 tum
348 2716 386 2782 ad
410 2718 531 2804 primas
553 2717 687 2783 notitias
708 2717 898 2783 scientificae
918 2739 1041 2796 rerum,
1057 2730 1126 2786 turn
1146 2714 1187 2780 ad

129 2800 269 2867 diversas
291 2800 440 2866 scientias
461 2798 675 2884 assequendas
696 2809 770 2885 apta
791 2801 851 2876 sit,
873 2799 1114 2886 dignoscamus;
1137 2797 1192 2864 de-

129 2885 228 2974 nique
249 2881 412 2969 paneade
434 2879 585 2948 methodo
606 2879 772 2947 doctrinae
794 2880 997 2947 adiiciemus.

495 3017 633 3083 CAPVT
653 3017 825 3082 Putmvnt

362 3138 407 3202 he
428 3138 579 3205 methodo
600 3140 781 3222 qeneratim
800 3143 951 3222 spectata

312 3263 382 3320 har.
403 3263 513 3318 t-ue
531 3268 648 3319 methodi
667 3274 773 3329 natura,
792 3274 872 3333 atqm
892 3269 1006 3320 utilitato

171 3374 201 3439 3.
226 3370 398 3438 Methodus
419 3369 580 3438 definitur:
598 3373 693 3450 Ordo,
734 3394 804 3437 uem
825 3394 908 3438 mena
928 3375 1089 3438 nostruin
1109 3395 1193 3441 oom-

127 3454 270 3554 poroodo
302 3453 361 3519 etti
388 3455 520 3519 scientio
551 3462 699 3522 sectator.
755 3465 767 3522 t
800 3457 878 3532 haec
906 3454 1049 3522 definitio
1087 3456 1193 3543 probe

135 3535 343 3684 rnteiiiqatur,
368 3534 449 3601 iliud
470 3537 578 3605 animo
597 3537 803 3604 recolendum
825 3548 887 3615 est,
909 3539 972 3603 tria
992 3538 1026 3604 in
1046 3538 1193 3625 qualibet

134 3619 241 3690 metuo
264 3637 284 3682 o
304 3619 442 3706 requiri,
465 3639 580 3709 nempe
602 3619 775 3712 principia,
790 3641 848 3688 seu
861 3622 1011 3690 veritates
1032 3632 1134 3702 notas,
1149 3643 1193 3691 ex
