2475 3909
150 163 213 231 380
446 183 630 232 vueosoosa
652 181 840 232 narrasses

114 263 169 327 dia
191 263 418 328 executionem
435 265 458 329 ¹.
480 267 513 332 Si
535 268 641 352 prima
664 267 897 352 significatione
920 265 1117 350 accipiatur,
1132 263 1184 330 de·

112 347 226 411 linitur
245 366 264 409 a
284 345 424 410 Boetius
447 373 465 410 n
490 352 558 434 ipsa
580 348 698 412 Divina
727 353 808 415 ratio
831 351 865 412 in
887 367 1016 410 summo
1038 350 1184 412 omnium
1228 413 1229 418 ,

113 428 269 574 Principe
290 430 476 505 constituta,
499 451 582 514 quae
603 445 717 498 cuneta
741 431 906 578 disponit²
924 449 954 504 n;
980 451 1100 514 nempe
1122 434 1186 496 sin-
1228 437 1229 442 ’

111 508 188 660 puta
211 532 228 574 a
274 512 425 595 proprios
452 513 551 587 lines,
574 523 609 577 ei
630 517 737 580 omnia
765 537 781 578 a
833 512 928 577 finem
949 514 1183 578 universalem.

137 595 169 658 in
183 593 297 668 altera,
311 606 373 668 est,
388 607 425 662 ut
445 596 490 661 ait
503 597 686 674 Nemeeius,
709 623 726 660 a
750 597 809 662 Dei
826 595 992 671 Voluntas,
1010 617 1184 682 perquam

112 676 234 751 omnia,
282 696 342 739 uae
364 673 457 754 liunt,
479 689 553 764 apte
622 677 867 745 bernantur⁸ss.
1229 745 1230 754 ,

154 757 222 822 179.
246 695 343 853 linita
377 758 533 824 mundum
598 763 686 826 ivine
712 761 921 827 Providentia
948 761 1017 843 regi
1045 779 1112 824 non
1135 759 1186 825 de·
1229 757 1230 772 ¹

113 837 207 904 luere
230 859 286 924 qus
309 838 463 906 dixerint.
486 845 582 917 Sane,
606 859 735 928 praeter
757 844 961 910 Aristotelem
978 846 1003 917 ⁶,
1028 842 1185 908 Divinam

111 921 354 988 Providentiam
375 924 576 992 sustulerunt
595 947 707 992 omnes
729 928 764 1004 ii,
787 930 844 1012 qui
867 927 917 992 vel
939 927 1098 990 fortuitae
1120 937 1184 991 ato·

113 1024 241 1069 morum
264 1007 469 1071 concursioni
491 1029 529 1072 ea
550 1011 659 1073 omnia
682 1009 878 1085 tribuebant,
894 1031 978 1094 quae
1001 1009 1036 1072 in
1060 1007 1183 1074 mundo

110 1087 304 1182 contingunt
318 1088 344 1162 ⁸,
367 1088 430 1166 vel,
451 1100 489 1155 ut
509 1091 610 1156 reteri
631 1091 805 1170 Eusebius,
828 1091 1048 1179 opinabantur
1069 1114 1087 1152 a
1113 1091 1184 1158 stel-

111 1167 153 1232 lss
174 1190 238 1232 noo
261 1170 424 1235 exteriora
451 1172 572 1248 solum,
598 1194 709 1238 verum
732 1177 830 1241 etiam
853 1175 1035 1239 voluntates
1057 1185 1184 1240 nostras

111 1253 183 1336 rogi
199 1255 255 1328 ⁸»,
278 1252 345 1317 sive
366 1275 385 1315 a
408 1256 517 1319 omnia
538 1253 606 1322 lato
629 1255 699 1321 fieri
715 1258 726 1294 ¹
744 1282 772 1322 n.
797 1259 847 1323 Ex
870 1254 1112 1322 recentioribus
1126 1256 1181 1322 alii

110 1333 349 1403 Cudsvortbusn
364 1338 376 1372 ⁸
392 1338 493 1402 secuti
516 1337 556 1402 ad
578 1340 807 1405 excellentium
840 1349 965 1406 tantum
991 1359 1107 1406 rerum
1131 1338 1183 1404 tii-

149 1569 156 1604 t
180 1587 191 1613 a
213 1565 253 1618 Ad
273 1566 465 1619 Providentiam
491 1567 543 1616 dun
567 1569 719 1630 pertinent,
744 1567 848 1618 scilieet
870 1567 937 1618 ratio
961 1564 1064 1615 ordinis
1090 1579 1181 1616 reru·

108 1642 274 1704 provisarum
295 1640 321 1689 in
341 1639 431 1698 tinem,
451 1645 478 1691 et
496 1641 617 1690 executio
637 1640 715 1690 huius
734 1642 854 1700 ordinis,
873 1653 942 1704 quae
961 1638 1124 1700 gubernatio
1143 1640 1181 1688 eli·

110 1715 181 1764 oltur
202 1731 228 1772 s;
251 1709 271 1771 l,
291 1725 319 1776 q.
339 1707 424 1770 Xxll,
445 1727 471 1760 n.
492 1711 507 1762 3
527 1727 553 1762 c.

146 1785 216 1838 ²⁰0
237 1785 351 1843 consol,
372 1785 417 1835 liis.
440 1782 485 1841 iv,
507 1797 578 1847 pros.
599 1779 678 1834 6.—⁸
699 1786 737 1835 De
756 1792 850 1836 nutura
869 1785 992 1841 bominis,
1013 1797 1039 1831 c.
1060 1780 1109 1831 ia.

146 1855 157 1894 ⁸
178 1854 209 1909 S.
222 1853 404 1908 bonaventura
425 1859 451 1905 irs
464 1857 547 1908 sirm.
563 1853 598 1908 vi
613 1857 740 1907 eirenem.
755 1857 900 1906 observarit
917 1853 1099 1912 Aristotelem,
1115 1867 1181 1919 qno

109 1932 182 1981 niam
201 1931 363 1992 exemplaria
391 1943 480 1979 rerum
500 1931 526 1978 in
546 1927 634 1979 blenie
654 1927 744 1980 [iirtne
765 1929 919 1992 denegavit,
946 1927 1007 1977 inde
1033 1926 1180 1976 adductum
1233 1979 1234 1982 ,

110 2003 203 2062 tuisse,
224 2000 465 2053 astronomum
485 1999 607 2052 Divinam
628 2003 747 2060 tolleret,
769 2003 965 2065 praemiorum,
984 2005 1012 2049 et
1032 2012 1179 2062 poenas-usa

109 2076 324 2128 distributionem
343 2089 395 2126 non
414 2078 577 2132 admitteret,
598 2078 836 2140 aeternitatemque
859 2074 961 2132 mundi,
980 2079 1020 2131 et,
1039 2073 1086 2137 qui
1105 2071 1141 2122 als
1160 2075 1181 2122 i·

110 2163 157 2212 psa
177 2151 274 2208 oritur,
294 2148 460 2198 latatismum
479 2148 606 2197 traderet.
628 2143 663 2199 (ll
679 2149 710 2197 de
732 2145 870 2211 blasperie,
890 2149 966 2198 Essni
985 2161 1030 2194 sssr
1050 2147 1077 2194 iu
1095 2146 1180 2209 pbilo-

110 2223 198 2285 ropiits
217 2223 248 2271 ds
266 2223 335 2272 seins
353 2221 467 2274 Dones..
487 2234 513 2270 c.
534 2220 567 2276 ἓ.
589 2234 616 2282 p.
637 2220 740 2277 stt-ta,
761 2217 834 2270 esne
856 2219 934 2270 1855.
956 2215 1005 2269 Sed
1025 2217 1059 2268 de
1079 2216 1179 2268 Arute-

112 2295 173 2345 tetts
194 2293 245 2344 laec
269 2294 295 2344 in
318 2305 347 2343 re
369 2293 497 2343 sententis
524 2293 611 2355 legere
635 2294 707 2342 iurat
733 2291 937 2356 disputationem
964 2287 1021 2341 Van
1047 2285 1179 2354 buraburg

110 2363 249 2421 Brouvrer,
264 2368 317 2424 sss,
335 2373 360 2416 et
378 2373 501 2429 queuntis
512 2367 668 2428 philosophi,
683 2368 727 2430 put
738 2372 797 2416 onte
810 2367 940 2417 Socratem
952 2368 1019 2422 etc.,
1034 2367 1103 2412 sect.
1121 2361 1176 2420 Vll.

110 2454 138 2503 p.
161 2439 195 2490 ei
215 2451 273 2502 sqq,
293 2433 412 2501 Lugduni
432 2435 591 2488 batavorum
613 2437 694 2488 isis.

146 2513 158 2547 ³
179 2530 189 2556 a
211 2508 276 2576 Quia
297 2516 401 2573 putant,
422 2512 506 2573 inquit
525 2507 672 2568 Nemeeius,
695 2510 744 2560 lsoc
764 2511 913 2559 unirersum
934 2521 1008 2566 casu,
1028 2511 1057 2558 et
1078 2513 1178 2558 temere

109 2597 168 2635 esse
186 2585 382 2644 constitutum,
401 2585 498 2632 merito
517 2583 608 2632 dicent
633 2584 721 2632 omnia
742 2595 837 2632 vacare
857 2581 1030 2644 providentia.
1059 2577 1178 2644 Quorum

108 2658 181 2708 euim
200 2669 280 2706 nemo
297 2663 401 2708 creator
416 2661 467 2712 est,
484 2669 576 2704 eorum
596 2657 657 2718 quis
675 2661 715 2704 ast
735 2658 910 2719 procuratori
923 2649 969 2703 llas
982 2656 1054 2702 enim
1069 2653 1177 2704 evidens

110 2735 211 2780 temero
230 2729 325 2779 debere
346 2729 420 2786 terri,
440 2741 510 2791 qnae
528 2741 543 2776 a
563 2728 694 2791 principio
714 2733 813 2778 temere
833 2732 970 2790 procreata
991 2730 1053 2775 sssnt
1079 2745 1105 2786 a,
1126 2727 1174 2788 op.

108 2805 163 2859 cie,
183 2815 209 2851 o.
229 2802 275 2851 ti.

145 2873 272 2937 terens.
294 2875 403 2936 avane..
422 2873 469 2922 tiis.
490 2869 536 2930 Vl,
557 2886 584 2922 o.
604 2871 632 2921 9.

145 2947 158 2984 ⁷
177 2948 242 2998 ieie.
263 2943 335 2996 llaec
352 2946 404 2997 tuit
423 2943 572 2997 Stoicorum
591 2944 734 2996 mutantia.
753 2941 864 2994 Nomine
883 2947 973 2993 autem
985 2943 1176 3008 [ntiinteliiga-

109 3020 173 3070 iant
192 3020 378 3077 neeessariam,
397 3024 426 3068 et
445 3018 626 3068 invariabilem
647 3031 788 3068 caussarum
804 3019 871 3066 iuter
885 3029 912 3065 se
926 3031 950 3066 u«
961 3029 1055 3066 aarum
1069 3019 1175 3072 mnan.

109 3107 143 3143 ac
161 3091 368 3142 successionem.
389 3089 513 3141 Nonnulli
532 3094 623 3139 aut·m
643 3105 674 3140 ex
694 3089 882 3139 recentioribus
908 3088 1013 3140 Stoicis.
1035 3103 1100 3139 cum
1119 3103 1176 3139 sae·

110 3167 208 3216 xissent
228 3167 316 3213 omnia
338 3164 392 3213 tate
411 3163 479 3220 llari,
499 3165 526 3212 in
545 3175 577 3212 eo
595 3164 670 3217 vetis.
687 3164 821 3225 ramisque
837 3161 1038 3215 adlaboraruut.
1054 3167 1083 3210 nt
1098 3176 1174 3213 unans

110 3239 145 3288 ab
164 3237 215 3287 bae
235 3238 291 3298 tege
310 3237 457 3286 humanam
476 3237 641 3284 voluntatem
660 3235 812 3298 exciperent
831 3231 874 3300 (el
889 3233 970 3291 Plui„
988 3237 1025 3284 isa
1038 3238 1119 3285 stuic.
1138 3249 1176 3285 re·

108 3325 201 3374 popm,
215 3307 262 3359 tib.
280 3306 300 3364 l,
313 3323 340 3358 c.
353 3307 412 3375 ai),
425 3312 507 3370 atque
525 3310 562 3357 ita
582 3307 732 3357 libertatem
751 3311 850 3356 sartam
865 3312 963 3356 tactam
983 3307 1173 3370 relinquerem.

109 3379 159 3430 Ast
177 3393 222 3429 eos
241 3380 338 3428 trustra
353 3379 379 3428 ld
392 3391 528 3442 aggressos
542 3379 622 3428 luisse
637 3375 722 3429 Tullio
735 3383 821 3428 risum
834 3385 885 3430 est.
902 3398 913 3424 a
929 3377 978 3444 Qui
993 3379 1172 3436 introducunt,

108 3451 167 3506 att,
186 3462 329 3499 causarum
353 3451 450 3500 seriem
469 3450 678 3512 sempiternam,
700 3451 717 3499 ii
738 3455 853 3500 mentem
879 3451 1012 3508 hominis,
1040 3453 1174 3502 voluntate

109 3519 191 3567 libera
211 3521 363 3580 spoliatam,
384 3525 540 3571 necessitate
560 3522 713 3573 devinciunt
734 3540 759 3580 »s
782 3525 820 3573 lle
839 3524 912 3581 Fato,
932 3537 958 3572 e.
979 3525 1006 3574 i.

145 3589 158 3622 ⁸
177 3584 365 3646 Custwortlsus,
379 3606 441 3641 cnm
456 3598 577 3642 censeret
597 3591 680 3644 ileum
702 3594 828 3644 dedecere
848 3597 964 3657 singutas
983 3608 1026 3646 res
1044 3599 1101 3646 suis
1120 3611 1173 3646 ma·

109 3657 186 3707 nibus
204 3657 353 3720 fabricare,
381 3665 473 3727 eisque
498 3667 553 3714 sine
580 3665 635 3716 uito
655 3667 809 3718 administro
829 3668 983 3731 invigilare,
1003 3671 1098 3724 statuit
1117 3681 1172 3721 esse

14 3808 123 3876 A
