2475 3909
466 201 695 249 uruaumoma
1000 173 1061 240 123

60 290 268 382 propriorum,
291 288 359 353 sive
380 294 600 362 externorum,
622 302 799 366 earumque
822 278 1022 344 differentias
1037 298 1107 342 sen-

59 381 101 464 tit,
116 370 335 468 'ipsatobiecta
357 368 490 434 sensilia
511 369 664 455 percipit,
686 365 765 451 quia
787 361 984 428 sensationes
998 359 1038 423 ab
1052 358 1108 424 ol»

59 461 139 518 rectis
159 474 227 518 suus
248 454 410 518 seiunctae
432 471 501 516 esse
520 459 697 536 nequeunt,
712 458 745 512 et
759 446 848 531 ipsae
862 455 936 509 suut
949 440 1106 516 diversae,

60 547 144 630 prout
165 533 204 600 ad
227 531 351 600 diverse
373 534 500 598 obiecta
521 534 722 605 referentum
745 529 771 592 si
793 547 870 613 ergo
891 544 1003 590 sensus
1023 543 1110 587 com»

59 636 153 712 mpms
168 617 309 702 percipit
323 616 532 693 sensationes,
545 631 723 698 earumque
737 609 968 683 diversitatem,
981 603 1110 669 diversa

59 706 143 761 stram
164 699 383 794 sensationum
404 697 530 763 obiecta
552 698 671 764 sentire
697 692 801 759 debet.
822 690 1029 776 Quapropter
1051 685 1110 750 du-

60 775 121 874 plex
140 779 303 874 obiectum
324 799 436 846 sensus
458 779 637 844 communis
664 774 896 860 distinguitur,
917 790 1019 837 unum
1038 787 1112 852 pru—

56 879 150 942 pnunr
172 869 204 926 et
224 863 401 940 drrcctum,
425 883 541 948 nempe
563 860 785 934 sensationes,
808 874 893 940 quae
915 868 975 938 per
1001 870 1111 918 sensus

59 955 198 1010 externos
223 941 404 1020 habentur,
426 955 459 1010 et
479 964 592 1009 earum
620 939 847 1013 differentiam
870 934 1009 1001 alterum
1029 932 1112 996 indi-

59 1037 178 1148 nctupr,
202 1037 235 1092 et
256 1025 486 1104 secundarium,
503 1045 618 1111 nempe
643 1021 770 1088 obiecta
796 1037 949 1083 sensuum
964 1016 1114 1101 proprio·

60 1129 119 1172 rum
150 1158 157 1173 .

90 1189 122 1254 2⁰
142 1190 227 1257 Cum
245 1209 358 1254 sensus
372 1190 554 1254 communis
576 1187 618 1252 sit
632 1183 768 1250 facultas
786 1180 939 1254 sentiens,
955 1196 1114 1264 organum

59 1275 101 1339 sui
122 1271 293 1367 proprium
311 1273 343 1335 in
359 1289 495 1356 corpore
510 1267 626 1335 habere
641 1264 748 1330 debet.
765 1264 835 1327 lloc
849 1281 1008 1346 organum
1021 1277 1116 1322 voca·

60 1366 105 1420 tur
122 1375 305 1420 sensorrum
327 1373 507 1430 commune,
523 1367 556 1416 et
570 1360 619 1415 est
632 1344 838 1429 enceplolum,
861 1344 941 1415 sive,
956 1353 994 1407 ut
1012 1340 1115 1410 aiunt,

59 1449 188 1525 systema
210 1435 487 1520 cosdro-spinule,
511 1430 599 1520 quod
621 1451 696 1494 cum
709 1427 842 1512 organis
862 1443 1013 1490 sensuum
1042 1441 1119 1506 pro-

61 1523 200 1604 priorum
222 1539 279 1605 per
299 1529 436 1604 systema
462 1535 618 1582 nerveum
640 1510 875 1655 coniungptum
897 1503 982 1569 unde
1004 1501 1058 1579 lit,
1082 1513 1120 1566 ut

59 1623 159 1669 sensus
175 1601 369 1675 communis,
398 1602 455 1684 qui
482 1598 531 1664 illi
558 1595 722 1680 alligatur,
751 1590 935 1654 auctiones
963 1603 1117 1650 sensuum

60 1687 259 1836 prppriorum
282 1681 442 1768 excipiat,
466 1691 499 1747 et
519 1684 701 1764 cognoscat.

146 1768 238 1833 llaec
261 1763 398 1831 facultas
420 1762 542 1830 dicitur
561 1777 668 1825 sensus
690 1753 887 1828 communis,
909 1750 1046 1833 eiusque
1067 1767 1124 1811 or·

61 1871 171 1934 ganum
187 1847 359 1912 sennium
373 1865 543 1922 commune,
555 1843 633 1928 quia
647 1848 696 1904 cst
710 1836 801 1904 velut
814 1843 953 1898 centrum
967 1849 1122 1894 sensuum

62 1931 265 2018 propriorum
280 1931 305 1992 ².
329 1929 481 2004 Scilicet,
504 1927 588 1991 sicut
613 1930 763 1987 centrum
784 1925 834 1980 est
853 1913 1079 2010 principium,
1103 1931 1123 1973 a

61 2033 118 2098 quo
137 2011 420 2112 profisciscuntur,
434 2017 466 2074 et
479 2007 649 2081 terminus,
672 2000 712 2066 ad
733 2017 830 2083 quem
843 1996 949 2061 lineae
970 1991 1125 2059 deferun-

62 2106 190 2173 tur31ta
214 2113 327 2160 sensus
349 2092 531 2157 communis
552 2096 598 2153 est
613 2081 835 2232 principium,
857 2077 925 2141 sire
946 2077 1055 2152 radic,
1072 2073 1126 2140 rel

60 2179 131 2258 fou,
153 2199 173 2243 a
196 2197 261 2262 quo
283 2176 333 2239 vis
348 2171 508 2240 sentiendi
523 2180 610 2236 trans
626 2164 763 2232 unditur
777 2162 811 2226 iu
826 2177 949 2243 organa
970 2176 1124 2225 sensuum

63 2261 279 2347 propriorum,
294 2265 328 2322 et
340 2268 388 2323 est
401 2255 571 2327 terminus,
587 2249 627 2314 ad
641 2268 741 2334 quem
763 2241 950 2308 affectiones
972 2258 1125 2307 sensuum

64 2343 264 2428 propriorum
279 2338 472 2406 deferuntur
486 2337 509 2398 ⁸.
533 2331 696 2410 Quocirca
711 2327 857 2392 diversae
871 2322 1042 2387 sensilium
1056 2339 1128 2404 spe—

63 2428 124 2490 cics
144 2445 207 2510 per
227 2441 341 2487 sensus
365 2418 538 2508 proprios,
563 2425 729 2558 tamcppam
761 2427 822 2493 per
854 2403 983 2469 diversa
1010 2405 1130 2468 instro-

66 2507 188 2572 πωπω*
211 2523 325 2569 sensus
347 2500 538 2574 communis,
563 2518 581 2560 a
604 2515 646 2559 no
671 2495 699 2557 is
721 2487 962 2578 percipiuntur.

98 2588 133 2656 4⁰
153 2584 284 2656 Exinde
306 2605 445 2672 pronum
458 2591 507 2648 est
522 2577 720 2663 intelligere,
735 2567 897 2657 quomodo
917 2587 1028 2633 sensus
1043 2583 1131 2629 corn·

65 2672 168 2738 munis
181 2669 343 2756 percipiat
356 2667 549 2732 sensationcs
561 2678 715 2725 sensuum
728 2654 1130 2741 propriorum‚carumquc

66 2752 274 2822 differentias.
300 2752 402 2815 Prout
422 2748 509 2814 enim
531 2751 579 2809 est
600 2742 695 2814 sons,
718 2759 760 2801 ex
781 2755 847 2820 quo
869 2753 982 2798 sensus
1003 2728 1132 2816 proprii

67 2837 128 2900 rim
153 2829 315 2900 sentiendi
337 2832 502 2906 hauriunt,
518 2825 558 2890 ad
573 2820 844 2890 dirersashorum
868 2815 1064 2882 sensatioues
1084 2809 1133 2875 el-

68 2915 215 2984 licicudas
238 2915 420 2990 concurrin
443 2921 476 2977 et
496 2917 594 2996 prout
615 2915 664 2970 est
686 2903 863 2975 terminus,
885 2897 926 2963 ad
946 2916 1042 2983 quem
1063 2914 1134 2958 sen·

68 3021 160 3066 suurn
185 3019 244 3084 pro
269 2997 394 3062 riorum
416 2993 601 3060 affectiones
631 2987 844 3060 deferuntur,
866 2983 923 3047 has
953 2997 1065 3045 omnes
1096 2977 1132 3039 in

69 3103 99 3149 sc
112 3017 342 3166 recipitdluod
357 3079 384 3144 si
400 3095 513 3142 seusus
528 3071 710 3138 communis
724 3064 764 3131 ad
779 3064 974 3132 sensationes
992 3059 1133 3125 efficien-

416 3211 747 3236 Μ

104 3307 113 3342 ¹
135 3299 173 3356 (If
188 3315 210 3352 s.
231 3298 313 3363 nug..
335 3298 374 3351 De
393 3295 439 3346 tn.
460 3293 532 3352 arb„
558 3291 607 3342 lib.
628 3287 671 3349 ll,
697 3303 724 3339 c.
743 3289 780 3346 l,
807 3302 834 3338 u.
856 3285 909 3345 lt),
934 3288 962 3334 et
987 3295 1009 3332 s.
1028 3275 1136 3339 Thoan,

72 3381 160 3430 contr.
180 3375 266 3432 Geni„
287 3371 334 3422 lib.
356 3365 389 3426 ΙΙ,
410 3381 436 3417 ο.
458 3366 502 3418 'ld-

105 3449 118 3486 ²
138 3443 175 3499 ct
192 3459 214 3495 s.
234 3439 343 3499 Tuom..
365 3437 487 3506 Quodltd.
506 3433 565 3490 vlt.
585 3449 613 3498 q.
633 3429 656 3493 l,
676 3446 702 3482 a.
722 3429 739 3480 2
759 3445 787 3481 c.

107 3521 119 3558 ³
139 3521 171 3570 ln
188 3518 235 3568 tlt.
250 3519 292 3567 111
307 3509 347 3566 De
362 3517 427 3572 dn„
445 3513 510 3562 lect.
524 3507 572 3559 lll.
586 3503 622 3560 Gi
631 3519 654 3556 a.
668 3503 750 3567 nup,
764 3505 805 3554 Do
818 3504 882 3555 Gen.
896 3501 931 3552 ud
944 3500 1003 3559 tun,
1018 3497 1063 3550 lib.
1077 3491 1139 3555 xit,

75 3610 99 3646 c.
120 3593 167 3648 ld,
187 3605 216 3640 n.
237 3588 283 3648 32,
302 3591 330 3638 ct
352 3588 392 3637 Dc
410 3585 455 3636 ttt.
475 3582 547 3638 ard..
566 3579 614 3631 lib.
636 3576 671 3637 ll,
691 3591 717 3627 c.
737 3573 765 3625 3.

111 3661 124 3704 ⁶
144 3664 191 3734 oq.
211 3663 308 3730 unp,
329 3672 357 3727 q.
377 3672 425 3711 un.
445 3658 485 3712 Dc
503 3655 568 3715 An„
589 3664 616 3704 c.
639 3650 671 3704 to
691 3649 726 3703 ad
745 3648 791 3701 tt.
