2475 3909
163 213 221 278 ua
529 228 760 278 nrusursoom

125 337 207 402 quae
228 337 269 381 ex
292 321 469 403 quantitate
490 320 646 397 existunt,
668 339 698 384 e.
715 339 760 404 g„
783 317 976 400 mnoeitoelo,
990 318 1102 402 ficere,
1119 339 1188 384 mo

124 410 185 463 tus.
209 401 291 467 Sane
313 398 499 466 huiusmodi
522 401 709 487 qualitates,
732 401 793 466 etsi
815 421 880 465 non
901 411 997 484 agant
1019 401 1053 464 in
1074 423 1188 469 sensus

124 501 309 548 seorsums
342 482 517 549 sensilibus
539 483 707 571 propriis,
740 493 848 549 tamen
872 481 913 546 ad
946 482 1187 567 producendam

124 565 338 630 sensationem
352 563 478 662 aliquid
494 577 607 653 agunt,
622 568 699 651 quia
713 564 891 648 modificent
905 565 1008 647 ipsam
1028 568 1187 634 actionem

125 647 290 712 sensilium
312 665 533 732 propriorum.
557 649 596 713 E.
622 669 652 733 g.
675 647 787 712 oculus
808 646 901 711 aliter
921 666 940 709 a
963 667 1078 734 magna
1101 645 1189 715 mole

125 731 222 804 nivis,
244 727 340 794 aliter
360 748 379 793 s
400 751 501 828 parve
523 731 673 796 allicitur.
688 731 758 795 Iam
778 746 891 794 sensus
904 728 1036 794 sensilia
1053 731 1190 816 propria

126 823 157 878 et
179 811 355 875 communio
376 811 527 879 distincte
550 814 725 898 cognoscit,
743 811 878 876 sensilia
902 821 1009 876 autem
1027 832 1086 897 per
1107 813 1191 878 occi-

125 899 197 959 dens
217 891 349 958 confuse
368 941 377 970 ,
399 895 477 980 quia
499 892 553 959 ille
576 915 689 980 perse
711 894 832 971 sentit,
855 892 934 958 haec
957 905 1065 960 autem
1086 917 1127 961 ex
1149 915 1191 958 eo

124 977 243 1054 solum,
267 974 353 1061 quod
376 995 449 1040 cum
471 975 538 1041 illis
557 977 808 1062 coniunguntur.

312 1109 380 1166 Aar.
403 1105 536 1159 lll.-l)e
555 1121 669 1159 numero
688 1119 813 1157 sensuum
832 1112 1001 1158 externorum

167 1220 218 1286 ts.
241 1219 381 1284 Loclrius
402 1215 566 1284 dubitavit
579 1237 619 1280 an
635 1224 761 1302 praeter
774 1227 941 1301 aspectum,
956 1220 1112 1298 audium,
1133 1239 1192 1303 qu-

127 1311 220 1376 stum,
242 1301 417 1376 odmotum,
436 1309 469 1364 et
490 1306 606 1363 tectum
630 1299 684 1363 alii
707 1317 818 1362 sensus
831 1299 863 1362 in
886 1298 1016 1365 homine
1031 1301 1150 1369 lateant
1165 1305 1190 1366 ¹.

129 1381 286 1448 Hodierni
319 1381 462 1448 lautores
494 1380 697 1464 magnetismi
725 1379 874 1444 animalis
906 1381 1101 1448 contendunt
1121 1387 1196 1449 ani-

129 1485 214 1528 mam
236 1467 269 1529 in
291 1485 403 1530 somno
434 1463 612 1548 magnetico
640 1463 862 1537 sensationes,
889 1485 927 1528 ac
947 1464 1029 1530 alias
1048 1467 1196 1531 actiones

128 1566 166 1610 co
190 1557 357 1612 noscentes
382 1565 541 1620 exerere,
564 1565 646 1628 quae
669 1541 707 1606 ad
730 1543 834 1610 nullas
855 1545 920 1608 iam
942 1559 1123 1630 compertas
1145 1547 1197 1612 sa·

129 1566 262 1692 cultates
283 1628 429 1693 revocari
452 1637 584 1713 possunt
605 1625 629 1687 ².
653 1624 801 1710 Denique
822 1625 998 1692 Balmesius
1021 1631 1044 1704 ³,
1067 1629 1195 1716 aliique

129 1709 243 1777 docent
265 1708 336 1856 lipri
354 1729 462 1806 posse,
487 1718 525 1773 ut
545 1707 641 1772 homo
655 1727 774 1772 norum
793 1727 923 1772 sensum
945 1712 1100 1797 temporis
1119 1732 1198 1798 pro·

139 1813 283 1860 rressua
328 1801 425 1858 uerat.

131 1817 148 1879 b
169 1875 222 1941 50.
237 1814 335 1961 Prolpl.
353 1871 398 1940 1⁸.
414 1873 526 1940 Sensus
540 1868 662 1934 esteroi
681 1889 742 1932 nos
755 1879 826 1935 sum
839 1869 904 1935 nisi
917 1874 1060 1959 quinque,
1075 1895 1196 1961 nempe

131 1966 280 2041 aspectus,
303 1956 440 2033 auditus,
463 1964 582 2037 postus,
606 1953 750 2016 odoratos
772 1963 805 2016 et
825 1962 936 2018 tectus.

171 2038 342 2103 Probatur.
365 2035 558 2110 Facultates,
580 2055 665 2120 quae
687 2030 728 2096 ad
750 2032 998 2102 sensibilitatem
1023 2046 1197 2102 externam

131 2130 301 2204 spectant,
324 2129 371 2185 tot
390 2138 458 2183 esse
480 2115 609 2195 debent,
631 2126 709 2201 quot
729 2125 804 2180 sunt
825 2116 971 2200 specifice
992 2116 1139 2184 diversae
1161 2139 1198 2183 a·

131 2202 265 2279 ctiones,
287 2221 371 2285 quae
392 2221 451 2286 per
471 2199 559 2263 illam
579 2207 783 2274 exercentur,
805 2207 838 2263 et
859 2201 1001 2264 actiones
1021 2203 1199 2268 sentientes

132 2281 278 2368 specifice
301 2283 447 2348 diuersae
468 2289 542 2346 sunt
563 2290 660 2365 prout
681 2278 831 2364 specifice
852 2279 981 2346 diversa
1006 2295 1081 2349 sunt
1105 2282 1200 2349 obie-

132 2378 199 2444 cta,
222 2365 263 2432 ad
284 2385 367 2462 quac
388 2364 576 2429 referuntur
590 2363 615 2426 ⁶.
641 2362 732 2427 Patet
752 2372 861 2426 autem
882 2361 959 2428 haec
980 2363 1131 2444 obiecta,
1152 2385 1202 2432 ex

132 2448 249 2534 quibus
277 2447 445 2514 diversitas
472 2444 635 2510 actionum
655 2443 862 2509 sentientium
888 2443 1103 2530 producitur,
1124 2468 1200 2515 esse

133 2531 264 2598 sensilia
285 2551 345 2618 pro
368 2530 431 2607 ria,
453 2527 532 2613 quia
553 2525 644 2605 haec,
666 2536 703 2592 ut
723 2524 880 2606 diximus,
902 2547 1013 2592 sensus
1032 2528 1201 2596 adactum

133 2613 302 2680 reducunt.
358 2633 397 2676 oc
423 2609 640 2697 praestituto,
665 2628 706 2672 en
734 2617 971 2691 argumentum.
995 2610 1056 2676 'l'ot
1076 2612 1141 2679 siut
1162 2634 1202 2677 o·

133 2707 239 2781 portet
271 2695 438 2761 facultates
469 2691 667 2767 sentientes,
689 2698 768 2774 quot
788 2702 862 2758 sunt
883 2691 1015 2757 sensilis
1047 2695 1200 2779 propris.

133 2781 234 2864 Atqui
255 2778 334 2843 haec
355 2776 500 2861 quinque
521 2780 621 2849 sunt,
646 2791 761 2856 nempe
783 2771 920 2850 colores,
941 2794 1087 2858 sopores,
1110 2781 1201 2854 sossi,

134 2863 251 2937 odores,
274 2869 306 2925 et
326 2859 489 2944 qualitates
509 2853 640 2931 tectilcs,
662 2854 741 2939 quia
762 2874 814 2919 res
836 2867 1015 2933 externae,
1042 2861 1205 2943 quemad-

133 2942 268 3010 modum
290 2939 490 3026 experientia
510 2936 605 3001 nobis
626 2943 829 3021 compertum
852 2948 915 3016 cst,
939 2939 1083 3024 quinque
1104 2939 1206 3008 dum-

172 3189 183 3228 ¹
203 3191 242 3241 lis
259 3191 307 3238 int.
328 3187 411 3243 tum„
431 3183 478 3234 lib.
499 3180 533 3241 ll,
552 3195 578 3230 c.
599 3179 627 3240 Ξ,
648 3185 663 3238 s
682 3179 709 3229 3.

170 3263 182 3302 ²
201 3260 256 3313 lloc
274 3264 389 3324 systema
408 3269 504 3306 nomen
522 3254 684 3318 mopmttsma'
707 3251 832 3302 outmolts
855 3249 1037 3316 hsbet,.t1uia
1057 3265 1103 3316 pro
1123 3265 1208 3310 certo

135 3335 216 3386 sumlt
236 3336 260 3385 ln
280 3343 390 3394 corpore
409 3341 466 3378 esso
485 3327 618 3393 quoddam
638 3323 760 3383 unicum,
782 3338 828 3387 per
846 3325 916 3387 quod
938 3331 1051 3388 systema
1070 3339 1207 3381 perseum

135 3422 229 3459 omncs
248 3419 309 3458 suas
327 3403 476 3453 functiones
495 3403 612 3458 exercet,
636 3396 760 3460 quodque
772 3411 805 3447 ex
817 3397 959 3448 uoluntatis
977 3399 1087 3448 arbitrio
1100 3400 1134 3448 ab
1148 3416 1208 3453 uno

136 3481 244 3531 homine
264 3479 289 3528 ln
310 3477 392 3526 alium
412 3473 612 3525 transmittitur.
628 3465 756 3520 Fautores
769 3469 848 3519 unius
860 3471 1011 3532 systematis
1023 3473 1211 3527 Mermertstae

139 3554 204 3604 ‹ttcti
222 3557 283 3602 suut
301 3563 317 3600 a
338 3546 486 3608 llesmero,
505 3547 551 3610 qui
571 3545 598 3595 in
617 3543 718 3593 recenti
736 3548 824 3594 aetate
844 3545 945 3606 primus
964 3544 1125 3595 instaurator
1143 3548 1211 3599 sias

137 3624 302 3692 perhibetur.

174 3697 283 3752 ³Filss.
301 3695 434 3759 fundum„
454 3693 501 3742 lib.
523 3687 557 3752 ll,
576 3703 602 3741 c.
626 3686 718 3739 17.-ἱ
738 3683 773 3741 (il
788 3703 816 3754 p.
838 3685 899 3739 tos.
