2475 3909
475 199 706 251 nunnnrcoom
1026 190 1087 258 tta

58 271 222 361 intelligit3
238 277 398 363 siquidem
420 303 472 347 res
494 287 613 351 sentire
636 286 794 352 sentimus
809 296 872 352 non
888 307 947 374 per
961 294 1126 357 conscien-

57 359 146 432 tiarn,
171 359 226 424 sed
250 381 309 445 per
330 380 458 427 sensum
481 387 687 434 communem
704 368 729 431 ¹.

95 438 167 505 135.
191 441 260 505 lam
282 462 339 507 nos
360 443 412 508 hic
432 445 600 532 loquimur
622 449 662 514 de
682 448 878 514 conscientia
897 451 1124 536 pspcltolopicn‚

56 540 138 604 quae
163 532 212 588 est
235 523 308 598 illa,
332 546 394 609 qna
416 525 559 614 aliquem
582 542 690 597 actum
712 552 730 594 a
752 531 847 596 nobis
868 530 938 596 steri
960 536 1126 619 cognosci-

56 621 140 678 mus,
165 624 229 668 non
251 625 329 669 vero
352 605 391 670 de
413 613 610 679 conscientia
626 609 755 690 morali,
770 632 835 700 qua
858 614 1125 694 consideramus,

56 704 94 747 an
117 683 238 770 aliquis
259 697 349 752 actus
370 711 444 755 cum
467 693 597 780 legibus
626 716 753 760 morum
780 699 982 773 consentiat,
1011 719 1124 764 necne.

57 767 144 830 llaec
167 776 275 832 autem
298 773 494 840 conscientia
518 777 742 871 psychologica
763 776 979 862 distinguitur
993 780 1026 843 in
1040 779 1128 845 ltali-

55 846 181 924 tualcm,
203 861 236 915 et
257 852 420 918 actualem.
444 855 632 924 Habrtualis
653 859 801 925 consistit
823 861 856 923 in
877 880 940 937 eo·‚
973 862 1060 945 quod
1093 883 1128 927 a·

56 929 141 994 nima
164 929 308 1016 aliquam
330 937 393 1014 sui,
416 957 614 1025 suarumque
636 940 802 1006 actionum
824 941 1045 1026 cognitionem
1072 944 1126 1009 lra-

55 1009 131 1076 bere
153 1009 289 1090 dicitur,
313 1037 376 1082 non
397 1040 436 1083 es
454 1043 493 1086 eo
507 1022 594 1106 qnod
609 1035 680 1088 actu
701 1043 735 1087 se
751 1025 933 1108 cognoscit,
956 1023 1012 1088 sed
1033 1025 1126 1090 dum-

56 1103 143 1157 taxat
165 1113 208 1156 ex
227 1117 278 1171 eo,
301 1099 398 1182 quod,
421 1123 496 1168 cum
512 1105 554 1169 sit
569 1103 631 1169 sibi
657 1125 826 1202 praesens,
850 1114 915 1170 tam
939 1127 1014 1173 uam
1037 1109 1126 1194 prin·

56 1174 180 1258 cipium
202 1195 335 1242 suorum
357 1194 499 1262 actuum,
521 1184 767 1272 dispositionem
781 1185 878 1250 habet
892 1125 998 1253 adsui
1021 1190 1127 1274 ipsius

56 1254 288 1339 cognitionem,
311 1263 583 1357 quemadmodum
610 1268 707 1333 homo
730 1268 910 1334 litterarum
934 1291 1054 1356 gnarus
1076 1270 1128 1337 lit-

57 1349 139 1404 teras
161 1339 246 1404 scire
268 1341 403 1422 dinan,
428 1347 557 1414 etiamsi
579 1349 619 1415 de
642 1350 758 1416 litteris
780 1360 854 1413 actu
878 1370 944 1416 non
966 1354 1125 1437 cogitet².

56 1443 73 1481 a
96 1417 192 1484 Mens
213 1424 264 1486 sui
288 1427 435 1492 notitiam
458 1428 656 1496 habitualem
678 1431 786 1508 habet,
808 1451 872 1516 qua
896 1434 997 1519 possit
1020 1437 1128 1518 perci·

56 1520 134 1585 pere
157 1520 191 1564 se
213 1507 311 1568 esse⁸
333 1531 362 1571 n.
385 1509 592 1579 Conscientia
614 1524 725 1580 autem
740 1513 876 1580 actualis
891 1536 929 1578 ea
943 1524 1003 1592 est,
1026 1537 1127 1601 «qua

56 1581 176 1665 aliquis
198 1586 435 1657 consideratae
458 1593 492 1658 in
515 1606 587 1661 actu
611 1598 752 1662 animam
774 1594 924 1662 habere⁴
948 1621 978 1674 n,
1001 1596 1069 1674 vel,
1092 1609 1128 1665 ut

55 1686 80 1730 s.
97 1665 303 1748 Augustinus
319 1673 438 1756 inquit,
453 1696 503 1754 ea,
520 1699 584 1762 qua
599 1679 706 1742 anima
727 1679 768 1742 ad
786 1699 816 1743 cc
843 1679 1039 1761 cogitandam
1054 1700 1129 1764 puo-

56 1747 221 1811 dnmmodo
234 1752 314 1814 redit
328 1754 353 1829 ⁸,
367 1763 462 1840 atque
477 1777 510 1822 se
525 1768 599 1825 ante
615 1770 823 1845 conspectum
838 1779 933 1824 suum
948 1779 982 1824 se
998 1762 1126 1846 ponit⁸.

97 1825 168 1892 136.
191 1828 339 1898 lamvero
360 1834 438 1901 haec
460 1843 655 1908 conscientia
678 1841 814 1908 actualis
836 1839 880 1905 ita
903 1840 944 1904 ab
967 1844 995 1905 Α
1019 1844 1129 1908 uinata

56 1916 166 1972 nostro
189 1914 379 1996 explicatur.
404 1918 440 1982 ln
464 1922 579 2006 primis
599 1926 707 1988 anima
727 1923 893 1989 obiectum
918 1861 1128 2008 intelligibile

56 1988 121 2054 sibi
146 1995 338 2075 proprium,
364 2019 437 2063 nem
461 2023 479 2066 e
502 2003 718 2088 quidditatcm
741 2007 776 2070 in
798 2007 936 2070 materia
964 2007 1129 2090 corporali

56 2071 249 2140 existentem
271 2021 504 2162 apprehendit;
529 2083 646 2153 deinde
668 2097 776 2152 actum
797 2089 979 2173 cognoscit,
1002 2108 1068 2172 quo
1092 2088 1129 2152 il-

56 2151 114 2216 lnd
136 2151 301 2222 obiectum
322 2165 546 2246 apprehendit;
569 2180 601 2234 et
622 2169 657 2232 in
680 2168 738 2233 illo
759 2179 833 2238 actu
855 2171 997 2254 seipsam
1011 2190 1130 2256 cogno-

57 2235 130 2300 scit.
153 2258 171 2298 u
194 2238 231 2301 ln
253 2239 312 2304 lroc
333 2244 375 2307 ali
402 2248 454 2312 uis
475 2251 614 2336 percipit
635 2269 668 2314 se
691 2271 772 2330 csse,
793 2250 882 2349 qnod
905 2253 1048 2337 percipit
1067 2273 1127 2318 se..

56 2314 267 2402 intelligere*
293 2345 322 2385 n.
345 2265 423 2392 Inde
445 2331 653 2426 explicatur,
675 2353 735 2398 cur
761 2355 871 2399 amma
891 2334 1126 2429 conscientiam

55 2398 108 2462 sui
132 2402 294 2468 actualem
321 2404 438 2475 habere
467 2409 596 2478 drcalur
617 2433 677 2499 per
697 2416 801 2499 ipsam
821 2416 873 2479 sui
888 2427 1126 2501 praesentatam

54 2479 221 2564 siqnidem
244 2506 263 2544 a
284 2506 327 2549 ex
349 2487 419 2574 ipsa
442 2504 549 2559 mente
571 2507 619 2559 est
640 2496 696 2572 ei,
718 2497 803 2562 unde
836 2499 940 2582 possit
961 2499 995 2563 in
1019 2508 1129 2564 actum

56 2561 213 2646 prodire,
236 2586 302 2650 quo
324 2588 357 2633 se
381 2572 554 2640 actualiter
574 2589 766 2662 cognoscat,
789 2581 879 2664 perci
905 2578 1003 2644 iendo
1028 2600 1061 2645 se
1082 2601 1130 2647 es·

55 2646 117 2707 se'
142 2665 172 2722 n;
194 2656 228 2717 et
249 2647 349 2722 alibi:
374 2675 391 2716 t<
414 2653 464 2718 Ad
487 2659 628 2742 primaru
649 2661 867 2744 cognitionem
883 2600 956 2746 lua
976 2682 1083 2747 nempe
1097 2686 1130 2727 a·

55 2725 151 2810 liguis
169 2731 307 2814 percipit
328 2753 357 2796 se
378 2734 485 2800 dedere
506 2741 656 2823 animam]
670 2741 710 2806 de
727 2753 833 2809 mente
855 2743 896 2808 ha
940 2742 1038 2809 ndam
1062 2742 1129 2810 sal-

54 2805 126 2872 licit
147 2807 218 2892 ipsa
241 2815 359 2878 mentis
381 2823 585 2901 praesentia,
609 2844 695 2908 quae
721 2835 769 2891 ast
790 2824 990 2911 principium
1014 2838 1129 2901 actus,

55 2909 97 2952 ex
120 2909 188 2974 quo
209 2913 301 2958 mens
322 2899 462 2986 percipit
483 2923 517 2968 se
540 2905 642 2988 ipsam
658 2925 667 2982 ;
683 2916 716 2971 et
732 2906 805 2972 ideo
823 2905 944 2972 dicitur
963 2928 996 2972 se
1012 2927 1130 2994 cogno-

54 2989 148 3036 scere
182 2991 241 3056 per
272 2994 363 3042 suam
398 2986 637 3066 praesentiam⁹
661 3011 690 3051 n.
714 2989 796 3057 Sane
817 2990 949 3070 anima,
971 3010 1033 3074 ope
1056 3012 1131 3055 con-

92 3219 101 3254 ¹
127 3212 165 3269 tt
180 3219 356 3305 ¹³¹.¹²²'‘'²
376 3218 411 3272 Cl
426 3235 448 3272 s.
472 3223 553 3288 Auge
573 3229 613 3279 De
632 3228 717 3288 usn„
737 3229 784 3280 lib.
804 3226 877 3293 xlv,
897 3248 924 3284 c.
944 3233 972 3290 6,
993 3249 1020 3284 n.
1041 3234 1070 3286 8.

88 3289 447 3428 :tctuuttf'tz
468 3295 765 3431 lt.¹t,¹·,⁸t{‘¹,·.¹·⁷.

88 3433 101 3471 ὓ
123 3435 203 3493 thid,
226 3435 273 3486 tit.
293 3433 365 3495 xlv.
387 3452 412 3488 ⁸.
433 3439 461 3496 6,
481 3454 509 3490 n.
531 3442 558 3492 8.

86 3506 101 3543 '¹
123 3509 174 3572 ρῳ.
195 3509 294 3573 atera,
315 3512 355 3560 na
378 3512 450 3572 Ver„
472 3528 499 3577 q.
522 3509 555 3574 X,
577 3528 602 3566 a.
624 3516 641 3567 8
660 3529 686 3566 ο.
708 3511 744 3567 Cl
759 3517 821 3569 tcta
841 3533 869 3584 q.
886 3516 920 3579 ll,
941 3534 967 3572 a.
988 3522 1004 3571 2
1025 3523 1063 3574 ad.
1077 3522 1106 3572 2.

51 3579 102 3702 mg
124 3577 328 3712 llll'efldtl.m
349 3589 431 3633 contr.
443 3584 496 3620 -⁹
515 3583 536 3647 l,
557 3601 583 3652 q.
605 3583 804 3652 lxxxvii-⁸.
822 3591 832 3642 t
850 3606 875 3643 c.
889 3587 927 3644 Cl
937 3595 1024 3646 contr.
1041 3597 1128 3654 Genn,

131 3731 239 3784 Parnon.
255 3729 366 3810 Cannar.
383 3737 521 3802 compend.
538 3737 558 3791 Ι,
