2475 3909
140 224 181 291 ts
544 232 724 284 ouronoam

139 316 208 395 131.
232 328 280 392 Ex
305 326 358 402 iis,
373 344 456 423 quae
479 320 519 385 de
542 318 706 407 principio
726 312 991 413 ipdiriduationis
1012 308 1160 379 snbstan-

97 410 216 476 tiarnm
233 408 451 473 materialium
465 403 624 477 diximus,
638 398 809 463 coniicitur
830 406 1005 482 generatim
1020 406 1160 462 statuen-

96 490 174 556 dum
196 512 262 556 esse
286 489 428 554 nonnisi
446 485 614 550 materiam
637 482 790 561 sipontum
812 480 983 563 quontitate
997 488 1159 563 tamquam

89 574 294 658 ¹principium
317 567 601 639 individnationis,
630 562 767 646 intelligi
800 581 904 646 posse.
927 561 1057 624 Etenim
1081 559 1159 626 illud

96 676 166 720 esse
189 654 285 720 debet
308 651 504 751 principium
527 642 810 718 individuationis,
826 662 891 727 qno
914 642 1020 738 primo
1042 645 1158 786 posito,

98 739 231 823 ponitur
253 733 479 806 individoatio,
495 740 539 805 et,
554 748 619 814 quo
649 725 757 811 primo
778 723 897 798 ablato,
921 721 977 788 illa
999 744 1041 787 an
1058 734 1158 790 ertnr.

97 821 210 904 Atqui,
226 820 328 966 ppsita
343 819 465 899 siponto
486 810 634 885 materia,
652 807 784 892 ponitur
805 806 911 890 primo
932 803 1158 884 individuatio,

97 922 201 998 esque
216 921 233 963 a
246 896 509 998 'latp‘aniertup
526 894 614 977 Ergo
630 909 692 953 non
708 888 770 952 nisi
786 888 922 983 materia
936 888 1058 968 siponto
1072 889 1160 971 prin·

96 972 1071 1149 ttttiittti‚v'ltittittif„tt‘ttiti'ititmit
1085 989 1160 1115 itt

97 1144 202 1209 torma
224 1166 265 1210 ex
287 1166 320 1210 se
343 1146 386 1211 sit
408 1141 612 1212 communis,
637 1132 715 1208 sed,
740 1134 842 1217 posita
863 1134 997 1197 materia
1020 1133 1155 1217 signata,

97 1225 209 1291 statim
230 1225 368 1294 habetur
389 1220 608 1294 individuum;
626 1214 706 1281 illud
728 1214 827 1289 enim,
865 1213 931 1278 uod
944 1214 1005 1279 sub
1020 1214 1078 1279 hac
1094 1234 1158 1279 ma·

97 1308 180 1373 teria
202 1310 324 1385 existit,
348 1326 451 1393 neque
473 1324 547 1369 cum
570 1300 644 1365 aliis
658 1316 827 1361 commune
843 1234 934 1373 leri,
954 1317 1058 1381 neque
1080 1316 1158 1361 ase·

99 1390 177 1475 ipso·
191 1388 307 1467 dividi,
331 1410 432 1476 neque
455 1386 519 1451 dici
543 1382 583 1448 de
607 1378 753 1446 subiecto
773 1387 878 1462 potest
893 1378 916 1454 ¹3
930 1400 1015 1463 qnae
1037 1379 1156 1454 omnia,

97 1484 134 1539 ut
155 1493 266 1537 omnes
289 1483 420 1547 norunt,
443 1464 649 1534 individuum
672 1460 882 1526 constituunt.

139 1553 208 1621 132.
230 1554 324 1631 Quod
354 1555 380 1618 si
411 1550 607 1638 principium
638 1539 904 1609 individnationis
933 1561 995 1605 non
1024 1542 1087 1605 nisi
1117 1563 1158 1605 ex

31 1674 35 1679 -
97 1636 231 1700 materia
255 1633 466 1721 repetendum
481 1642 540 1707 est,
557 1630 634 1693 daeo
655 1624 746 1690 nullo
768 1626 899 1708 negotio
914 1622 1015 1689 intelli
1064 1634 1155 1688 ntur:

98 1714 130 1780 1⁰
146 1718 281 1783 Animae
303 1718 475 1792 humanae,
491 1713 613 1799 quippe
636 1728 721 1794 quae
743 1716 818 1771 sunt
839 1708 1019 1771 immateria
1033 1726 1080 1783 es,
1103 1703 1158 1770 sed

96 1810 205 1864 tamen
227 1798 266 1864 ad
289 1798 551 1865 coniunctionem
573 1794 625 1859 sni
653 1810 728 1854 cum
750 1786 942 1873 corporibus
966 1788 1159 1855 naturaliter

94 1879 310 1959 destinantur,
326 1902 366 1946 en
387 1902 427 1947 eo
448 1890 522 1945 sunt
544 1872 745 1947 individuae,
759 1869 848 1955 quod
869 1870 1016 1936 ordinem
1037 1867 1077 1935 ad
1100 1891 1158 1937 sua

96 1982 153 2027 cor
176 1984 232 2028 ora
253 1964 383 2029 hahent.

185 2044 387 2113 Substantiae
407 2062 496 2107 mere
517 2035 716 2125 spirituales,
729 2053 809 2118 quas
823 2032 962 2119 Angelos
981 2055 1092 2099 sacrae
1106 2034 1158 2099 Li·

97 2136 184 2194 terae
207 2150 248 2214 ap
273 2127 381 2201 ellant,
396 2146 470 2189 cum
493 2141 596 2206 neque
618 2120 652 2183 in
674 2116 792 2202 seipsis
814 2118 982 2181 materiam
1004 2116 1157 2194 habeant,

96 2230 201 2294 nequa
217 2231 234 2273 a
273 2206 535 2274 coniunctionem
550 2203 601 2267 sui
625 2221 699 2264 cnm
715 2197 849 2263 materia
861 2196 1075 2273 destinentur,
1093 2221 1159 2266 non

97 2289 272 2359 admittunt
294 2287 423 2374 aliquod
448 2286 675 2373 principium,
699 2298 756 2365 per
776 2278 863 2365 quod
885 2284 1051 2348 numerica
1074 2286 1160 2349 inter

95 2392 130 2439 se
152 2373 319 2452 differunt,
341 2370 396 2437 sed
419 2391 460 2435 ex
482 2366 600 2454 seipsis
623 2360 810 2429 individuae
831 2361 950 2430 liunt¹.

507 2599 774 2619 μ

95 2700 282 2749 dimensiones.
302 2691 409 2747 Etenim
428 2684 615 2740 dimensiones,
631 2685 710 2743 prout
727 2680 788 2737 isse,
808 2682 849 2731 ret
868 2681 930 2731 ittae
948 2687 1020 2741 suot,
1034 2685 1160 2734 raristto-

95 2773 174 2823 nibus
192 2770 378 2825 subnotantur,
392 2764 563 2827 quapropter.
584 2755 605 2805 ti
624 2758 712 2803 ⁰⁸⁸⁰!st
729 2764 789 2809 2⁸0,
805 2766 874 2815 quse
892 2757 925 2804 ad
945 2754 1160 2807 indistdustionis

95 2844 253 2909 principium
272 2840 452 2893 concurrunt,
478 2825 764 2907 individuumuonius
789 2831 878 2886 psrtes
903 2839 981 2890 ssepe
1007 2833 1156 2886 mutantur,

97 2930 203 2981 semper
222 2915 291 2965 idem
310 2921 421 2963 numero
441 2917 493 2955 non
512 2904 642 2950 maneret.
665 2894 682 2944 i
704 2898 848 2957 contrario,
865 2898 1052 2960 dimensiones,
1071 2904 1095 2951 si
1112 2904 1159 2951 set

95 2994 197 3042 retium
208 2988 398 3039 dimensionum
415 2985 514 3029 tontum
534 2977 696 3036 spectentur,
712 2969 868 3021 rotationem
881 2972 914 3021 sd
926 2973 1008 3023 sitnm
1020 2972 1160 3023 dnmtsrst

95 3063 232 3121 exhibetur
253 3058 331 3116 unde,
351 3050 455 3105 etismsi
474 3052 562 3112 partes
582 3049 728 3102 ιιωιειιῑιπ,
741 3048 769 3091 et
783 3043 938 3105 posteriores
954 3043 1085 3107 prioribus
1096 3060 1159 3097 sne-

94 3138 201 3195 miani,
221 3138 322 3189 umen,
341 3127 403 3191 quis
423 3124 450 3173 in
468 3120 561 3170 eodem
580 3118 631 3166 situ
651 3119 723 3172 sunt,
737 3113 899 3166 individuum
920 3116 988 3166 idem
1007 3124 1157 3180 permanet.

95 3204 130 3260 ll.
144 3222 184 3273 p,
203 3203 324 3272 quemvis
343 3196 528 3250 dimensiones·
539 3192 564 3241 in
583 3201 694 3249 corpore
713 3186 827 3239 bominis
844 3188 999 3247 dilatentur,
1011 3194 1040 3238 et
1051 3195 1159 3241 eontra·

96 3280 206 3342 tuentur,
227 3284 317 3329 umen
335 3274 406 3323 idem
425 3269 545 3318 remanet
564 3260 739 3315 individuum,
757 3262 820 3323 quis
839 3260 1016 3312 dimensione.
1033 3263 1159 3313 eumaem

95 3355 175 3404 situm
197 3364 302 3415 semper
321 3345 447 3399 retinent.
467 3333 503 3389 Gt
517 3350 541 3388 s.
555 3329 665 3389 Thoen..
677 3332 759 3395 Sopor
771 3333 844 3385 eote.
863 3338 929 3390 eto..
942 3348 970 3397 q.
984 3336 1044 3390 cit..
1056 3348 1084 3383 s.
1098 3335 1114 3384 Ξ
1128 3349 1156 3385 e.

133 3422 145 3463 Ι
160 3423 337 3477 individuum,
352 3428 414 3467 oum
428 3411 502 3463 nulio
517 3408 594 3459 modo
608 3408 634 3455 in
647 3404 765 3454 subtecto
777 3408 822 3465 sit,
835 3407 867 3456 de
880 3407 998 3457 subtecto
1012 3409 1159 3470 praedicari

97 3498 201 3559 aequin
215 3508 242 3545 e.
255 3508 283 3557 p.
297 3488 440 3555 impropria
459 3484 528 3534 esset
546 3480 613 3530 tineo
633 3476 804 3541 praedicatio,
822 3480 940 3532 Socrates
957 3486 993 3529 ssi
1010 3480 1052 3529 tio
1067 3480 1158 3530 tomo.

131 3568 144 3604 2
164 3586 176 3611 ι
199 3564 316 3621 Forma,
336 3574 405 3626 quse
423 3570 476 3607 non
494 3558 535 3603 est
555 3550 716 3612 receptibilis
738 3552 765 3600 tn
789 3552 921 3611 materis,
940 3550 986 3600 sed
1002 3555 1043 3600 est
1062 3565 1111 3614 per
1128 3564 1158 3602 se

96 3639 249 3696 subsistens,
269 3648 301 3684 ex
319 3634 370 3682 hoo
391 3634 446 3691 ipro
467 3624 653 3677 individuator.
667 3622 737 3685 qnod
756 3636 808 3673 non
826 3628 913 3685 potest
930 3624 1011 3685 recipi
1031 3625 1058 3673 in
1076 3626 1155 3673 stio-

95 3710 130 3776 (t,
150 3724 177 3773 q.
194 3706 238 3768 ΙΙΙ,
259 3704 315 3755 mi
335 3704 367 3753 sd
388 3700 427 3770 3).
447 3696 575 3761 Quoniam
594 3697 755 3745 substentise
773 3691 915 3760 Augeticse
933 3709 980 3757 per
997 3695 1098 3757 seipsas
1117 3698 1160 3747 in-

12 3811 108 3871 A
