2475 3909
114 144 176 213 300
421 160 609 211 ruronocra
631 162 819 211 aternius

114 253 146 313 7.
169 249 278 317 Obiic.
307 246 341 311 1⁰
363 246 542 311 Veritatem
565 266 656 325 esse,
686 257 735 312 est
758 268 815 333 per
844 270 877 313 se
910 261 1020 315 notum
1055 250 1156 316 etiam

72 331 174 417 pnond
194 352 261 395 noa.
289 330 389 411 Atqui
414 328 501 393 Deus
523 339 572 392 est
595 329 664 413 ipsa
681 330 822 395 Veritas.
839 332 927 415 Ergo
941 330 1047 396 Deum
1070 352 1155 407 esse,

73 424 125 477 est
148 434 272 499 perse
309 424 420 477 uotum
454 431 517 473 non
550 409 656 475 solum
691 413 859 475 secondum
881 435 932 489 se,
967 414 1020 478 sed
1054 417 1155 480 etiam

74 495 179 581 prrcnd
199 516 265 561 nos.

118 579 150 643 8.
175 578 271 661 Rcsp.
298 579 383 643 Dist.
407 574 504 649 snei,
527 572 554 637 si
577 587 693 658 agatur
714 574 753 639 dc
776 576 913 642 veritate
936 578 1158 641 communiter

78 670 224 745 accepta,
246 682 332 726 conc.
357 660 450 731 nat,
472 657 499 719 si
521 655 561 719 de
585 658 718 722 veritate
735 679 841 743 perse
858 658 1063 736 subsistente,
1087 679 1155 741 nep.

78 743 172 816 snei.;
195 741 273 806 item
297 744 372 806 dist.
396 740 474 801 enin.
498 738 586 803 Deus
608 750 658 803 est
680 740 748 824 ipsa
773 741 892 806 veritas
916 761 974 826 per
995 761 1028 803 se
1052 742 1159 806 subsi-

79 834 178 899 stens,
191 843 276 887 conc.
291 828 438 898 min.;est
454 821 573 886 veritas
589 824 807 887 communiter
828 835 971 922 accepta,
993 843 1060 907 nep.
1076 828 1156 887 min.

80 904 162 986 Nep.
184 927 267 970 cons.
293 909 375 972 Sane
398 904 560 967 veritatem
582 923 644 964 esse
667 905 701 965 in
725 908 882 969 communi
905 921 950 973 ita
972 916 1020 970 est
1043 926 1103 991 per
1125 926 1159 972 se

80 999 208 1064 notum,
229 999 266 1052 ut
289 989 379 1052 nulia
402 984 678 1050 demonstratione
705 987 836 1050 anobis
851 999 1074 1073 cognoscatur3
1099 994 1159 1074 qui

80 1071 172 1132 enirn
196 1072 368 1136 veritatem
382 1089 451 1132 esse
469 1066 651 1141 inficiatur,
671 1070 733 1133 iam
750 1069 893 1153 aliquam
909 1073 1078 1135 veritatem
1104 1072 1161 1136 ad·

85 1151 210 1225 mittit,
234 1172 349 1236 nempe
374 1149 456 1215 iliud
479 1171 593 1214 verum
614 1168 685 1215 csse
709 1160 822 1235 putat,
844 1152 930 1236 quod
952 1154 1071 1217 varius
1094 1174 1160 1218 non

82 1244 145 1308 eet;
169 1232 219 1296 sed
230 1234 373 1316 primam
390 1234 549 1296 ceritatem
565 1253 637 1310 esar,
654 1254 769 1319 nempe
786 1236 894 1320 reipsa
909 1238 1052 1301 existere
1068 1235 1160 1299 iiiam

82 1332 245 1377 summam
257 1316 473 1388 Veritatem‚a
488 1335 552 1398 qua
569 1326 675 1381 cetera
692 1317 800 1379 omnia
814 1318 984 1384 veritatem
1000 1338 1092 1381 suam
1107 1316 1165 1383 de·

83 1395 204 1471 ritant,
220 1396 275 1460 hoc
290 1409 408 1460 nonest
423 1419 480 1482 per
501 1418 529 1459 se
550 1409 657 1461 notmn
673 1398 773 1482 pnoed
785 1419 840 1461 nos
855 1399 877 1462 ¹.

126 1478 158 1543 9.
183 1479 259 1544 inst.
289 1477 377 1544 Deus
399 1493 447 1546 est
469 1479 573 1565 prima
594 1480 727 1545 veritas.
745 1481 844 1563 Atqui
862 1482 968 1565 prima
984 1480 1105 1546 veritas
1120 1484 1163 1547 si-

87 1578 129 1623 ue
151 1558 426 1626 demonstratione
448 1582 466 1623 a
489 1559 582 1625 nobis
603 1571 819 1646 cognoscatur
839 1572 978 1647 oportet.
1003 1564 1103 1647 Ergo.

129 1639 180 1704 10.
206 1642 303 1726 Resp.
331 1644 411 1709 nist.
436 1644 527 1718 mei,
550 1653 600 1708 est
622 1646 728 1729 prima
757 1644 877 1707 veritas
899 1644 930 1707 in
953 1643 1068 1708 ordine
1090 1648 1163 1710 exi-

86 1724 236 1796 stentiae,
260 1744 344 1788 conc.
368 1729 459 1797 nini,
476 1725 510 1787 in
526 1724 641 1788 ordine
664 1725 874 1809 cognitionis,
890 1745 957 1808 nep.
973 1728 1064 1799 aneia
1083 1730 1162 1792 item

86 1804 161 1869 ds'st.
178 1808 258 1869 min.
276 1809 394 1871 veritas
409 1807 515 1891 prima
532 1808 564 1870 in
579 1806 695 1872 ordine
713 1808 1113 1889 cognitionis,conc.ms'n.;
1131 1810 1163 1873 in

87 1886 203 1952 ordine
225 1890 430 1964 existentiae,
451 1908 518 1968 nep.
544 1890 623 1952 inin.
648 1891 726 1969 Nep.
753 1908 835 1951 cons.
858 1890 883 1951 ².

90 2040 233 2111 (germ),
255 2041 340 2093 Serm
362 2040 395 2100 ii,
416 2040 503 2092 Boioi.
522 2041 612 2113 tati).
637 2044 752 2108 Denique
772 2038 982 2100 Lamcnnaieius,
1005 2042 1030 2091 in
1049 2055 1099 2091 suo
1119 2046 1164 2093 Bs-

90 2120 176 2181 puisse
195 2118 280 2165 d’une
298 2117 475 2180 piritoeopiie,
507 2115 552 2165 Dei
579 2119 746 2166 existentiam
773 2130 825 2165 non
849 2129 906 2165 esse
932 2116 1165 2164 demonstrationis

93 2202 223 2249 capacem
243 2189 331 2245 docet,
346 2189 442 2250 quippe
462 2190 531 2251 quod
553 2197 647 2238 natura
665 2189 896 2237 demonstrationis
915 2200 946 2235 ca
965 2190 1017 2242 est,
1039 2191 1070 2236 ut
1087 2189 1165 2249 quid·

91 2273 173 2323 quam
194 2273 225 2310 ex
245 2261 298 2308 aiio
318 2262 464 2322 quopiam,
486 2262 512 2309 in
531 2275 585 2324 quo
604 2264 773 2319 continetur,
793 2260 933 2316 eliciatur,
954 2264 980 2307 et
1001 2255 1071 2307 Deus
1091 2261 1163 2308 nnita

92 2344 122 2381 re
142 2345 270 2394 nmquam
291 2332 422 2380 contineri
442 2333 694 2393 paroecianorum
713 2334 851 2381 sententiis
871 2330 1035 2381 excutiendis
1050 2344 1102 2380 uon
1117 2333 1163 2380 im·

93 2414 240 2454 morsurus.
269 2400 374 2453 Etenim
400 2406 462 2465 qnid
488 2405 520 2453 de
547 2408 651 2454 ratione
677 2406 794 2466 prasina
816 2400 903 2453 Kentii
930 2402 1098 2451 seruiendum
1121 2406 1164 2460 sit,

91 2476 258 2525 ostendimus
278 2477 304 2524 in
325 2478 503 2538 Criteriotopie
523 2471 587 2540 (too.
603 2479 650 2526 cit.
671 2490 698 2527 a.
713 2475 740 2533 3,
762 2490 788 2537 p.
804 2470 947 2540 tonent).
970 2472 1008 2523 ,id
1030 2471 1165 2524 iaccbinrn

92 2548 165 2610 quod
184 2552 297 2612 spectat.
311 2552 442 2610 quantum
462 2550 578 2610 cognitio
598 2553 744 2599 instinctione
758 2549 792 2597 ab
807 2546 920 2597 hominis
934 2552 1027 2596 natura
1042 2546 1166 2596 rationaii

92 2620 129 2668 sit
141 2620 238 2679 atiena,
253 2619 493 2669 demonstravimus
508 2624 534 2669 in
548 2622 732 2684 tipnemitopin
747 2618 785 2686 (c.
800 2617 847 2678 tv,
860 2633 886 2669 a.
901 2618 928 2677 9,
944 2633 971 2681 p.
986 2618 1048 2677 tta,
1063 2619 1118 2669 sol.
1133 2615 1166 2687 i).

93 2688 186 2754 Neque
206 2692 272 2741 titud
291 2691 396 2741 silentio
416 2694 640 2754 praetereundum
660 2699 710 2751 est,
731 2692 870 2742 criterium
890 2704 979 2740 sensus
998 2692 1166 2741 interiectas

96 2758 211 2825 laconio,
224 2764 368 2813 admissum
393 2777 483 2813 rernm
504 2765 608 2815 veritati
636 2764 845 2815 manifestandae
865 2776 970 2825 prorsus
990 2763 1079 2823 impar
1096 2775 1166 2812 esse.

97 2830 206 2885 Etenim
226 2835 335 2899 sceptici
354 2841 473 2892 soteres,
493 2844 520 2885 et
540 2842 661 2887 recentes
679 2850 827 2899 numquam
846 2836 1016 2890 dubitarunt,
1036 2836 1103 2897 quin
1124 2834 1170 2884 ho·

95 2908 182 2957 mines
202 2904 248 2957 Dei
268 2908 448 2967 existentiam,
468 2909 587 2972 aliaeque
606 2910 732 2959 veritates
750 2910 800 2973 fida
817 2907 934 2957 aeternis·
952 2906 1107 2966 admittant,
1124 2908 1168 2956 sed

95 2979 166 3030 hane
183 2981 260 3045 fidem
279 2993 325 3029 eeu
344 2994 435 3030 sensus
459 2984 591 3031 interioris
617 2983 854 3043 manifestationem
881 2981 950 3028 inter
974 2979 1170 3039 praeiudicatas

97 3053 237 3115 opiniones
256 3050 411 3101 emundant.
431 3048 562 3115 Quocirca
575 3054 621 3117 qui
637 3052 710 3103 iiiam
727 3052 816 3109 fldem,
831 3064 878 3100 seu
893 3064 999 3100 sensum
1015 3050 1169 3100 interiorem

99 3120 228 3187 Sceptieis
246 3124 386 3178 obiiciunt,
406 3137 496 3173 aerem
517 3124 667 3181 rerbemnt.
683 3138 812 3188 suamque
825 3137 935 3187 operam
948 3122 1107 3172 abutuntur.
1121 3120 1170 3172 tte

97 3196 189 3258 nique,
209 3196 279 3259 quod
298 3197 393 3245 attinet
413 3195 445 3244 sd
467 3192 693 3255 Lamennaisium,
709 3196 878 3259 perspicuum
897 3201 938 3245 est
956 3194 1030 3244 itlius
1049 3206 1167 3245 errorem

98 3278 132 3315 ex
150 3280 182 3316 eo
201 3268 301 3325 enasci,
321 3266 392 3330 quod
411 3269 601 3317 connexionem
625 3270 737 3331 topicam
756 3281 818 3319 eum
839 3268 915 3325 reati,
936 3266 1114 3329 ordinemque
1127 3267 1170 3316 de·

98 3338 298 3387 monstrationis
316 3351 379 3387 cum
397 3337 489 3387 ordine
508 3340 663 3389 existentiae
688 3353 828 3403 perperam
853 3338 1012 3393 contundite
1039 3338 1169 3401 siquidem

102 3409 129 3454 in
148 3407 392 3465 demonstratione,
419 3423 470 3471 qua
497 3412 636 3460 existentia
661 3408 707 3461 Dci
735 3412 883 3473 probatur,
909 3424 961 3459 nou
986 3411 1096 3472 quidem
1117 3412 1170 3474 ipsa

102 3473 183 3530 Deus,
204 3479 248 3525 sed
269 3485 356 3527 nostra
370 3475 435 3528 Eius
454 3483 569 3542 cognitio
582 3482 615 3530 ah
629 3482 693 3539 atio,
710 3484 802 3546 inquo
817 3484 860 3533 itia
874 3486 1037 3540 continetur,
1052 3482 1169 3532 eticitur.

139 3544 149 3579 ¹
171 3548 219 3603 Op.
241 3550 294 3605 eit,
316 3549 392 3607 inid..
413 3564 439 3598 a.
462 3550 472 3599 i
495 3553 527 3600 ad
548 3553 575 3602 3.

138 3611 152 3648 ²
171 3607 206 3663 Ct
215 3628 283 3678 quac
297 3619 330 3670 da
343 3617 394 3669 hae
408 3632 436 3671 re
450 3624 603 3685 scripsimus
617 3626 642 3673 in
658 3624 782 3689 tdectop„
798 3639 824 3675 c.
842 3622 861 3684 Ι,
877 3639 903 3676 a.
918 3625 945 3684 9,
959 3639 985 3689 p.
998 3624 1064 3685 ata,
1080 3627 1135 3678 roi.
1152 3626 1170 3679 Ι.
