<?xml version="1.0" encoding="UTF-8"?>
<!DOCTYPE html PUBLIC "-//W3C//DTD XHTML 1.0 Transitional//EN"
    "http://www.w3.org/TR/xhtml1/DTD/xhtml1-transitional.dtd">
<html xmlns="http://www.w3.org/1999/xhtml" xml:lang="en" lang="en">
 <head>
  <title>
</title>
<meta http-equiv="Content-Type" content="text/html;charset=utf-8" />
  <meta name='ocr-system' content='tesseract 3.04.00' />
  <meta name='ocr-capabilities' content='ocr_page ocr_carea ocr_par ocr_line ocrx_word'/>
</head>
<body>
  <div class='ocr_page' id='page_1' title='image "./philosophiachri00sansgoog_0274.png"; bbox 0 0 2475 3909; ppageno 0'>
   <div class='ocr_carea' id='block_1_1' title="bbox 136 157 750 233">
    <p class='ocr_par' dir='ltr' id='par_1_1' title="bbox 136 157 750 233">
     <span class='ocr_line' id='line_1_1' title="bbox 136 157 750 233; baseline 0.016 -10"><span class='ocrx_word' id='word_1_1' title='bbox 136 157 199 223; x_wconf 73' lang='lat'>262</span> <span class='ocrx_word' id='word_1_2' title='bbox 495 181 750 233; x_wconf 81' lang='lat' dir='ltr'>cnrrnnrouoarn</span> 
     </span>
    </p>
   </div>
   <div class='ocr_carea' id='block_1_2' title="bbox 95 254 1170 345">
    <p class='ocr_par' dir='ltr' id='par_1_2' title="bbox 95 254 1170 345">
     <span class='ocr_line' id='line_1_2' title="bbox 95 254 1170 345; baseline 0.022 -24"><span class='ocrx_word' id='word_1_3' title='bbox 95 254 291 325; x_wconf 82' lang='lat' dir='ltr'>documento</span> <span class='ocrx_word' id='word_1_4' title='bbox 313 260 437 326; x_wconf 87' lang='lat' dir='ltr'>iactum</span> <span class='ocrx_word' id='word_1_5' title='bbox 459 267 735 345; x_wconf 80' lang='lat' dir='ltr'>commendarent,</span> <span class='ocrx_word' id='word_1_6' title='bbox 751 272 845 337; x_wconf 89' lang='lat' dir='ltr'>cuius</span> <span class='ocrx_word' id='word_1_7' title='bbox 869 273 993 339; x_wconf 89' lang='lat' dir='ltr'>lalsiias</span> <span class='ocrx_word' id='word_1_8' title='bbox 1015 276 1170 345; x_wconf 84' lang='lat' dir='ltr'>omnibus</span> 
     </span>
    </p>
   </div>
   <div class='ocr_carea' id='block_1_3' title="bbox 94 344 1170 492">
    <p class='ocr_par' dir='ltr' id='par_1_3' title="bbox 94 344 1170 492">
     <span class='ocr_line' id='line_1_3' title="bbox 94 344 1170 485; baseline 0.02 -81"><span class='ocrx_word' id='word_1_9' title='bbox 94 351 288 485; x_wconf 75' lang='lat' dir='ltr'>patesceret,</span> <span class='ocrx_word' id='word_1_10' title='bbox 311 355 381 441; x_wconf 75' lang='lat' dir='ltr'>aut,</span> <span class='ocrx_word' id='word_1_11' title='bbox 403 344 428 441; x_wconf 79' lang='lat' dir='ltr'>si</span> <span class='ocrx_word' id='word_1_12' title='bbox 454 348 550 429; x_wconf 87' lang='lat' dir='ltr'>pauci</span> <span class='ocrx_word' id='word_1_13' title='bbox 574 347 606 412; x_wconf 94' lang='lat' dir='ltr'>id</span> <span class='ocrx_word' id='word_1_14' title='bbox 622 354 764 437; x_wconf 79' lang='lat' dir='ltr'>aggressi</span> <span class='ocrx_word' id='word_1_15' title='bbox 787 366 904 432; x_wconf 86' lang='lat' dir='ltr'>essent,</span> <span class='ocrx_word' id='word_1_16' title='bbox 927 366 1051 423; x_wconf 86' lang='lat' dir='ltr'>ceteros</span> <span class='ocrx_word' id='word_1_17' title='bbox 1073 359 1113 425; x_wconf 92' lang='lat' dir='ltr'>de</span> <span class='ocrx_word' id='word_1_18' title='bbox 1131 361 1170 424; x_wconf 84' lang='lat' dir='ltr'>il-</span> 
     </span>
     <span class='ocr_line' id='line_1_4' title="bbox 113 422 486 492; baseline 0.016 -6"><span class='ocrx_word' id='word_1_19' title='bbox 113 444 163 487; x_wconf 82' lang='lat' dir='ltr'>ius</span> <span class='ocrx_word' id='word_1_20' title='bbox 185 422 323 488; x_wconf 79' lang='lat' dir='ltr'>falsitate</span> <span class='ocrx_word' id='word_1_21' title='bbox 345 425 486 492; x_wconf 81' lang='lat' dir='ltr'>siluisse.</span> 
     </span>
    </p>
   </div>
   <div class='ocr_carea' id='block_1_4' title="bbox 428 554 836 613">
    <p class='ocr_par' dir='ltr' id='par_1_4' title="bbox 428 554 836 613">
     <span class='ocr_line' id='line_1_5' title="bbox 428 554 836 613; baseline 0.015 -6"><span class='ocrx_word' id='word_1_22' title='bbox 428 554 495 608; x_wconf 73' lang='lat' dir='ltr'>Aac.</span> <span class='ocrx_word' id='word_1_23' title='bbox 513 554 655 609; x_wconf 83' lang='lat' dir='ltr'>lV.-l)e</span> <span class='ocrx_word' id='word_1_24' title='bbox 681 557 836 613; x_wconf 81' lang='lat' dir='ltr'>Historia</span> 
     </span>
    </p>
   </div>
   <div class='ocr_carea' id='block_1_5' title="bbox 89 663 1175 1873">
    <p class='ocr_par' dir='ltr' id='par_1_5' title="bbox 92 663 1172 909">
     <span class='ocr_line' id='line_1_6' title="bbox 133 663 1172 759; baseline 0.014 -31"><span class='ocrx_word' id='word_1_25' title='bbox 133 664 184 728; x_wconf 80' lang='grc'>90.</span> <span class='ocrx_word' id='word_1_26' title='bbox 210 663 243 730; x_wconf 89' lang='lat' dir='ltr'>Si</span> <span class='ocrx_word' id='word_1_27' title='bbox 267 664 461 744; x_wconf 80' lang='lat' dir='ltr'>traditione,</span> <span class='ocrx_word' id='word_1_28' title='bbox 484 678 518 733; x_wconf 90' lang='lat' dir='ltr'>et</span> <span class='ocrx_word' id='word_1_29' title='bbox 538 672 758 736; x_wconf 84' lang='lat' dir='ltr'>monumentis</span> <span class='ocrx_word' id='word_1_30' title='bbox 787 672 908 737; x_wconf 84' lang='lat' dir='ltr'>veritas</span> <span class='ocrx_word' id='word_1_31' title='bbox 928 674 1172 759; x_wconf 87' lang='lat' dir='ltr'>antiquissimo-</span> 
     </span>
     <span class='ocr_line' id='line_1_7' title="bbox 92 744 1168 842; baseline 0.019 -35"><span class='ocrx_word' id='word_1_32' title='bbox 92 766 169 809; x_wconf 88' lang='lat' dir='ltr'>rum</span> <span class='ocrx_word' id='word_1_33' title='bbox 186 744 361 821; x_wconf 84' lang='lat' dir='ltr'>laetorum,</span> <span class='ocrx_word' id='word_1_34' title='bbox 378 760 463 815; x_wconf 87' lang='lat' dir='ltr'>sarta</span> <span class='ocrx_word' id='word_1_35' title='bbox 489 759 571 815; x_wconf 86' lang='lat' dir='ltr'>tecta</span> <span class='ocrx_word' id='word_1_36' title='bbox 593 770 697 834; x_wconf 89' lang='lat' dir='ltr'>usqne</span> <span class='ocrx_word' id='word_1_37' title='bbox 720 752 758 815; x_wconf 91' lang='lat' dir='ltr'>ad</span> <span class='ocrx_word' id='word_1_38' title='bbox 776 773 835 817; x_wconf 91' lang='lat' dir='ltr'>uos</span> <span class='ocrx_word' id='word_1_39' title='bbox 849 758 1023 820; x_wconf 80' lang='lat' dir='ltr'>transmitti</span> <span class='ocrx_word' id='word_1_40' title='bbox 1047 769 1168 842; x_wconf 89' lang='lat' dir='ltr'>potest,</span> 
     </span>
     <span class='ocr_line' id='line_1_8' title="bbox 94 826 869 909; baseline 0.012 -20"><span class='ocrx_word' id='word_1_41' title='bbox 94 826 126 890; x_wconf 89' lang='lat' dir='ltr'>id</span> <span class='ocrx_word' id='word_1_42' title='bbox 152 828 271 909; x_wconf 91' lang='lat' dir='ltr'>potiori</span> <span class='ocrx_word' id='word_1_43' title='bbox 295 828 368 894; x_wconf 89' lang='lat' dir='ltr'>iure</span> <span class='ocrx_word' id='word_1_44' title='bbox 390 829 430 893; x_wconf 94' lang='lat' dir='ltr'>de</span> <span class='ocrx_word' id='word_1_45' title='bbox 452 830 588 896; x_wconf 86' lang='lat' dir='ltr'>historia</span> <span class='ocrx_word' id='word_1_46' title='bbox 613 832 787 899; x_wconf 89' lang='lat' dir='ltr'>tenendum</span> <span class='ocrx_word' id='word_1_47' title='bbox 809 847 869 900; x_wconf 88' lang='lat' dir='ltr'>est.</span> 
     </span>
    </p>

    <p class='ocr_par' dir='ltr' id='par_1_6' title="bbox 92 909 1174 1153">
     <span class='ocr_line' id='line_1_9' title="bbox 133 909 1170 1013; baseline 0.014 -43"><span class='ocrx_word' id='word_1_48' title='bbox 133 909 230 993; x_wconf 79' lang='lat' dir='ltr'>l&#39;rop.</span> <span class='ocrx_word' id='word_1_49' title='bbox 257 909 417 987; x_wconf 83' lang='lat' dir='ltr'>Historia,</span> <span class='ocrx_word' id='word_1_50' title='bbox 442 923 509 975; x_wconf 85' lang='lat' dir='ltr'>tam</span> <span class='ocrx_word' id='word_1_51' title='bbox 532 925 633 990; x_wconf 81' lang='lat' dir='ltr'>artae,</span> <span class='ocrx_word' id='word_1_52' title='bbox 648 925 714 977; x_wconf 85' lang='lat' dir='ltr'>tam</span> <span class='ocrx_word' id='word_1_53' title='bbox 736 935 854 992; x_wconf 82' lang='lat' dir='ltr'>recena,</span> <span class='ocrx_word' id='word_1_54' title='bbox 878 926 994 980; x_wconf 79' lang='lat' dir='ltr'>certain</span> <span class='ocrx_word' id='word_1_55' title='bbox 1015 922 1170 1013; x_wconf 80' lang='lat' dir='ltr'>praeteri·</span> 
     </span>
     <span class='ocr_line' id='line_1_10' title="bbox 92 989 1174 1078; baseline 0.014 -27"><span class='ocrx_word' id='word_1_56' title='bbox 92 1003 195 1052; x_wconf 69' lang='lat' dir='ltr'>tortam</span> <span class='ocrx_word' id='word_1_57' title='bbox 217 989 371 1072; x_wconf 69' lang='lat' dir='ltr'>factorum</span> <span class='ocrx_word' id='word_1_58' title='bbox 385 996 531 1058; x_wconf 83' lang='lat' dir='ltr'>notitiam</span> <span class='ocrx_word' id='word_1_59' title='bbox 554 994 644 1059; x_wconf 82' lang='lat' dir='ltr'>nobis</span> <span class='ocrx_word' id='word_1_60' title='bbox 660 996 798 1078; x_wconf 86' lang='lat' dir='ltr'>praebet,</span> <span class='ocrx_word' id='word_1_61' title='bbox 819 996 985 1061; x_wconf 84' lang='lat' dir='ltr'>dammodo</span> <span class='ocrx_word' id='word_1_62' title='bbox 1007 1020 1042 1061; x_wconf 81' lang='lat' dir='ltr'>aa</span> <span class='ocrx_word' id='word_1_63' title='bbox 1056 1022 1091 1063; x_wconf 86' lang='lat' dir='ltr'>ea</span> <span class='ocrx_word' id='word_1_64' title='bbox 1106 1004 1174 1065; x_wconf 88' lang='lat' dir='ltr'>ari·</span> 
     </span>
     <span class='ocr_line' id='line_1_11' title="bbox 94 1073 506 1153; baseline 0.012 -19"><span class='ocrx_word' id='word_1_65' title='bbox 94 1074 167 1135; x_wconf 83' lang='lat' dir='ltr'>tices</span> <span class='ocrx_word' id='word_1_66' title='bbox 188 1073 311 1153; x_wconf 76' lang='lat' dir='ltr'>reptilae</span> <span class='ocrx_word' id='word_1_67' title='bbox 334 1087 506 1139; x_wconf 78' lang='lat' dir='ltr'>seruentur.</span> 
     </span>
    </p>

    <p class='ocr_par' dir='ltr' id='par_1_7' title="bbox 89 1153 1175 1873">
     <span class='ocr_line' id='line_1_12' title="bbox 134 1153 1171 1239; baseline 0.011 -23"><span class='ocrx_word' id='word_1_68' title='bbox 134 1153 292 1218; x_wconf 82' lang='lat' dir='ltr'>Probatur</span> <span class='ocrx_word' id='word_1_69' title='bbox 315 1155 348 1220; x_wconf 80' lang='lat'>1⁸</span> <span class='ocrx_word' id='word_1_70' title='bbox 397 1178 461 1221; x_wconf 89' lang='lat' dir='ltr'>ars.</span> <span class='ocrx_word' id='word_1_71' title='bbox 491 1159 594 1223; x_wconf 87' lang='lat' dir='ltr'>Vetus</span> <span class='ocrx_word' id='word_1_72' title='bbox 621 1157 759 1224; x_wconf 87' lang='lat' dir='ltr'>historia</span> <span class='ocrx_word' id='word_1_73' title='bbox 786 1159 955 1225; x_wconf 84' lang='lat' dir='ltr'>civitatum</span> <span class='ocrx_word' id='word_1_74' title='bbox 984 1158 1171 1239; x_wconf 87' lang='lat' dir='ltr'>tabulariis,</span> 
     </span>
     <span class='ocr_line' id='line_1_13' title="bbox 91 1176 1173 1325; baseline 0.01 -26"><span class='ocrx_word' id='word_1_75' title='bbox 91 1234 293 1320; x_wconf 82' lang='lat' dir='ltr'>caeterisque</span> <span class='ocrx_word' id='word_1_76' title='bbox 316 1176 458 1322; x_wconf 72' lang='lat' dir='ltr'>publicis</span> <span class='ocrx_word' id='word_1_77' title='bbox 487 1239 594 1315; x_wconf 89' lang='lat' dir='ltr'>actis,</span> <span class='ocrx_word' id='word_1_78' title='bbox 618 1238 667 1305; x_wconf 85' lang='lat' dir='ltr'>vel</span> <span class='ocrx_word' id='word_1_79' title='bbox 692 1240 765 1304; x_wconf 88' lang='lat' dir='ltr'>aliis</span> <span class='ocrx_word' id='word_1_80' title='bbox 790 1239 821 1303; x_wconf 93' lang='lat' dir='ltr'>id</span> <span class='ocrx_word' id='word_1_81' title='bbox 851 1261 951 1325; x_wconf 80' lang='lat' dir='ltr'>genus</span> <span class='ocrx_word' id='word_1_82' title='bbox 974 1242 1173 1309; x_wconf 88' lang='lat' dir='ltr'>instrumen-</span> 
     </span>
     <span class='ocr_line' id='line_1_14' title="bbox 91 1318 1171 1405; baseline 0.009 -24"><span class='ocrx_word' id='word_1_83' title='bbox 91 1319 133 1381; x_wconf 85' lang='lat' dir='ltr'>tis</span> <span class='ocrx_word' id='word_1_84' title='bbox 148 1318 309 1383; x_wconf 89' lang='lat' dir='ltr'>innititnr.</span> <span class='ocrx_word' id='word_1_85' title='bbox 327 1322 417 1405; x_wconf 77' lang='lat' dir='ltr'>Ergo</span> <span class='ocrx_word' id='word_1_86' title='bbox 431 1342 502 1385; x_wconf 92' lang='lat' dir='ltr'>eam</span> <span class='ocrx_word' id='word_1_87' title='bbox 526 1319 639 1385; x_wconf 90' lang='lat' dir='ltr'>saltem</span> <span class='ocrx_word' id='word_1_88' title='bbox 663 1320 759 1386; x_wconf 90' lang='lat' dir='ltr'>iidem</span> <span class='ocrx_word' id='word_1_89' title='bbox 781 1333 939 1396; x_wconf 89' lang='lat' dir='ltr'>meretur,</span> <span class='ocrx_word' id='word_1_90' title='bbox 959 1342 1058 1405; x_wconf 89' lang='lat' dir='ltr'>quam</span> <span class='ocrx_word' id='word_1_91' title='bbox 1080 1322 1171 1391; x_wconf 88' lang='lat' dir='ltr'>hisce</span> 
     </span>
     <span class='ocr_line' id='line_1_15' title="bbox 89 1400 1169 1483; baseline 0.009 -22"><span class='ocrx_word' id='word_1_92' title='bbox 89 1400 314 1466; x_wconf 81' lang='lat' dir='ltr'>instrumentis</span> <span class='ocrx_word' id='word_1_93' title='bbox 337 1402 442 1468; x_wconf 87' lang='lat' dir='ltr'>inesse</span> <span class='ocrx_word' id='word_1_94' title='bbox 470 1400 787 1478; x_wconf 78' lang='lat' dir='ltr'>demonstravimus;</span> <span class='ocrx_word' id='word_1_95' title='bbox 810 1402 927 1479; x_wconf 89' lang='lat' dir='ltr'>immo,</span> <span class='ocrx_word' id='word_1_96' title='bbox 951 1405 983 1467; x_wconf 97' lang='lat' dir='ltr'>ni</span> <span class='ocrx_word' id='word_1_97' title='bbox 1008 1404 1169 1483; x_wconf 89' lang='lat' dir='ltr'>lallimur,</span> 
     </span>
     <span class='ocr_line' id='line_1_16' title="bbox 90 1482 1170 1570; baseline 0.01 -28"><span class='ocrx_word' id='word_1_98' title='bbox 90 1482 264 1554; x_wconf 87' lang='lat' dir='ltr'>maiorem,</span> <span class='ocrx_word' id='word_1_99' title='bbox 311 1504 386 1548; x_wconf 89' lang='lat' dir='ltr'>uam</span> <span class='ocrx_word' id='word_1_100' title='bbox 410 1486 443 1549; x_wconf 94' lang='lat' dir='ltr'>in</span> <span class='ocrx_word' id='word_1_101' title='bbox 468 1484 656 1558; x_wconf 79' lang='lat' dir='ltr'>traditione,</span> <span class='ocrx_word' id='word_1_102' title='bbox 680 1497 712 1549; x_wconf 91' lang='lat' dir='ltr'>et</span> <span class='ocrx_word' id='word_1_103' title='bbox 734 1486 969 1560; x_wconf 89' lang='lat' dir='ltr'>monumentis,</span> <span class='ocrx_word' id='word_1_104' title='bbox 995 1496 1170 1570; x_wconf 81' lang='lat' dir='ltr'>propterea</span> 
     </span>
     <span class='ocr_line' id='line_1_17' title="bbox 90 1504 1175 1661; baseline 0.009 -37"><span class='ocrx_word' id='word_1_105' title='bbox 90 1562 175 1658; x_wconf 87' lang='lat' dir='ltr'>quod</span> <span class='ocrx_word' id='word_1_106' title='bbox 201 1504 363 1629; x_wconf 77' lang='lat' dir='ltr'>difficilius</span> <span class='ocrx_word' id='word_1_107' title='bbox 390 1577 438 1631; x_wconf 90' lang='lat' dir='ltr'>est</span> <span class='ocrx_word' id='word_1_108' title='bbox 458 1587 669 1651; x_wconf 85' lang='lat' dir='ltr'>corrumpere</span> <span class='ocrx_word' id='word_1_109' title='bbox 698 1568 919 1660; x_wconf 77' lang='lat' dir='ltr'>scripturam,</span> <span class='ocrx_word' id='word_1_110' title='bbox 947 1586 1044 1661; x_wconf 81' lang='lat' dir='ltr'>quam</span> <span class='ocrx_word' id='word_1_111' title='bbox 1069 1568 1175 1635; x_wconf 89' lang='lat' dir='ltr'>tradi-</span> 
     </span>
     <span class='ocr_line' id='line_1_18' title="bbox 90 1645 1169 1733; baseline 0.006 -25"><span class='ocrx_word' id='word_1_112' title='bbox 90 1655 213 1709; x_wconf 76' lang='lat' dir='ltr'>tionem</span> <span class='ocrx_word' id='word_1_113' title='bbox 245 1645 478 1733; x_wconf 83' lang='lat' dir='ltr'>difficiliusque</span> <span class='ocrx_word' id='word_1_114' title='bbox 501 1658 551 1713; x_wconf 89' lang='lat' dir='ltr'>est</span> <span class='ocrx_word' id='word_1_115' title='bbox 571 1657 782 1713; x_wconf 90' lang='lat' dir='ltr'>monumenta</span> <span class='ocrx_word' id='word_1_116' title='bbox 816 1658 1047 1733; x_wconf 80' lang='lat' dir='ltr'>interpretari,</span> <span class='ocrx_word' id='word_1_117' title='bbox 1068 1668 1169 1732; x_wconf 92' lang='lat' dir='ltr'>quam</span> 
     </span>
     <span class='ocr_line' id='line_1_19' title="bbox 91 1726 507 1873; baseline 0.012 -86"><span class='ocrx_word' id='word_1_118' title='bbox 91 1726 286 1873; x_wconf 87' lang='lat' dir='ltr'>scripturam</span> <span class='ocrx_word' id='word_1_119' title='bbox 309 1729 507 1813; x_wconf 81' lang='lat' dir='ltr'>intelligere.</span> 
     </span>
    </p>
   </div>
   <div class='ocr_carea' id='block_1_6' title="bbox 130 1809 1173 1895">
    <p class='ocr_par' dir='ltr' id='par_1_8' title="bbox 130 1809 1173 1895">
     <span class='ocr_line' id='line_1_20' title="bbox 130 1809 1173 1895; baseline 0.001 -21"><span class='ocrx_word' id='word_1_120' title='bbox 130 1810 151 1874; x_wconf 84' lang='grc'>9</span> <span class='ocrx_word' id='word_1_121' title='bbox 174 1858 181 1871; x_wconf 93' lang='grc'><strong>.</strong></span> <span class='ocrx_word' id='word_1_122' title='bbox 207 1810 364 1875; x_wconf 80' lang='lat' dir='ltr'>Probatur</span> <span class='ocrx_word' id='word_1_123' title='bbox 385 1810 422 1874; x_wconf 76' lang='lat'>2·</span> <span class='ocrx_word' id='word_1_124' title='bbox 446 1830 531 1895; x_wconf 69' lang='lat' dir='ltr'>pars,</span> <span class='ocrx_word' id='word_1_125' title='bbox 556 1809 704 1895; x_wconf 85' lang='lat' dir='ltr'>Scriptor</span> <span class='ocrx_word' id='word_1_126' title='bbox 725 1809 881 1875; x_wconf 83' lang='lat' dir='ltr'>historiae</span> <span class='ocrx_word' id='word_1_127' title='bbox 902 1811 1058 1887; x_wconf 87' lang='lat' dir='ltr'>recentis,</span> <span class='ocrx_word' id='word_1_128' title='bbox 1081 1832 1173 1875; x_wconf 89' lang='lat' dir='ltr'>uem-</span> 
     </span>
    </p>
   </div>
   <div class='ocr_carea' id='block_1_7' title="bbox 90 1892 1171 1988">
    <p class='ocr_par' dir='ltr' id='par_1_9' title="bbox 90 1892 1171 1988">
     <span class='ocr_line' id='line_1_21' title="bbox 90 1892 1171 1988; baseline 0.005 -35"><span class='ocrx_word' id='word_1_129' title='bbox 90 1910 131 1971; x_wconf 89' lang='lat' dir='ltr'>pe</span> <span class='ocrx_word' id='word_1_130' title='bbox 155 1892 328 1988; x_wconf 70' lang='lat' dir='ltr'>lectorum,</span> <span class='ocrx_word' id='word_1_131' title='bbox 342 1913 427 1976; x_wconf 92' lang='lat' dir='ltr'>quae</span> <span class='ocrx_word' id='word_1_132' title='bbox 450 1912 508 1957; x_wconf 90' lang='lat' dir='ltr'>sua</span> <span class='ocrx_word' id='word_1_133' title='bbox 531 1902 637 1955; x_wconf 88' lang='lat' dir='ltr'>aetate</span> <span class='ocrx_word' id='word_1_134' title='bbox 658 1903 849 1967; x_wconf 82' lang='lat' dir='ltr'>evenerunt,</span> <span class='ocrx_word' id='word_1_135' title='bbox 871 1910 909 1954; x_wconf 89' lang='lat' dir='ltr'>ca</span> <span class='ocrx_word' id='word_1_136' title='bbox 932 1901 1059 1967; x_wconf 87' lang='lat' dir='ltr'>narrat,</span> <span class='ocrx_word' id='word_1_137' title='bbox 1081 1911 1171 1976; x_wconf 89' lang='lat' dir='ltr'>quae</span> 
     </span>
    </p>
   </div>
   <div class='ocr_carea' id='block_1_8' title="bbox 87 1970 1174 3508">
    <p class='ocr_par' dir='ltr' id='par_1_10' title="bbox 88 1970 1174 2857">
     <span class='ocr_line' id='line_1_22' title="bbox 90 1970 1172 2057; baseline 0.004 -22"><span class='ocrx_word' id='word_1_138' title='bbox 90 1973 328 2057; x_wconf 79' lang='lat' dir='ltr'>quamplurimi</span> <span class='ocrx_word' id='word_1_139' title='bbox 352 1975 403 2039; x_wconf 85' lang='lat' dir='ltr'>vel</span> <span class='ocrx_word' id='word_1_140' title='bbox 426 1973 531 2040; x_wconf 90' lang='lat' dir='ltr'>oculis</span> <span class='ocrx_word' id='word_1_141' title='bbox 558 1973 628 2037; x_wconf 87' lang='lat' dir='ltr'>suis</span> <span class='ocrx_word' id='word_1_142' title='bbox 654 1973 855 2047; x_wconf 86' lang='lat' dir='ltr'>hauserunt,</span> <span class='ocrx_word' id='word_1_143' title='bbox 880 1970 928 2036; x_wconf 83' lang='lat' dir='ltr'>rel</span> <span class='ocrx_word' id='word_1_144' title='bbox 951 1970 994 2035; x_wconf 89' lang='lat' dir='ltr'>ab</span> <span class='ocrx_word' id='word_1_145' title='bbox 1015 1972 1087 2037; x_wconf 91' lang='lat' dir='ltr'>aliis</span> <span class='ocrx_word' id='word_1_146' title='bbox 1110 1996 1172 2039; x_wconf 83' lang='lat' dir='ltr'>ex-</span> 
     </span>
     <span class='ocr_line' id='line_1_23' title="bbox 90 2053 1169 2141; baseline 0.006 -26"><span class='ocrx_word' id='word_1_147' title='bbox 90 2067 268 2138; x_wconf 87' lang='lat' dir='ltr'>ceperunt,</span> <span class='ocrx_word' id='word_1_148' title='bbox 290 2075 440 2141; x_wconf 90' lang='lat' dir='ltr'>quaeque</span> <span class='ocrx_word' id='word_1_149' title='bbox 466 2056 590 2122; x_wconf 91' lang='lat' dir='ltr'>idcirco</span> <span class='ocrx_word' id='word_1_150' title='bbox 624 2053 786 2139; x_wconf 90' lang='lat' dir='ltr'>plurimos</span> <span class='ocrx_word' id='word_1_151' title='bbox 812 2064 907 2121; x_wconf 89' lang='lat' dir='ltr'>testes</span> <span class='ocrx_word' id='word_1_152' title='bbox 932 2054 1169 2133; x_wconf 78' lang='lat' dir='ltr'>emaculatus,</span> 
     </span>
     <span class='ocr_line' id='line_1_24' title="bbox 92 2135 1173 2233; baseline 0.007 -37"><span class='ocrx_word' id='word_1_153' title='bbox 92 2147 149 2200; x_wconf 90' lang='lat' dir='ltr'>aut</span> <span class='ocrx_word' id='word_1_154' title='bbox 172 2139 298 2203; x_wconf 90' lang='lat' dir='ltr'>auritos</span> <span class='ocrx_word' id='word_1_155' title='bbox 319 2136 458 2215; x_wconf 79' lang='lat' dir='ltr'>liabent3</span> <span class='ocrx_word' id='word_1_156' title='bbox 487 2146 689 2233; x_wconf 90' lang='lat' dir='ltr'>quapropter</span> <span class='ocrx_word' id='word_1_157' title='bbox 714 2136 822 2220; x_wconf 92' lang='lat' dir='ltr'>ipsum</span> <span class='ocrx_word' id='word_1_158' title='bbox 852 2135 1173 2232; x_wconf 72' lang='lat' dir='ltr'>mendaccmsuspi·</span> 
     </span>
     <span class='ocr_line' id='line_1_25' title="bbox 92 2219 1174 2315; baseline 0.006 -37"><span class='ocrx_word' id='word_1_159' title='bbox 92 2219 174 2281; x_wconf 90' lang='lat' dir='ltr'>cari</span> <span class='ocrx_word' id='word_1_160' title='bbox 199 2238 261 2283; x_wconf 92' lang='lat' dir='ltr'>non</span> <span class='ocrx_word' id='word_1_161' title='bbox 284 2236 475 2315; x_wconf 89' lang='lat' dir='ltr'>possumus,</span> <span class='ocrx_word' id='word_1_162' title='bbox 498 2219 561 2282; x_wconf 83' lang='lat' dir='ltr'>nisi</span> <span class='ocrx_word' id='word_1_163' title='bbox 590 2235 757 2283; x_wconf 89' lang='lat' dir='ltr'>sumamus</span> <span class='ocrx_word' id='word_1_164' title='bbox 782 2228 839 2283; x_wconf 89' lang='lat' dir='ltr'>aut</span> <span class='ocrx_word' id='word_1_165' title='bbox 863 2237 938 2282; x_wconf 89' lang='lat' dir='ltr'>enm</span> <span class='ocrx_word' id='word_1_166' title='bbox 961 2228 1090 2283; x_wconf 72' lang='lat' dir='ltr'>mentun</span> <span class='ocrx_word' id='word_1_167' title='bbox 1117 2242 1174 2285; x_wconf 88' lang='lat' dir='ltr'>ro-</span> 
     </span>
     <span class='ocr_line' id='line_1_26' title="bbox 90 2294 1172 2384; baseline 0.007 -27"><span class='ocrx_word' id='word_1_168' title='bbox 90 2294 193 2363; x_wconf 88' lang='lat' dir='ltr'>luisse</span> <span class='ocrx_word' id='word_1_169' title='bbox 217 2300 265 2364; x_wconf 91' lang='lat' dir='ltr'>his</span> <span class='ocrx_word' id='word_1_170' title='bbox 288 2321 322 2364; x_wconf 86' lang='lat' dir='ltr'>rn</span> <span class='ocrx_word' id='word_1_171' title='bbox 345 2298 455 2377; x_wconf 88' lang='lat' dir='ltr'>rebus,</span> <span class='ocrx_word' id='word_1_172' title='bbox 471 2302 504 2364; x_wconf 90' lang='lat' dir='ltr'>in</span> <span class='ocrx_word' id='word_1_173' title='bbox 528 2297 650 2384; x_wconf 90' lang='lat' dir='ltr'>quibus</span> <span class='ocrx_word' id='word_1_174' title='bbox 671 2296 823 2384; x_wconf 86' lang='lat' dir='ltr'>aequales</span> <span class='ocrx_word' id='word_1_175' title='bbox 845 2318 919 2363; x_wconf 83' lang='lat' dir='ltr'>curn</span> <span class='ocrx_word' id='word_1_176' title='bbox 943 2298 1104 2365; x_wconf 91' lang='lat' dir='ltr'>mendacii</span> <span class='ocrx_word' id='word_1_177' title='bbox 1122 2300 1172 2366; x_wconf 84' lang='lat' dir='ltr'>la-</span> 
     </span>
     <span class='ocr_line' id='line_1_27' title="bbox 89 2378 1171 2468; baseline 0.007 -27"><span class='ocrx_word' id='word_1_178' title='bbox 89 2379 212 2444; x_wconf 86' lang='lat' dir='ltr'>cillime</span> <span class='ocrx_word' id='word_1_179' title='bbox 235 2380 435 2468; x_wconf 79' lang='lat' dir='ltr'>redarguere</span> <span class='ocrx_word' id='word_1_180' title='bbox 460 2390 618 2466; x_wconf 86' lang='lat' dir='ltr'>poterant,</span> <span class='ocrx_word' id='word_1_181' title='bbox 634 2392 693 2445; x_wconf 89' lang='lat' dir='ltr'>aut</span> <span class='ocrx_word' id='word_1_182' title='bbox 714 2379 867 2464; x_wconf 87' lang='lat' dir='ltr'>aequales</span> <span class='ocrx_word' id='word_1_183' title='bbox 891 2378 1055 2445; x_wconf 87' lang='lat' dir='ltr'>mendacia</span> <span class='ocrx_word' id='word_1_184' title='bbox 1079 2381 1171 2449; x_wconf 92' lang='lat' dir='ltr'>illius</span> 
     </span>
     <span class='ocr_line' id='line_1_28' title="bbox 90 2460 1170 2549; baseline 0.006 -25"><span class='ocrx_word' id='word_1_185' title='bbox 90 2463 282 2547; x_wconf 81' lang='lat' dir='ltr'>excepisse,</span> <span class='ocrx_word' id='word_1_186' title='bbox 308 2464 390 2549; x_wconf 94' lang='lat' dir='ltr'>quin</span> <span class='ocrx_word' id='word_1_187' title='bbox 420 2486 459 2528; x_wconf 90' lang='lat' dir='ltr'>ne</span> <span class='ocrx_word' id='word_1_188' title='bbox 488 2482 575 2527; x_wconf 88' lang='lat' dir='ltr'>unus</span> <span class='ocrx_word' id='word_1_189' title='bbox 601 2461 735 2547; x_wconf 90' lang='lat' dir='ltr'>quidem</span> <span class='ocrx_word' id='word_1_190' title='bbox 763 2475 874 2529; x_wconf 91' lang='lat' dir='ltr'>contra</span> <span class='ocrx_word' id='word_1_191' title='bbox 902 2481 941 2526; x_wconf 87' lang='lat' dir='ltr'>ea</span> <span class='ocrx_word' id='word_1_192' title='bbox 964 2460 1170 2541; x_wconf 87' lang='lat' dir='ltr'>reclamarat;</span> 
     </span>
     <span class='ocr_line' id='line_1_29' title="bbox 89 2541 1172 2627; baseline 0.007 -22"><span class='ocrx_word' id='word_1_193' title='bbox 89 2553 185 2627; x_wconf 87' lang='lat' dir='ltr'>atque</span> <span class='ocrx_word' id='word_1_194' title='bbox 202 2544 277 2611; x_wconf 88' lang='lat' dir='ltr'>ideo</span> <span class='ocrx_word' id='word_1_195' title='bbox 292 2568 358 2611; x_wconf 94' lang='lat' dir='ltr'>una</span> <span class='ocrx_word' id='word_1_196' title='bbox 374 2565 451 2609; x_wconf 89' lang='lat' dir='ltr'>cum</span> <span class='ocrx_word' id='word_1_197' title='bbox 467 2544 624 2610; x_wconf 87' lang='lat' dir='ltr'>historico</span> <span class='ocrx_word' id='word_1_198' title='bbox 648 2552 748 2608; x_wconf 87' lang='lat' dir='ltr'>totam</span> <span class='ocrx_word' id='word_1_199' title='bbox 764 2563 858 2609; x_wconf 91' lang='lat' dir='ltr'>suam</span> <span class='ocrx_word' id='word_1_200' title='bbox 873 2553 1008 2609; x_wconf 88' lang='lat' dir='ltr'>aetatem</span> <span class='ocrx_word' id='word_1_201' title='bbox 1025 2541 1065 2606; x_wconf 89' lang='lat' dir='ltr'>ad</span> <span class='ocrx_word' id='word_1_202' title='bbox 1080 2544 1172 2613; x_wconf 86' lang='lat' dir='ltr'>irau-</span> 
     </span>
     <span class='ocr_line' id='line_1_30' title="bbox 89 2621 1168 2712; baseline 0.006 -26"><span class='ocrx_word' id='word_1_203' title='bbox 89 2621 164 2689; x_wconf 88' lang='lat' dir='ltr'>dem</span> <span class='ocrx_word' id='word_1_204' title='bbox 196 2624 458 2712; x_wconf 87' lang='lat' dir='ltr'>perpetuandam</span> <span class='ocrx_word' id='word_1_205' title='bbox 491 2626 706 2709; x_wconf 87' lang='lat' dir='ltr'>conspirasse.</span> <span class='ocrx_word' id='word_1_206' title='bbox 735 2624 837 2709; x_wconf 79' lang='lat' dir='ltr'>Atqui</span> <span class='ocrx_word' id='word_1_207' title='bbox 864 2634 1017 2691; x_wconf 90' lang='lat' dir='ltr'>neutrum</span> <span class='ocrx_word' id='word_1_208' title='bbox 1039 2623 1168 2703; x_wconf 91' lang='lat' dir='ltr'>horum,</span> 
     </span>
     <span class='ocr_line' id='line_1_31' title="bbox 88 2705 1171 2793; baseline 0.006 -24"><span class='ocrx_word' id='word_1_209' title='bbox 88 2708 367 2788; x_wconf 84' lang='lat' dir='ltr'>quemadmodum</span> <span class='ocrx_word' id='word_1_210' title='bbox 383 2730 425 2773; x_wconf 79' lang='lat' dir='ltr'>ex</span> <span class='ocrx_word' id='word_1_211' title='bbox 441 2709 507 2771; x_wconf 90' lang='lat' dir='ltr'>iam</span> <span class='ocrx_word' id='word_1_212' title='bbox 531 2706 628 2773; x_wconf 90' lang='lat' dir='ltr'>dictis</span> <span class='ocrx_word' id='word_1_213' title='bbox 650 2714 749 2790; x_wconf 90' lang='lat' dir='ltr'>patet,</span> <span class='ocrx_word' id='word_1_214' title='bbox 765 2707 851 2771; x_wconf 88' lang='lat' dir='ltr'>sumi</span> <span class='ocrx_word' id='word_1_215' title='bbox 875 2717 993 2791; x_wconf 89' lang='lat' dir='ltr'>potest.</span> <span class='ocrx_word' id='word_1_216' title='bbox 1016 2705 1105 2793; x_wconf 79' lang='lat' dir='ltr'>Ergo</span> <span class='ocrx_word' id='word_1_217' title='bbox 1120 2709 1171 2775; x_wconf 89' lang='lat' dir='ltr'>hi·</span> 
     </span>
     <span class='ocr_line' id='line_1_32' title="bbox 89 2786 795 2857; baseline 0.001 -7"><span class='ocrx_word' id='word_1_218' title='bbox 89 2789 193 2853; x_wconf 90' lang='lat' dir='ltr'>storia</span> <span class='ocrx_word' id='word_1_219' title='bbox 216 2811 328 2857; x_wconf 87' lang='lat' dir='ltr'>recens</span> <span class='ocrx_word' id='word_1_220' title='bbox 350 2800 494 2855; x_wconf 85' lang='lat' dir='ltr'>nostram</span> <span class='ocrx_word' id='word_1_221' title='bbox 517 2797 664 2854; x_wconf 89' lang='lat' dir='ltr'>meretur</span> <span class='ocrx_word' id='word_1_222' title='bbox 686 2786 795 2851; x_wconf 85' lang='lat' dir='ltr'>iidem.</span> 
     </span>
    </p>

    <p class='ocr_par' dir='ltr' id='par_1_11' title="bbox 87 2868 1172 3508">
     <span class='ocr_line' id='line_1_33' title="bbox 129 2868 1172 2955; baseline 0.003 -20"><span class='ocrx_word' id='word_1_223' title='bbox 129 2869 180 2935; x_wconf 72' lang='lat'>92.</span> <span class='ocrx_word' id='word_1_224' title='bbox 204 2873 255 2935; x_wconf 82' lang='lat' dir='ltr'>Ex</span> <span class='ocrx_word' id='word_1_225' title='bbox 277 2872 327 2936; x_wconf 90' lang='lat' dir='ltr'>his</span> <span class='ocrx_word' id='word_1_226' title='bbox 356 2872 557 2955; x_wconf 89' lang='lat' dir='ltr'>perspicitur</span> <span class='ocrx_word' id='word_1_227' title='bbox 582 2870 803 2936; x_wconf 87' lang='lat' dir='ltr'>narrationem</span> <span class='ocrx_word' id='word_1_228' title='bbox 832 2868 932 2935; x_wconf 90' lang='lat' dir='ltr'>unius</span> <span class='ocrx_word' id='word_1_229' title='bbox 952 2869 1100 2935; x_wconf 91' lang='lat' dir='ltr'>historici</span> <span class='ocrx_word' id='word_1_230' title='bbox 1124 2883 1172 2938; x_wconf 91' lang='lat' dir='ltr'>te-</span> 
     </span>
     <span class='ocr_line' id='line_1_34' title="bbox 89 2950 1171 3038; baseline 0.004 -24"><span class='ocrx_word' id='word_1_231' title='bbox 89 2950 254 3017; x_wconf 89' lang='lat' dir='ltr'>stimoniis</span> <span class='ocrx_word' id='word_1_232' title='bbox 276 2953 454 3019; x_wconf 92' lang='lat' dir='ltr'>multorum</span> <span class='ocrx_word' id='word_1_233' title='bbox 484 2950 703 3038; x_wconf 84' lang='lat' dir='ltr'>aequivalere.</span> <span class='ocrx_word' id='word_1_234' title='bbox 728 2950 767 3015; x_wconf 84' lang='lat' dir='ltr'>E.</span> <span class='ocrx_word' id='word_1_235' title='bbox 794 2971 850 3035; x_wconf 79' lang='lat' dir='ltr'>g.,</span> <span class='ocrx_word' id='word_1_236' title='bbox 874 2970 950 3015; x_wconf 89' lang='lat' dir='ltr'>cum</span> <span class='ocrx_word' id='word_1_237' title='bbox 972 2950 1067 3015; x_wconf 90' lang='lat' dir='ltr'>losue</span> <span class='ocrx_word' id='word_1_238' title='bbox 1089 2955 1171 3019; x_wconf 90' lang='lat' dir='ltr'>scri-</span> 
     </span>
     <span class='ocr_line' id='line_1_35' title="bbox 87 3030 1171 3121; baseline 0.004 -25"><span class='ocrx_word' id='word_1_239' title='bbox 87 3030 216 3111; x_wconf 83' lang='lat' dir='ltr'>bitae,</span> <span class='ocrx_word' id='word_1_240' title='bbox 239 3054 396 3121; x_wconf 88' lang='lat' dir='ltr'>suamque</span> <span class='ocrx_word' id='word_1_241' title='bbox 419 3041 547 3120; x_wconf 78' lang='lat' dir='ltr'>gentem</span> <span class='ocrx_word' id='word_1_242' title='bbox 575 3032 696 3099; x_wconf 85' lang='lat' dir='ltr'>vidisse</span> <span class='ocrx_word' id='word_1_243' title='bbox 719 3031 821 3097; x_wconf 87' lang='lat' dir='ltr'>solem</span> <span class='ocrx_word' id='word_1_244' title='bbox 844 3034 877 3098; x_wconf 94' lang='lat' dir='ltr'>in</span> <span class='ocrx_word' id='word_1_245' title='bbox 900 3031 1019 3099; x_wconf 89' lang='lat' dir='ltr'>diurna</span> <span class='ocrx_word' id='word_1_246' title='bbox 1041 3034 1171 3100; x_wconf 87' lang='lat' dir='ltr'>revolu-</span> 
     </span>
     <span class='ocr_line' id='line_1_36' title="bbox 88 3113 1169 3210; baseline 0.003 -32"><span class='ocrx_word' id='word_1_247' title='bbox 88 3114 178 3180; x_wconf 86' lang='lat' dir='ltr'>tione</span> <span class='ocrx_word' id='word_1_248' title='bbox 200 3124 337 3182; x_wconf 89' lang='lat' dir='ltr'>stantem</span> <span class='ocrx_word' id='word_1_249' title='bbox 361 3115 465 3181; x_wconf 89' lang='lat' dir='ltr'>lerme</span> <span class='ocrx_word' id='word_1_250' title='bbox 487 3135 548 3201; x_wconf 90' lang='lat' dir='ltr'>per</span> <span class='ocrx_word' id='word_1_251' title='bbox 570 3115 735 3201; x_wconf 79' lang='lat' dir='ltr'>integrum</span> <span class='ocrx_word' id='word_1_252' title='bbox 756 3113 867 3191; x_wconf 89' lang='lat' dir='ltr'>diem,</span> <span class='ocrx_word' id='word_1_253' title='bbox 892 3125 988 3199; x_wconf 90' lang='lat' dir='ltr'>atque</span> <span class='ocrx_word' id='word_1_254' title='bbox 1009 3118 1169 3210; x_wconf 84' lang='lat' dir='ltr'>universa</span> 
     </span>
     <span class='ocr_line' id='line_1_37' title="bbox 94 3194 1167 3273; baseline 0.003 -15"><span class='ocrx_word' id='word_1_255' title='bbox 94 3198 183 3263; x_wconf 91' lang='lat' dir='ltr'>natio</span> <span class='ocrx_word' id='word_1_256' title='bbox 205 3198 431 3264; x_wconf 86' lang='lat' dir='ltr'>Hebraeorum</span> <span class='ocrx_word' id='word_1_257' title='bbox 448 3218 510 3262; x_wconf 93' lang='lat' dir='ltr'>non</span> <span class='ocrx_word' id='word_1_258' title='bbox 525 3198 634 3264; x_wconf 90' lang='lat' dir='ltr'>solum</span> <span class='ocrx_word' id='word_1_259' title='bbox 657 3198 717 3263; x_wconf 86' lang='lat' dir='ltr'>hoa</span> <span class='ocrx_word' id='word_1_260' title='bbox 739 3194 861 3262; x_wconf 88' lang='lat' dir='ltr'>lactum</span> <span class='ocrx_word' id='word_1_261' title='bbox 885 3216 947 3262; x_wconf 94' lang='lat' dir='ltr'>non</span> <span class='ocrx_word' id='word_1_262' title='bbox 970 3199 1094 3273; x_wconf 80' lang='lat' dir='ltr'>reiicit,</span> <span class='ocrx_word' id='word_1_263' title='bbox 1110 3196 1167 3263; x_wconf 90' lang='lat' dir='ltr'>sed</span> 
     </span>
     <span class='ocr_line' id='line_1_38' title="bbox 90 3276 1170 3376; baseline 0.002 -35"><span class='ocrx_word' id='word_1_264' title='bbox 90 3288 257 3363; x_wconf 88' lang='lat' dir='ltr'>tamquam</span> <span class='ocrx_word' id='word_1_265' title='bbox 272 3301 386 3345; x_wconf 74' lang='lat' dir='ltr'>rerum</span> <span class='ocrx_word' id='word_1_266' title='bbox 401 3288 519 3356; x_wconf 87' lang='lat' dir='ltr'>servat,</span> <span class='ocrx_word' id='word_1_267' title='bbox 533 3280 737 3365; x_wconf 88' lang='lat' dir='ltr'>posterisque</span> <span class='ocrx_word' id='word_1_268' title='bbox 751 3276 893 3355; x_wconf 85' lang='lat' dir='ltr'>mandai;</span> <span class='ocrx_word' id='word_1_269' title='bbox 907 3276 1056 3365; x_wconf 87' lang='lat' dir='ltr'>prolecto</span> <span class='ocrx_word' id='word_1_270' title='bbox 1069 3278 1170 3376; x_wconf 66' lang='lat' dir='ltr'>lruius</span> 
     </span>
     <span class='ocr_line' id='line_1_39' title="bbox 90 3358 1167 3438; baseline 0.004 -17"><span class='ocrx_word' id='word_1_271' title='bbox 90 3372 225 3426; x_wconf 85' lang='lat' dir='ltr'>eventus</span> <span class='ocrx_word' id='word_1_272' title='bbox 247 3362 365 3426; x_wconf 85' lang='lat' dir='ltr'>veritas</span> <span class='ocrx_word' id='word_1_273' title='bbox 396 3362 583 3427; x_wconf 90' lang='lat' dir='ltr'>testimonio</span> <span class='ocrx_word' id='word_1_274' title='bbox 609 3382 673 3425; x_wconf 94' lang='lat' dir='ltr'>non</span> <span class='ocrx_word' id='word_1_275' title='bbox 696 3360 795 3427; x_wconf 88' lang='lat' dir='ltr'>unius</span> <span class='ocrx_word' id='word_1_276' title='bbox 817 3360 929 3438; x_wconf 89' lang='lat' dir='ltr'>losue,</span> <span class='ocrx_word' id='word_1_277' title='bbox 953 3358 1008 3424; x_wconf 88' lang='lat' dir='ltr'>sed</span> <span class='ocrx_word' id='word_1_278' title='bbox 1032 3381 1167 3427; x_wconf 80' lang='lat' dir='ltr'>univer-</span> 
     </span>
     <span class='ocr_line' id='line_1_40' title="bbox 91 3442 506 3508; baseline 0.014 -7"><span class='ocrx_word' id='word_1_279' title='bbox 91 3460 145 3504; x_wconf 87' lang='lat' dir='ltr'>sae</span> <span class='ocrx_word' id='word_1_280' title='bbox 167 3443 306 3508; x_wconf 90' lang='lat' dir='ltr'>nationis</span> <span class='ocrx_word' id='word_1_281' title='bbox 329 3442 467 3508; x_wconf 79' lang='lat' dir='ltr'>fulcitur</span> <span class='ocrx_word' id='word_1_282' title='bbox 481 3443 506 3507; x_wconf 85' lang='lat'>¹.</span> 
     </span>
    </p>
   </div>
   <div class='ocr_carea' id='block_1_9' title="bbox 458 3576 785 3593">
    <p class='ocr_par' dir='ltr' id='par_1_12' title="bbox 458 3576 785 3593">
     <span class='ocr_line' id='line_1_41' title="bbox 458 3576 785 3593; baseline 0.009 -6"><span class='ocrx_word' id='word_1_283' title='bbox 458 3576 785 3593; x_wconf 51' lang='grc' dir='ltr'><strong><em>Μ</em></strong></span> 
     </span>
    </p>
   </div>
   <div class='ocr_carea' id='block_1_10' title="bbox 129 3639 1168 3715">
    <p class='ocr_par' dir='ltr' id='par_1_13' title="bbox 129 3639 1168 3715">
     <span class='ocr_line' id='line_1_42' title="bbox 129 3639 1168 3715; baseline 0.004 -19"><span class='ocrx_word' id='word_1_284' title='bbox 129 3644 140 3685; x_wconf 84' lang='lat'>¹</span> <span class='ocrx_word' id='word_1_285' title='bbox 161 3643 232 3697; x_wconf 84' lang='lat' dir='ltr'>idom</span> <span class='ocrx_word' id='word_1_286' title='bbox 252 3645 353 3696; x_wconf 79' lang='lat' dir='ltr'>dictum</span> <span class='ocrx_word' id='word_1_287' title='bbox 381 3645 445 3711; x_wconf 78' lang='lat' dir='ltr'>puta</span> <span class='ocrx_word' id='word_1_288' title='bbox 476 3642 508 3694; x_wconf 83' lang='lat' dir='ltr'>de</span> <span class='ocrx_word' id='word_1_289' title='bbox 534 3642 693 3697; x_wconf 81' lang='lat' dir='ltr'>testimoniis</span> <span class='ocrx_word' id='word_1_290' title='bbox 722 3639 839 3713; x_wconf 71' lang='lat' dir='ltr'>Moysis,</span> <span class='ocrx_word' id='word_1_291' title='bbox 859 3648 940 3713; x_wconf 84' lang='lat' dir='ltr'>atque</span> <span class='ocrx_word' id='word_1_292' title='bbox 964 3640 1168 3715; x_wconf 79' lang='lat' dir='ltr'>Apostolorum,</span> 
     </span>
    </p>
   </div>
   <div class='ocr_carea' id='block_1_11' title="bbox 0 0 1242 3909">
    <p class='ocr_par' dir='ltr' id='par_1_14' title="bbox 0 0 1242 3909">
     <span class='ocr_line' id='line_1_43' title="bbox 0 0 1242 3909; baseline 0 1"><span class='ocrx_word' id='word_1_293' title='bbox 0 0 1242 3909; x_wconf 95' lang='lat' dir='ltr'> </span> 
     </span>
    </p>
   </div>
  </div>
 </body>
</html>
