2475 3909
110 224 151 291 ia
510 241 693 289 onrococia

68 325 143 401 mit,
166 323 234 389 sive
253 322 324 389 eius
344 324 451 389 unitas
473 323 682 390 indivisibilis
703 322 738 389 iu
760 321 865 407 plura,
880 331 914 389 et
933 343 951 387 a
973 343 1130 410 quocum·

68 426 132 501 que
155 406 219 470 alio
244 404 348 470 divisa
375 406 492 471 oritur.
515 404 636 471 Eadem
662 404 809 492 quaestio
831 405 892 470 huc
918 405 1026 483 redit;
1048 405 1130 491 quid

68 497 131 563 sit,
152 507 218 573 quo
239 486 437 554 substantiae
466 490 550 554 intra
572 486 720 553 eamdem
740 489 884 572 speciem
905 491 972 552 solo
993 509 1131 553 numero

69 568 240 643 dilierant,
267 581 301 634 et
326 568 604 656 multiplicentur;
632 590 705 633 uam
732 569 985 667 unumquodque
1013 567 1132 636 indivi-

70 650 169 715 duum
190 672 209 715 a
230 671 436 746 quocumque
464 652 529 717 alio
554 651 702 717 eiusdem
728 651 848 736 speciei
873 649 1014 717 divisum
1037 652 1134 719 intel-

71 732 132 818 ligi
155 742 278 816 nequit,
302 736 380 818 quin
404 732 647 799 individuorum
669 732 893 817 muliplicatio,
914 753 997 818 quae
1020 754 1135 799 nume·

73 816 143 880 rica
164 812 298 891 dicitur,
323 814 532 901 intelligatur,
555 838 593 881 ac
614 814 749 901 proinde
771 835 809 879 eo
832 817 915 900 ipso,
936 815 1021 901 quod
1044 817 1134 900 prin-

74 894 201 981 cipium
221 896 491 965 individuationis
513 899 702 985 exponitur,
724 898 924 984 principium
945 896 1068 984 patefit,
1091 920 1134 965 ex

54 998 139 1064 ‚quo
162 977 390 1063 multiplicatio
411 982 577 1046 numerica
599 981 721 1045 existit.

114 1058 182 1125 129.
207 1059 304 1125 Hisce
327 1063 553 1147 praemonitis,
574 1082 632 1127 nos
653 1083 678 1126 s.
702 1059 841 1125 Thomae
868 1060 1035 1128 doctrinae
1051 1062 1062 1100 ¹
1078 1062 1136 1127 ad·

77 1144 254 1217 haerentes,
277 1144 358 1208 lianc
379 1145 639 1229 Propositionem
661 1142 882 1209 ostendimus:

114 1225 156 1289 ln
176 1223 359 1318 substonliis
374 1227 588 1292 materialibus
603 1225 803 1310 principium
818 1224 1077 1289 individentionis
1091 1237 1136 1291 est

76 1316 217 1382 materno,
239 1308 363 1390 siponto
383 1310 567 1396 quontitate.

116 1386 274 1452 Probatur
296 1388 330 1455 1²
352 1413 437 1477 pars.
467 1392 536 1457 Etsi
565 1388 762 1477 principium
788 1386 1057 1453 individuationis
1082 1410 1139 1457 ne·

75 1481 173 1555 queat
193 1490 263 1535 esse
290 1472 435 1557 aliquid,
458 1472 545 1558 quod
568 1471 608 1536 ad
630 1471 801 1537 essentiam
827 1470 874 1533 rei
897 1479 1035 1554 spectat,
1057 1473 1139 1556 quia

78 1551 296 1619 individuatio
318 1575 380 1619 non
403 1557 542 1639 pertinet
556 1553 596 1622 ad
617 1553 788 1619 essentiam
809 1572 921 1616 rerum
941 1566 1137 1631 creatarum,

79 1646 186 1701 tamen
207 1654 276 1699 esse
298 1632 392 1702 debet
413 1636 535 1722 aliquid
551 1633 837 1712 substantiale,seu
858 1632 944 1731 qnod
967 1633 1007 1699 ad
1030 1636 1139 1720 ipsum

78 1737 140 1781 esse
161 1716 358 1783 substantiae
391 1719 553 1795 refertur3
581 1738 657 1782 nam
684 1714 901 1781 individuatro
927 1716 1138 1795 substantiae,

81 1820 155 1863 cum
178 1801 335 1885 pertineat
349 1799 390 1865 ad
402 1800 703 1887 praedicamentum
725 1796 935 1876 substantiae,
950 1798 991 1863 ad
1012 1798 1139 1885 aliquid

80 1879 300 1959 substantiale,
324 1891 487 1980 tamquam
508 1882 549 1947 ad
571 1883 623 1946 sui
638 1880 791 1958 radicem,
806 1880 918 1946 reduci
933 1881 1029 1947 debet
1042 1881 1067 1945 ².
1084 1886 1143 1949 nt-

81 1965 138 2048 qui
160 1984 224 2028 esse
245 1962 440 2032 substantiae
461 1965 648 2040 materialis,
665 1972 701 2028 ut
722 1982 780 2032 suo
802 1961 873 2027 loco
888 1962 1139 2047 explicabimus,

81 2067 122 2111 ex
144 2047 288 2121 materia,
311 2056 343 2111 et
364 2046 470 2112 lorma
491 2047 711 2114 constituitur.
726 2046 814 2129 Ergo
835 2046 1035 2191 principium
1059 2046 1143 2111 indi-

84 2126 281 2193 viduationis
295 2148 336 2192 ex
351 2129 503 2195 alterutra
519 2128 703 2194 necessario
725 2148 837 2192 sumen
860 2150 916 2193 um
938 2141 987 2197 est
1001 2129 1024 2190 ⁸.
1040 2132 1145 2215 Atqui

83 2208 189 2275 lorma
216 2220 379 2295 tamquam
412 2210 595 2277 huiusmodi
651 2210 830 2294 rincipium
861 2209 990 2278 admitti
1016 2213 1145 2309 nequit,

84 2294 161 2377 quia
182 2313 201 2354 ιι
222 2290 350 2370 forma,
373 2303 528 2377 quantum
555 2302 604 2359 est
625 2232 665 2357 de
688 2312 747 2367 se,
769 2299 844 2357 nata
868 2302 918 2358 est
938 2294 972 2358 in
993 2293 1147 2381 pluribus

84 2395 152 2439 esse
168 2374 180 2409 ⁸
196 2396 226 2451 n,
249 2373 334 2439 unde
356 2397 375 2438 ιι
396 2374 598 2450 differentia,
621 2395 703 2461 quae
723 2394 764 2437 ex
785 2372 890 2439 forma
912 2378 1074 2461 procedit,
1097 2379 1148 2443 in-

88 2455 176 2523 ducit
196 2456 415 2524 diversitatem
430 2458 548 2543 speciei
563 2460 574 2495 ⁵
591 2479 622 2533 n,
637 2477 701 2520 non
723 2476 799 2521 vero
821 2455 1040 2526 diversitatem
1059 2461 1148 2525 indi-

86 2634 153 2684 tium
172 2648 223 2685 non
243 2636 399 2698 institution
419 2640 588 2701 perspicuum
607 2640 679 2687 enim
698 2642 737 2687 est
756 2636 901 2686 accidentia
922 2651 954 2687 er
972 2640 1103 2698 subtecto,
1121 2642 1149 2692 in

86 2718 140 2769 qno
158 2712 229 2767 sunt,
250 2708 383 2760 individua
401 2709 469 2760 liert.
491 2707 527 2761 ΕΙ
541 2724 564 2761 ι.
584 2704 692 2769 raom„
713 2706 806 2773 ΙΙΙ-ιι.
827 2705 957 2769 LXXVll,
977 2726 1003 2762 a.
1023 2711 1040 2761 ἲ
1059 2725 1086 2762 c.

127 2778 135 2813 Ι
158 2774 193 2830 Cl
209 2782 247 2830 De
265 2784 376 2845 princip.
396 2784 515 2840 indinid„
535 2784 573 2833 oo
591 2784 664 2841 Erite,
684 2790 708 2831 ιι
725 2796 788 2841 esa,
808 2795 835 2831 e.
854 2780 883 2840 a,
904 2784 936 2832 Ιιι
954 2784 1000 2833 itt.
1020 2786 1047 2834 ii
1064 2786 1149 2845 san„

89 2846 156 2900 iiiut.
179 2848 224 2911 iii,
244 2866 271 2915 q.
293 2851 313 2912 l,
334 2868 360 2903 a.
380 2854 408 2913 i,
428 2856 477 2906 rol.
498 2854 513 2905 3
533 2854 565 2904 ad
585 2854 612 2915 3,
632 2858 660 2904 et
676 2852 751 2904 aiibi.

124 2920 137 2958 ²
156 2916 192 2974 ΙΙΙ
206 2926 288 2988 snper
305 2927 378 2976 Bolit.
398 2930 428 2977 ds
447 2930 532 2985 irin„
552 2927 615 2977 lect.
633 2925 653 2984 l,
674 2940 701 2990 q.
717 2924 750 2984 ll,
770 2939 796 2974 ιι.
817 2925 833 2975 2
852 2926 886 2975 ad
904 2926 933 2976 i.
953 2925 1011 2978 lico
1030 2934 1152 2991 speeiem

90 2994 136 3045 illa
155 2991 186 3045 l).
207 2991 417 3048 bonaventurae:
435 3018 445 3045 ι
460 2998 516 3050 Nec
535 3004 622 3062 potest
640 2999 737 3049 habers
757 2998 908 3058 raritatem,
928 3000 997 3063 quod
1015 3002 1151 3053 distinctio

91 3067 258 3119 individualis
270 3070 305 3118 sit
317 3070 349 3118 ab
363 3070 551 3130 accidentibus,
569 3086 632 3122 enm
651 3070 784 3122 individua
797 3070 918 3121 dtllerant
931 3072 1077 3123 seeundum
1090 3075 1153 3124 ιιιΙι-

90 3141 216 3190 stantiam
232 3159 256 3202 ι,
272 3144 302 3192 ia
322 3141 367 3193 lib.
383 3145 412 3194 11
428 3146 510 3205 sent,
530 3142 645 3204 inscii,
666 3158 726 3207 pars
743 3140 765 3202 l,
784 3156 811 3191 a.
825 3143 853 3202 Ξ,
873 3143 932 3207 q.²
951 3144 1154 3198 serotinam

92 3214 251 3273 accidentia,
266 3220 296 3264 ut
315 3214 385 3267 idem
398 3212 495 3267 Doctor
507 3221 607 3276 monet,
621 3218 725 3267 etiamsi
738 3217 967 3267 individootionem
978 3231 1033 3266 ιιοιι
1043 3219 1153 3281 fodant,

92 3288 182 3336 umen
200 3300 261 3336 eam
280 3290 414 3339 ostendunt
433 3285 529 3357 (iiic),
550 3302 645 3352 nempe
664 3303 711 3339 nos
729 3302 786 3339 rem
805 3302 863 3339 esse
881 3288 1044 3339 individuam
1056 3304 1155 3355 cogno·

93 3358 203 3416 scimus,
216 3360 278 3422 quia
298 3360 325 3409 in
344 3361 399 3425 ipsa
416 3362 545 3412 eiusmodi
558 3362 704 3412 accidentia
717 3362 875 3420 invenimus,
889 3374 957 3425 quae
971 3363 1059 3412 omnia
1074 3364 1156 3415 simoi

95 3429 121 3477 in
141 3430 214 3478 nulla
233 3432 286 3481 alia
305 3445 334 3481 ra
352 3438 453 3493 extrue
474 3433 542 3483 unde
561 3434 726 3485 individuum
740 3436 766 3485 in
779 3436 873 3498 Lopieo
885 3429 954 3501 (prr.
972 3431 992 3493 l,
1007 3448 1032 3484 e.
1048 3431 1069 3494 l,
1083 3449 1112 3485 a.
1129 3436 1154 3495 l,

96 3513 124 3562 p.
143 3499 159 3549 a
179 3503 233 3551 roi.
254 3500 289 3570 1)
308 3503 473 3556 delinivimus
491 3505 533 3565 id,
553 3508 624 3569 qnod
642 3521 675 3558 er
695 3506 897 3569 proprietatibus
916 3507 952 3556 ita
971 3507 1156 3559 determinatis

96 3575 211 3630 constat,
232 3578 261 3622 ui
279 3575 329 3625 hae
347 3589 439 3628 omncs
457 3577 565 3629 eaedem
585 3578 631 3629 alii
648 3579 789 3631 convenire
806 3582 950 3643 nequeant.

133 3641 146 3678 ⁸
166 3638 187 3698 l,
206 3655 235 3705 q.
254 3641 309 3703 XL,
329 3659 355 3697 a.
376 3648 392 3697 2
412 3648 497 3699 o.-⁴
517 3652 548 3700 Ιιι
566 3650 610 3702 iti.
633 3654 739 3713 iiten,
760 3650 823 3703 lect.
845 3648 878 3705 V.

133 3714 146 3751 ⁵
166 3714 254 3766 marr.
274 3718 359 3779 Geni„
378 3720 425 3771 lib.
447 3719 481 3783 ll,
500 3734 526 3771 o.
546 3721 592 3772 93.
