2475 3909
375 184 561 234 ambacum
583 185 771 235 narrastis
1016 161 1074 226 337

95 272 163 338 134.
186 269 297 335 Altera
319 290 394 355 pars
415 293 457 335 ex
480 269 605 336 inlinita
626 269 835 356 simplicitate
855 265 915 331 Dei
940 263 1116 348 colligitur,

54 363 149 435 atque
170 353 355 439 perspicuis
376 352 485 418 verbis
507 351 548 415 ab
569 351 684 418 codem
707 352 826 496 Serapis
849 368 887 412 co
910 347 1047 411 Doctore
1072 345 1116 407 ita

55 434 246 517 explicatur:
263 456 281 494 <a
296 431 453 500 Voluntas
475 433 616 499 innubis
637 444 685 500 est
706 453 764 517 per
801 434 809 496 i
837 431 995 495 arentiam
1011 449 1028 491 a
1044 424 1118 490 sub-

55 515 183 591 stantia,
206 529 238 580 et
259 523 352 592 actu;
375 526 408 580 et
453 539 490 580 er
511 515 698 581 distantiam
721 536 739 579 a
761 513 835 579 line.
858 514 895 576 lu
919 510 986 575 lieo
1009 519 1116 573 autem

56 616 111 679 per
124 594 345 661 omnimodam
361 537 614 663 indillarentiam
626 597 756 670 horum,
769 595 892 660 scilicet
905 591 1116 662 substantiae,

54 677 195 752 virtutis,
212 690 302 743 actus
325 688 357 742 et
378 677 462 743 finis.
480 681 522 745 Et
543 680 623 764 quia
643 679 677 742 in
700 675 795 741 nobis
817 685 866 741 est
889 695 946 758 por
968 673 1117 736 diiieren-

53 758 131 822 tiam
153 781 171 822 a
193 758 394 836 substantia,
419 775 452 827 et
473 761 513 824 ab
536 773 632 836 actu,
657 758 731 823 ideo
753 758 826 822 aliis
848 767 896 820 est
919 753 1117 840 praesidens,

52 851 84 903 et
106 839 281 904 secundum
312 839 458 908 diversos
484 853 573 908 aetus
602 841 780 907 variabilis.
803 841 867 902 Pro
893 847 942 901 ter
966 835 1119 899 dilleren·

53 922 131 985 tiam
152 922 241 988 enim
262 943 280 986 a
302 921 497 1000 substantia,
514 927 548 990 in
569 945 632 1009 qua
656 932 790 1007 possunt
804 933 837 985 et
851 857 933 984 allae
958 916 1118 1011 potentiae

53 1003 205 1079 radicari,
228 1003 391 1100 praesidet
412 1006 487 1070 aliis
509 1006 675 1093 potentiis
693 1013 730 1069 ut
751 1003 874 1078 sensui,
890 1011 923 1065 et
944 1008 1116 1084 appetitus.

51 1085 189 1169 Propter
210 1084 428 1150 daiiercntiam
451 1089 491 1152 ab
514 1101 611 1161 actu,
635 1097 683 1151 est
706 1083 910 1149 variabilitas
942 1079 1117 1174 secundum

50 1167 275 1232 alterationem
299 1167 518 1234 allectionum.
536 1171 572 1232 ln
588 1169 657 1233 Deo
679 1179 787 1232 autem
810 1174 975 1236 neutrum,
991 1173 1022 1225 ct
1047 1159 1119 1223 ideo

52 1269 111 1312 nec
125 1250 210 1332 regit
232 1247 406 1314 inferiores
443 1252 592 1326 otentias,
609 1249 778 1314 nechabet
799 1246 919 1310 variari
941 1241 1118 1308 seeundum

51 1331 240 1396 allectiones
262 1332 377 1396 varias.
431 1334 542 1419 tquia
566 1333 599 1396 in
621 1330 715 1396 nobis
737 1340 786 1395 est
807 1349 867 1413 per
887 1326 1073 1390 distantiam
1100 1345 1118 1386 a

48 1409 128 1488 sane,
151 1410 226 1475 iude
246 1421 306 1487 est,
330 1413 418 1498 qnod
439 1427 487 1482 est
510 1412 673 1498 indigens,
689 1425 721 1477 et
743 1410 819 1475 ideo
842 1409 876 1472 in
899 1429 937 1473 ea
958 1416 1006 1471 est
1027 1403 1118 1489 luga,

47 1503 81 1557 et
104 1494 282 1578 appetitus,
305 1505 338 1559 et
359 1495 446 1563 cadit
468 1498 501 1562 in
523 1517 560 1560 ea
583 1496 727 1569 tristitia,
750 1503 782 1557 et
803 1491 941 1567 malitia,
962 1487 1041 1573 quia
1052 1505 1120 1631 [po-

48 1584 112 1639 test
133 1596 151 1638 a
174 1573 236 1639 line
259 1572 427 1660 obligari,
450 1600 524 1643 cum
554 1599 617 1642 non
640 1577 681 1641 sit
708 1575 757 1640 illi
785 1572 968 1638 coniuncta.
992 1569 1027 1632 ln
1080 1586 1119 1630 eo

48 1676 111 1719 uec
126 1655 256 1740 fugam,
272 1677 332 1720 nec
353 1660 560 1744 appetitum¹
576 1658 685 1735 hahet,
699 1679 758 1722 nec
780 1655 956 1726 tristitiam,
972 1671 1031 1716 uec
1053 1669 1120 1745 ma-

47 1735 178 1812 litium,
209 1736 266 1801 sed
288 1740 508 1805 omnimodam
531 1740 703 1814 laetitiam,
727 1750 758 1804 ct
780 1736 962 1803 iustitiam²
980 1758 1009 1796 n.
1035 1733 1119 1796 ilinc

45 1821 149 1884 etiam
172 1815 250 1882 illud
276 1820 486 1906 intelligitur,
516 1823 711 1888 voluntatem
736 1821 769 1884 iu
791 1820 972 1893 Decesse,
997 1834 1062 1878 non
1084 1823 1118 1874 ut

44 1908 176 1984 quaerat
197 1901 306 1984 finem,
329 1904 382 1968 sed
402 1917 437 1969 stt
458 1905 596 1992 pauescat
617 1905 654 1968 in
674 1903 766 1968 s'llo'.

45 2074 124 2122 tatis.
145 2069 276 2136 Quoniam
296 2087 360 2123 sero
378 2073 498 2123 besaines
517 2084 563 2132 per
582 2073 672 2135 aliqua
699 2073 789 2133 signa,
810 2084 879 2136 qarae
904 2073 965 2121 suut
989 2073 1120 2132 operatio,

41 2148 194 2206 permissio,
213 2153 390 2210 praecaptum,
410 2145 565 2208 probibitio,
585 2145 734 2203 consitium,
756 2146 920 2196 solenitatem
939 2155 1015 2192 suam
1035 2142 1121 2204 expri-

44 2228 122 2265 mere
141 2217 242 2275 solem5
264 2217 300 2268 ita
320 2215 500 2277 metaphorice
519 2218 547 2265 in
568 2213 621 2264 lieo
641 2215 753 2266 dicimus
772 2217 928 2266 uoluntatem
947 2214 1029 2272 iliud,
1050 2213 1119 2276 quod

45 2289 74 2336 in
96 2287 170 2337 nabis
189 2290 294 2352 signum
314 2289 457 2338 voluntatis
480 2292 531 2336 cst.
556 2283 628 2336 llaec
653 2294 744 2338 autern
772 2288 893 2338 voluntas
912 2289 978 2350 signi
1001 2307 1012 2330 ι
1036 2285 1120 2334 tribus

44 2360 134 2408 modis
153 2373 180 2409 se
199 2361 280 2411 babet
299 2361 331 2409 sd
351 2362 514 2410 voluntatem
535 2358 705 2421 beneplaciti.
723 2357 856 2423 Qiraedam
877 2361 948 2410 euim
967 2365 1008 2409 est
1028 2359 1121 2408 soluis-

43 2437 87 2480 tas
108 2432 190 2495 sigui,
210 2446 279 2495 quae
299 2445 445 2495 numquam
465 2431 556 2480 incidit
574 2431 602 2480 iu
619 2431 689 2480 idem
710 2446 772 2482 cum
793 2434 928 2483 voluntate
947 2431 1119 2493 beneplaciti,

44 2505 118 2552 sicut
136 2506 286 2567 permissio,
306 2516 375 2566 quae
395 2504 522 2566 permittit
542 2503 611 2550 maia
633 2503 700 2562 deri,
717 2517 784 2553 cum
805 2507 874 2554 mata
894 2503 951 2553 lieri
971 2516 1118 2566 numquam

43 2576 126 2637 vetit,
146 2578 277 2640 quaedam
296 2581 386 2625 autem
413 2587 518 2636 semper
537 2576 564 2622 in
583 2574 653 2624 idem
675 2576 775 2634 incidit,
797 2577 866 2626 siout
884 2577 1017 2639 operatio;
1038 2588 1120 2639 quse-

42 2647 109 2696 dam
128 2662 191 2698 vero
209 2647 368 2712 quaudoque
395 2646 504 2704 incidit,
524 2651 551 2695 at
570 2649 735 2711 quandoque
750 2661 821 2707 nou,
844 2650 914 2698 sicut
935 2649 1119 2712 praeceptum,

42 2719 200 2782 prohibitio,
219 2724 247 2769 st
266 2720 407 2770 consilium
423 2738 433 2763 ι
451 2714 511 2784 (Qq.
525 2721 625 2782 dtapp„
642 2723 679 2770 lis
698 2721 770 2779 Ver„
784 2735 812 2784 q.
826 2717 927 2780 llillll,
948 2734 973 2769 a.
990 2719 1005 2770 3
1025 2719 1058 2769 ad
1079 2713 1118 2786 ii).

42 2787 116 2842 Cum
134 2806 197 2842 vero
216 2792 316 2842 dicitur
333 2793 498 2842 voluntatem
517 2791 583 2854 etpm
602 2805 655 2841 non
675 2804 781 2854 semper
794 2793 906 2843 incidere
924 2795 952 2840 in
970 2794 1037 2842 idam
1057 2805 1119 2841 cum

42 2865 184 2914 voluntate
203 2863 374 2927 benepiaciti,
395 2864 446 2914 boc
465 2864 667 2924 intelligendum
687 2871 739 2923 est,
753 2878 805 2915 uon
825 2869 957 2927 quatenus
970 2876 1032 2912 cum
1046 2865 1117 2913 nulia

41 2936 182 2985 uoluntate
201 2935 371 2997 beneplaciti,
387 2936 431 2984 sed
445 2941 577 2998 quatenus
596 2949 658 2984 cum
680 2937 737 2993 ilia,
757 2949 826 2998 quae
847 2935 921 2986 nobis
940 2936 1053 2994 ridetur,
1068 2949 1119 2985 nou

39 3009 225 3069 coniungitur.
246 3004 280 3058 Ε.
299 3021 339 3070 p,
360 3021 424 3056 eum
442 3005 513 3056 Deus
532 3008 670 3070 praecepit
690 3006 861 3066 Abrabemo,
882 3013 912 3057 ut
931 3007 1015 3057 tilium
1041 3020 1119 3057 suum

41 3075 167 3128 isaacum
188 3079 359 3135 immolaret,
380 3079 490 3140 putabat
508 3080 554 3128 ille
572 3075 658 3130 Duum
678 3081 747 3130 veile
767 3080 916 3130 huiusmodi
936 3078 1118 3135 sacrificium

38 3155 72 3199 at
91 3164 144 3200 nou
163 3151 230 3201 baec
249 3157 308 3201 erat
328 3153 354 3200 iu
374 3147 428 3200 lieo
448 3153 570 3200 voluntas
588 3151 821 3214 beneplacitum!
842 3156 871 3200 ut
892 3151 1032 3201 manifesta
1046 3151 1122 3202 tieret

39 3220 189 3272 Abrabami
209 3223 293 3282 tides,
314 3228 341 3272 et
358 3223 519 3273 obedientia.
548 3220 586 3272 lia
610 3224 692 3273 eiiam
712 3221 782 3272 licus
807 3223 937 3286 permittit
968 3230 1120 3285 peccatum,

39 3290 111 3344 Eius
130 3300 219 3344 tamen
239 3296 361 3345 voluntas
381 3295 539 3357 beneplaciti
565 3308 619 3345 uun
644 3299 684 3345 est
710 3300 872 3358 peccatum,
892 3296 936 3344 sed
953 3331 959 3354 ,
979 3300 1009 3344 ut
1028 3301 1118 3357 postea

39 3367 174 3424 dicamus,
195 3367 305 3425 bouum,
327 3368 398 3430 qued
416 3381 449 3417 ex
468 3371 579 3429 peccato
597 3369 683 3417 eruit.

82 3435 92 3473 ¹
113 3438 292 3501 «Appetitas,
306 3439 393 3488 subdit
407 3453 430 3488 s.
445 3435 571 3497 Thomas,
585 3443 693 3502 proprie
714 3445 754 3489 cst
773 3439 811 3489 rei
830 3437 948 3488 nondum
967 3437 1074 3488 habitae
1092 3457 1119 3498 ις

39 3509 77 3558 dn
94 3511 140 3558 lib,
163 3513 278 3569 ism„
300 3508 365 3560 liist.
387 3507 468 3572 xiv,
488 3525 516 3574 q.
537 3506 559 3568 l,
579 3525 607 3560 a.
630 3511 641 3560 l
665 3512 697 3561 ad
721 3512 745 3560 l.

83 3580 172 3631 isne.
192 3584 248 3639 cit„
267 3585 296 3630 in
315 3583 394 3632 rasel.

79 3652 124 3700 δι
146 3651 304 3715 Dicendum,
325 3654 413 3705 subdit
431 3666 454 3704 s.
476 3649 610 3715 Thomu,
631 3656 702 3722 quod
724 3655 845 3710 soiuutas
865 3653 985 3706 innubis
1005 3653 1119 3719 pertinet
