2475 3909
103 129 145 197 ot
492 141 697 193 cosuonoom

108 233 156 297 13.
180 227 388 294 Probatur&
405 247 492 312 pars:
510 247 626 312 nempe
647 248 711 291 non
734 248 827 314 posse
849 229 891 294 ab
912 231 1069 298 Atomicis
1083 251 1132 297 ra·

66 314 189 378 tionem
213 309 322 388 reddi,
345 310 510 396 quomodo
537 310 634 376 atomi
649 330 787 396 corpora
801 311 1007 379 constituant.
1024 315 1066 379 Et
1086 335 1134 378 sa·

68 416 121 472 ne,
146 413 241 458 omne
264 413 384 479 eorpus
404 391 543 476 quadam
566 392 691 455 unitate
713 412 851 476 perse,
876 403 909 458 et
935 398 1068 492 proprie
1088 394 1137 460 di·

67 485 119 540 cta
141 474 282 558 gaudere
303 473 412 549 debet,
437 476 482 539 ita
503 486 552 550 ut,
576 471 654 536 dum
676 473 783 557 ipsum
796 473 831 537 in
846 484 956 561 partes
974 475 1136 542 divisibile

67 567 127 632 est,
151 567 224 622 actu
246 556 289 620 sit
310 554 498 631 indivisum,
514 573 630 639 nempe
645 574 705 640 per
718 576 752 620 se
772 577 888 620 uuum.
903 558 1004 642 Atqui
1026 559 1136 624 buius-

69 635 159 702 modi
192 639 298 705 unitas
330 659 373 703 ex
404 645 554 703 contactu
588 646 771 701 atomorum
799 638 882 701 effici
914 659 978 703 non
1011 650 1135 725 potest,

70 721 148 803 quia
171 733 336 786 contactus
362 719 572 804 congeriem,
596 739 655 781 seu
682 717 925 783 multitudinem
952 733 1136 787 atomorum

70 799 243 866 efformare
266 799 398 886 quidem
421 798 518 878 valet,
542 798 595 866 sed
619 798 744 893 ellicere
771 802 896 886 nequit,
920 804 1034 867 utilia
1057 804 1138 868 mul-

69 882 175 947 titudo
198 893 382 948 atomorum
403 884 534 947 unicum
552 881 758 946 individuum
773 884 960 960 constituat,
975 884 1138 970 siquidem

70 965 240 1049 congeries
263 964 438 1029 mulierum
460 983 570 1027 rerum
591 965 761 1029 constituit
782 983 884 1028 unum
901 984 962 1048 per
981 967 1136 1042 occidens,

70 1065 134 1110 nen
157 1065 234 1111 vero
277 1065 311 1110 er
332 1069 374 1124 ae,
397 1044 580 1110 cuiusmodi
602 1055 650 1110 est
672 1065 800 1132 corpus.
824 1048 911 1132 Ergo
926 1045 967 1110 ab
981 1049 1138 1114 Atomieis

72 1128 157 1193 ratio
178 1127 234 1192 red
261 1149 270 1190 r
293 1147 357 1192 non
386 1135 513 1214 potest,
541 1127 706 1213 quomodo
733 1130 834 1194 atomi
860 1148 998 1213 corpora
1024 1131 1139 1198 consti·

74 1219 176 1275 luant.

118 1292 167 1356 ll.
191 1289 364 1358 Praeterea
384 1289 523 1375 intelligi
545 1309 609 1354 nou
632 1298 753 1375 potest,
775 1290 939 1375 quomodo
961 1313 1003 1357 ex
1025 1294 1139 1359 atomis

72 1373 222 1438 diversae
244 1386 379 1441 naturae
400 1392 511 1437 rerum
533 1373 686 1448 existant,
701 1383 734 1438 et
747 1372 911 1457 quomodo
933 1376 1138 1457 generatione

73 1465 308 1540 perpetuentur
322 1457 346 1519 ¹.
362 1455 404 1520 Et
425 1475 515 1532 sane,
530 1452 674 1518 dubitari
697 1475 760 1517 non
783 1465 899 1540 potest,
937 1459 995 1521 uin
1017 1479 1069 1523 res
1088 1477 1141 1521 ne·

74 1537 196 1603 turales
211 1537 388 1602 secundum
410 1535 623 1601 substantiam
637 1533 805 1612 differant,
820 1558 850 1600 e.
869 1559 914 1622 g.,
951 1559 1028 1604 omo
1042 1561 1060 1604 a
1076 1538 1141 1604 bel·

75 1619 141 1696 lue,
157 1619 265 1686 bellua
287 1619 441 1705 aplauta,
457 1617 631 1703 plantaque
653 1637 672 1680 a
693 1616 813 1703 lapide,
827 1631 860 1685 et
874 1619 1052 1685 secundum
1067 1620 1141 1686 sub

75 1701 257 1767 stantialem
279 1702 520 1786 generationem
544 1709 790 1784 perpetuentur.
813 1703 915 1785 Atqui
942 1723 984 1768 ex
1006 1704 1141 1770 lortuita
1234 1766 1235 1781 ,

75 1794 256 1849 atomorum
278 1783 432 1860 coitione,
449 1783 516 1846 sive
531 1780 777 1864 conglobatione
800 1782 887 1847 nulla
903 1785 936 1848 in
951 1784 1050 1850 rebus
1070 1786 1143 1851 sub
1234 1806 1235 1849 t

75 1865 239 1931 stantialis
260 1863 432 1932 diversitas
455 1862 606 1950 produci,
623 1862 777 1950 nullaque
798 1885 882 1929 nova
896 1865 1075 1933 substantia
1091 1890 1145 1954 ge·

76 1949 183 2012 nerari
200 1955 322 2094 potest.
336 1949 436 2031 Ergo,
452 1947 480 2010 si
494 1965 537 2009 ex
558 1946 676 2010 atomis
696 1947 807 2011 omnia
828 1947 1042 2026 efficerentur,
1059 1949 1142 2014 baud
1231 1995 1234 1997 Α

212 2052 230 2094 e

74 2029 198 2115 possibi
253 2030 339 2095 loret
369 2026 562 2114 explicare,
586 2026 673 2091 uude
694 2028 840 2093 diversae
864 2039 998 2095 naturae
1029 2053 1142 2098 rerum

76 2111 264 2188 existerent,
287 2122 320 2177 et
340 2109 504 2195 quomodo
526 2109 732 2193 generatione
755 2120 997 2195 perpetuentur.

118 2193 167 2259 15.
192 2195 304 2262 Minor
324 2213 366 2257 ex
386 2211 426 2256 eo
448 2191 611 2287 evincitpr
626 2191 744 2289 ,quod
765 2195 890 2269 atomi,
912 2194 1144 2341 antipuorum,

77 2277 323 2360 recentiumque
339 2276 562 2340 Atomicerum
577 2272 715 2353 ludicro,
729 2273 862 2340 eaedem
876 2295 974 2340 secun
999 2297 1055 2340 um
1071 2276 1145 2342 snb

77 2358 228 2423 stantiam
251 2367 336 2436 sunt,
353 2377 412 2421 nec
435 2357 498 2420 nisi
522 2364 625 2431 motu,
647 2355 762 2442 ligura,
778 2357 857 2433 situ,
872 2357 1011 2443 aliisque
1034 2358 1147 2425 buius·

78 2439 167 2504 modi
191 2439 371 2516 differunt,
394 2458 478 2523 quae
507 2445 581 2500 sunt
603 2457 693 2502 mere
715 2439 913 2515 accidentia;
936 2439 1146 2507 manifestum

79 2532 188 2587 autem
204 2536 253 2591 est
267 2520 448 2588 accidentia
469 2538 526 2582 nee
541 2516 765 2586 diversitatem
789 2519 1032 2586 substantialem
1048 2524 1083 2587 in
1097 2545 1146 2589 re·

78 2601 153 2682 bus,
169 2624 227 2670 nec
250 2605 351 2669 ullam
371 2620 487 2667 novam
509 2598 723 2666 substantiam
744 2603 871 2668 efficere
893 2623 1004 2688 posse,
1019 2606 1100 2688 quia
1114 2607 1147 2669 in

79 2686 196 2751 ellectu
219 2688 332 2772 nequit
358 2685 430 2770 plus
453 2681 639 2760 contineri,
663 2704 761 2769 quam
788 2687 821 2750 in
844 2684 987 2771 perlecta
1008 2697 1041 2754 et
1061 2707 1147 2753 conr·

80 2767 167 2854 pleta
188 2769 258 2834 eius
280 2788 377 2833 cansa
398 2765 623 2831 continetur¹.

79 2967 133 3005 non
153 2964 239 3015 posse,
260 2953 334 3014 quia,
354 2965 417 3002 cum
438 2952 509 3013 ipsae
529 2962 635 3012 quoque
648 2963 680 2998 ex
696 2947 814 3010 partibus
832 2955 1038 3010 componantur,
1054 2951 1080 3001 in
1093 2964 1148 3003 rne-

80 3023 216 3089 tapbysica
236 3023 323 3074 adbuc
341 3023 524 3088 quaerendum
542 3025 593 3080 est,
613 3033 667 3085 quo
686 3021 764 3071 modo
790 3019 949 3082 formentur,
968 3025 997 3072 et
1014 3037 1098 3088 usque
1115 3037 1148 3075 eo

82 3097 169 3163 quoad
189 3097 328 3148 intellectu
349 3097 443 3147 resotri
463 3095 574 3158 possint.

118 3173 127 3208 ¹
150 3167 178 3220 ld
197 3183 212 3219 a
232 3165 371 3222 Lactantio
391 3163 443 3236 (De
462 3169 505 3218 tro
524 3168 583 3226 Dei,
597 3179 624 3216 e.
642 3158 687 3233 to)
705 3164 839 3215 veteribus
858 3162 987 3217 litomieis
1006 3168 1060 3218 iam
1078 3170 1149 3221 obie-
1234 3154 1235 3169 ¹

82 3248 156 3293 etum
176 3241 237 3293 luit.

119 3315 131 3350 ²
149 3311 195 3364 llis
214 3314 377 3379 argumentis
396 3312 516 3362 dedimus
531 3309 660 3360 dtomiets
678 3314 782 3360 atomos
795 3322 871 3371 posse
892 3309 960 3360 inter
977 3324 1006 3361 se
1025 3313 1150 3364 eonrere·

83 3399 124 3436 re.
145 3383 180 3436 dt
198 3398 261 3436 vero
281 3401 313 3437 ne
333 3385 359 3436 id
378 3386 486 3448 quidem
505 3383 537 3433 ab
557 3383 596 3433 eis
614 3380 742 3444 explicari
762 3386 860 3444 potest.
880 3377 987 3433 Etenim
1006 3399 1070 3435 cum
1087 3382 1150 3448 Epi·

84 3468 188 3514 curus,
209 3459 307 3521 altique
326 3463 428 3509 veteres
448 3455 583 3513 litomtci,
605 3459 662 3503 tum
682 3449 852 3513 Gassendns,
878 3455 989 3518 eiusque
1008 3462 1150 3508 sectatores

85 3529 183 3580 docent
201 3532 304 3579 atomos
324 3530 393 3580 inter
412 3543 439 3579 se
459 3529 531 3579 coire
550 3539 582 3575 ex
600 3537 644 3583 eo,
664 3526 735 3588 quod
754 3527 854 3590 duplici
874 3533 959 3586 motu,
974 3530 1078 3581 scilicet
1093 3543 1152 3592 per-

84 3598 246 3666 penetratura·
263 3605 291 3649 et
309 3601 487 3660 declinatorte,
509 3599 619 3663 pollent.
640 3593 697 3651 Non
716 3599 789 3651 atiud
809 3600 878 3650 inter
896 3604 1009 3663 veteres,
1022 3608 1050 3654 et
1061 3614 1153 3654 receu-
