2475 3909
525 212 707 260 unrocoem
1066 198 1108 264 75

117 294 189 365 201.
214 291 364 380 Denique
386 315 483 360 cansa
505 292 721 380 distinguitur
744 296 776 359 in
799 298 983 376 univocam,
1005 322 1039 363 oe
1058 304 1148 367 uico·

77 400 157 455 com,
181 388 212 444 ct
233 378 393 461 analogum
408 376 431 441 ¹.
455 377 560 442 Causa
581 377 716 441 unicocc
737 378 792 442 illa
813 391 874 455 est,
896 381 992 445 cuius
1012 322 1148 449 electus

79 461 196 525 similis
218 470 266 525 est
289 462 349 545 ipsi
373 480 490 524 causae
511 460 677 526 secundum
698 461 832 523 eumdem
854 464 1006 525 rationem
1029 464 1149 549 specifi-

78 562 158 620 cam,
175 543 223 607 uti
247 541 342 604 homo
363 554 412 607 est
426 562 523 605 eausa
541 543 678 606 univoca
693 543 849 616 hominis,
864 563 960 626 quem
977 558 1108 627 generat
1120 549 1145 610 ².

79 624 255 708 Aequicoco
270 621 391 688 dicitur
406 624 474 697 illa,
489 643 572 705 quae
595 644 670 688 eum
685 623 799 689 ellectu
815 625 967 688 convenit
980 626 1146 689 secuudum

79 706 217 769 eamdem
241 704 392 769 rationem
414 706 614 789 genoricum,
639 702 819 770 cuiusmodi
846 714 895 769 est
921 706 968 769 sol
997 727 1049 771 res
1073 717 1147 771 ectu

79 806 209 861 eornm,
232 785 271 849 ad
294 806 434 868 quorum
458 784 705 873 productionem
730 790 799 872 ipse
822 788 987 852 concurrit
1002 789 1024 851 ⁸.
1098 791 1149 853 ni-

79 888 157 963 que,
181 870 206 931 si
230 866 365 934 effectus
387 889 460 932 enm
483 890 578 933 eausa
602 870 773 934 conveniat
795 878 920 933 tantum
936 868 1101 934 secuudum
1116 893 1150 933 o-

78 950 197 1035 lcqtmm
218 950 407 1034 analogiam,
430 972 488 1015 seu
512 952 800 1034 comparationem,
823 950 873 1013 vel
895 950 1069 1028 ordinem,
1094 952 1150 1015 illa

79 1052 176 1096 eausa
198 1051 294 1095 causa
308 1034 438 1115 anolopo
451 1031 643 1119 appellatur.
662 1032 744 1095 llinc
758 1030 844 1094 Deus
865 1044 914 1098 est
934 1053 1029 1098 causa
1052 1054 1149 1118 agens

80 1112 272 1194 ouolopiccl,
288 1128 458 1202 propterea
480 1114 581 1198 quod,
597 1134 672 1177 cum
695 1113 785 1177 nullo
807 1134 927 1196 genere
950 1136 1060 1180 rerum
1076 1135 1152 1178 eon-

82 1196 239 1269 tineatur,
255 1208 422 1262 creaturae
446 1204 610 1279 nequeunt
633 1216 701 1259 esse
725 1196 901 1281 participes
923 1195 1151 1263 similitudinis

81 1277 220 1341 Divinae
241 1279 418 1343 seeundum
441 1277 588 1343 eamdem
611 1276 771 1341 rationem
805 1298 819 1340 s
844 1278 955 1353 eeiei,
978 1289 1033 1342 aut
1055 1298 1152 1363 gene-

83 1359 156 1435 ris,
179 1360 233 1423 sed
259 1359 363 1424 solum
392 1357 569 1425 secundum
598 1358 742 1441 aliquam
764 1378 803 1421 on
837 1361 950 1439 ogiam.
976 1359 1151 1422 Enimvero

83 1451 265 1518 creaturae,
282 1442 405 1527 quippe
428 1462 511 1528 quae
534 1449 608 1504 sunt
622 1440 722 1517 antio,
736 1440 910 1525 quamdam
926 1439 1151 1524 imperfectam

81 1520 334 1587 similitudinem
356 1543 431 1589 eum
455 1523 541 1599 Deo,
565 1533 600 1588 ut
618 1523 753 1640 primo,
775 1532 809 1586 et
831 1521 1008 1586 universali
1032 1522 1155 1607 priuci-

83 1606 138 1691 pio
159 1606 261 1670 totius
281 1626 353 1675 csse,
377 1605 603 1691 praeseferunt
634 1650 641 1664 .

123 1686 196 1751 202.
220 1686 324 1751 Porro
346 1686 514 1771 quaelibet
541 1706 638 1750 causa
661 1685 879 1769 praestantior
902 1695 952 1749 cst
971 1685 1088 1749 ellectu
1111 1704 1151 1746 ex

82 1786 134 1843 eo,
157 1766 245 1853 quod
268 1770 388 1834 virtute
410 1771 515 1836 activa
538 1767 630 1832 illum
654 1765 854 1849 producendi
877 1766 1013 1865 pollet⁸.
1035 1770 1078 1831 m
1098 1786 1154 1827 ve·

83 1869 136 1925 ro,
152 1850 379 1935 perfectiones,
395 1870 479 1936 quoe
494 1860 570 1915 sunt
584 1850 617 1912 in
633 1850 764 1921 effectu,
781 1850 994 1915 inveniuntur
1007 1850 1041 1912 iu
1054 1866 1152 1911 cansa

84 1930 224 1997 univoca
237 1932 423 2015 formaliter,
437 1933 522 1998 idest
535 1930 713 1995 secundum
727 1928 873 1993 eamdem
888 1932 1060 2007 rationem,
1073 1930 1152 2013 quia

84 2012 219 2080 effeetus
241 2036 358 2081 causae
381 2016 539 2080 univocae
562 2024 610 2078 est
631 2010 777 2077 eiusdem
800 2014 947 2097 speciei,
969 2012 1039 2077 sire
1061 2022 1155 2075 natu·

83 2116 209 2173 rae,ac
231 2117 339 2161 eausa.
363 2098 400 2161 ln
422 2117 517 2161 eausa
541 2106 649 2160 autern
672 2095 852 2180 aequivoca
875 2095 1087 2161 inveniuntur
1106 2092 1156 2155 di·

84 2198 178 2242 versa
200 2179 338 2252 ratione,
356 2200 429 2243 nam
452 2198 549 2243 eausa
571 2176 764 2261 aequivoca,
779 2186 890 2262 utpote
912 2198 997 2261 quae
1019 2176 1155 2241 elfectns

84 2260 192 2344 specie
215 2259 360 2325 diversos
383 2258 558 2344 producit,
584 2256 813 2344 perfectiones,
834 2280 918 2344 quae
942 2260 973 2323 in
996 2260 1045 2323 eis
1066 2270 1154 2334 sunt,

84 2339 263 2407 secundum
285 2339 432 2406 eamdem
454 2344 614 2408 rationem
636 2340 808 2425 complecti
836 2362 900 2406 non
924 2350 1051 2427 potest;
1073 2339 1157 2404 alio·

84 2426 164 2510 quin
190 2420 447 2509 perfectionibus
477 2424 626 2487 diversae
647 2423 769 2517 speciei
788 2470 797 2497 ,
819 2442 858 2486 ac
880 2422 1016 2509 proinde
1045 2441 1155 2487 seonm

85 2503 307 2591 pugnantibus
329 2515 490 2571 constaret
504 2506 529 2568 ¹.
546 2503 580 2568 ld
605 2504 721 2588 potiori
746 2505 817 2567 iure
839 2503 880 2569 de
902 2524 997 2569 eausa
1020 2504 1153 2588 analoga

71 2586 264 2667 'dicendum
286 2606 355 2651 esse
377 2587 515 2672 quisque
538 2608 579 2651 ex
601 2606 635 2650 se
656 2587 814 2671 perspicit
828 2589 852 2649 ⁸.

120 2962 134 3068 l
153 2954 504 3095 ¹Q'uaqr'olicliaiitoarrdiroene
524 3028 627 3078 nonnisi
639 3024 751 3075 effectus
770 3024 866 3088 speciei
887 3036 952 3074 snae
964 3029 1157 3075 consentaneos

84 3102 340 3225 editllicit-ieiittmo
357 3175 521 3235 aaqrrtrocae
541 3173 631 3233 plnres
654 3168 764 3221 eftectus
783 3170 872 3230 specis
891 3168 1008 3219 diversos
1026 3167 1159 3231 produce-

85 3264 116 3302 re
137 3251 257 3312 possunt.
272 3241 327 3282 ..t
348 3246 379 3293 lu
397 3245 443 3296 lto.
465 3247 579 3301 isene..
602 3241 667 3292 [list.
689 3239 760 3298 Vlll,
779 3256 809 3304 q.
830 3239 850 3300 l,
870 3254 898 3289 a.
916 3240 934 3289 2
954 3243 1003 3291 rol.

122 3314 379 3452 :proauiam
398 3388 439 3444 tu,
460 3390 547 3450 lnquit
565 3382 587 3437 ε’.
610 3385 788 3447 Augustinus,
807 3386 844 3442 et,
863 3399 878 3432 a
898 3397 952 3447 quo
970 3383 1011 3442 tlt,
1032 3396 1080 3445 par
1099 3384 1164 3432 esse·

87 3478 141 3517 non
162 3467 247 3525 potest
270 3480 295 3519 η
318 3462 365 3523 Oq.
388 3462 530 3517 Lxxxttt,
550 3475 578 3524 q.
598 3458 627 3519 23
647 3458 678 3509 ef
692 3459 766 3515 told..
786 3470 815 3521 q.
834 3456 881 3506 ΞΒ.

125 3531 523 3673 ἔδυξῆιᾞιιιιιοῗιοοόιιοοιω
542 3618 556 3654 a
577 3599 632 3654 Deo
650 3603 733 3655 crsatt
752 3602 778 3654 ln
797 3596 838 3653 Eo
856 3600 1056 3655 commeretur,
1076 3598 1161 3664 erpu-

89 3680 211 3737 osbtmnt
230 3680 256 3731 io
276 3677 410 3745 fleotogto
428 3677 554 3731 naturott.
