2475 3909
121 155 182 220 166
491 174 723 225 nuunnuocta

80 256 152 342 ipsa
175 257 260 322 ratio
283 256 446 337 bonitatis,
469 261 537 326 sive
559 263 818 338 convenientiae,
839 283 938 348 quam
957 264 1054 333 habet
1073 287 1150 332 cum

81 339 214 424 propria
239 350 365 405 natura.
390 365 406 402 u
431 343 463 408 si
487 343 618 427 aliquod
642 342 786 420 bonum,
810 345 913 428 inquit
935 367 961 411 s.
986 349 1147 424 Thomas,

82 433 290 507 proponatur,
313 421 400 507 quod
422 425 687 509 apprehendatur
700 426 732 489 in
749 426 872 492 ratione
894 427 985 505 boni,
1008 451 1072 495 non
1093 452 1152 496 au

81 515 144 570 tem
167 505 348 570 iuratione
371 507 603 583 convenientis,
628 529 690 572 non
714 507 858 573 movebit
872 509 1071 576 voluntatem
1089 513 1099 550 ¹
1118 537 1148 576 ι).

121 585 155 652 3⁰
177 585 317 663 Bonum,
339 587 374 651 in
396 585 482 672 quod
506 589 654 654 voluntas
676 587 791 665 fertur,
812 590 904 666 reule,
928 592 978 656 vel
998 593 1151 676 odporeea

81 689 151 733 esse
174 680 292 751 potest,
317 669 464 736 volontas
485 671 573 734 enim
596 669 759 736 interdum
783 669 890 736 fertur
906 675 940 738 in
956 672 1081 758 aliquid
1097 697 1152 740 ve-

80 749 140 816 luti
164 747 298 840 ltonum,
320 751 408 836 quod
433 773 546 817 revera
570 754 694 818 maium
721 763 782 828 est,
806 755 883 837 quia
905 754 1090 820 intellectus
1111 756 1151 821 il·

81 832 137 897 lud
160 829 260 897 veluti
283 831 404 898 bonum
430 835 491 919 ipsi
515 836 685 901 exhibet².
709 835 817 912 Quare
831 833 1007 901 dicendum
1023 848 1151 902 nonest

80 937 155 980 cum
179 915 344 980 Saisseto⁸
365 914 561 983 voluntatem
584 914 747 983 interdurn
769 915 851 982 ferri
879 938 990 981 versus
1012 917 1150 995 malum,

81 1007 178 1084 prout
199 996 322 1061 malum
347 1007 417 1074 est,
440 998 494 1062 sed
540 1000 625 1064 otius
648 998 848 1064 voluntatem
880 999 1042 1065 interdum
1065 1000 1148 1065 ferri

79 1100 192 1146 versus
214 1078 347 1162 malum,
369 1080 456 1164 quod
476 1020 538 1147 sud
559 1082 685 1146 ratione
708 1079 794 1175 boni·
807 1101 847 1164 ap
872 1079 1072 1147 rehenditur.

119 1161 156 1226 4⁰
178 1164 363 1231 Voluntatis
384 1162 550 1228 obiectum
572 1185 636 1228 noo
659 1161 763 1226 solum
785 1184 818 1226 ιιι
839 1103 898 1246 piae
913 1165 948 1239 ⁸,
972 1162 1027 1228 sed
1049 1164 1150 1230 etiam

83 1245 116 1308 in
139 1245 255 1312 mediis
276 1245 317 1312 ed
342 1247 439 1310 [inem
460 1247 618 1320 consistit;
635 1266 662 1309 e.
680 1265 732 1328 μ
756 1264 927 1339 possumus
955 1267 1019 1309 non
1042 1245 1148 1310 solum

80 1327 162 1391 reite
184 1332 367 1406 sanitatem,
384 1327 552 1393 sedetiam
568 1323 879 1402 deambulationem,
895 1337 1059 1411 tamquam
1083 1348 1152 1390 me-

80 1407 172 1474 dium
195 1411 233 1476 ad
257 1410 492 1492 assequendam
515 1412 698 1475 sanitatem.
723 1403 870 1472 Medium
897 1418 1007 1473 autem
1030 1408 1153 1474 dicitur·

80 1491 209 1556 reditum
231 1495 463 1569 secundarium,
487 1502 518 1556 ot
541 1491 613 1555 smis
637 1487 766 1551 volitum
810 1489 893 1552 rioci
915 1491 980 1566 oie,
1002 1500 1152 1554 etruscae

80 1573 201 1642 colendi
215 1577 239 1652 ⁵,
263 1577 339 1660 quia
364 1575 436 1639 finis
459 1581 507 1638 est
521 1594 632 1646 causa,
648 1591 707 1634 cur
722 1591 771 1634 me
799 1571 827 1632 ia
851 1509 1000 1636 veiimus.
1023 1571 1151 1635 Rursus

80 1679 175 1722 causa
197 1659 311 1743 quaeri
336 1666 460 1741 potest,
483 1675 543 1719 cur
566 1655 653 1738 ipsos
676 1650 756 1746 fines
778 1650 938 1729 vedimus,
961 1675 991 1716 e.
1016 1674 1067 1737 g.,
1090 1673 1152 1716 cur

81 1738 220 1804 velimus
242 1741 422 1814 sanitatem
446 1739 615 1821 quocirca,
638 1755 677 1798 ne
701 1731 847 1798 infinitus
869 1753 1058 1819 progressus
1077 1754 1153 1798 ceu·

80 1843 188 1886 sarum
212 1824 282 1887 sine
306 1821 469 1906 principio
492 1820 635 1884 existere
650 1815 791 1891 dicatur,
808 1813 1025 1881 admittendus
1046 1827 1092 1880 est
1116 1814 1154 1878 fi-

81 1904 143 1976 ois,
166 1905 221 1987 qui
245 1902 284 1969 ad
306 1903 407 1968 alium
431 1900 546 1966 referri
571 1921 634 1963 non
659 1907 785 1980 potest,
813 1895 866 1960 sed
893 1898 1097 1982 simpliciter,
1118 1911 1151 1964 et

79 1983 226 2050 absolute
251 1993 384 2069 propter
406 2005 439 2047 se
461 1984 642 2067 appetitur,
667 1989 700 2043 et
721 1981 880 2043 rationem
903 1981 1069 2056 continet,
1091 2001 1154 2044 cur

80 2075 186 2130 cetera
210 2069 320 2131 omnia
342 2075 546 2150 appetantur.
571 2063 634 2126 Hic
656 2061 730 2142 finis
751 2061 886 2124 nitimur
907 2065 1150 2147 nuncupatur⁸.

392 2185 599 2242 Αιιτ.111.-1)ο
618 2194 680 2237 actu
701 2185 847 2235 voluntatis

121 2297 190 2363 196.
215 2299 314 2360 Actus
336 2295 525 2368 voluntatis,
550 2315 666 2378 nempe
686 2292 911 2366 colomarium,
928 2293 970 2356 ita
985 2291 1152 2358 definitur:

80 2379 170 2442 Actio
191 2376 227 2441 ob
251 2379 372 2442 interno
391 2376 554 2461 principio
571 2374 738 2458 procedens
761 2395 832 2437 cum
854 2375 1021 2455 coercitione
1034 2375 1107 2459 pinis
1123 2375 1151 2440 ².

80 2459 137 2523 lita
163 2459 261 2523 verba
282 2457 320 2523 od
342 2463 465 2522 interno
482 2456 651 2540 principio
663 2455 827 2540 procedens
841 2455 1025 2540 significant
1043 2463 1154 2520 actum

80 2543 255 2606 voluntatis
277 2540 346 2605 fieri
370 2562 411 2604 ex
434 2538 568 2624 propria
583 2537 760 2602 voluntatis
776 2537 998 2602 inclinatione.
1021 2537 1154 2602 liiaau-

82 2634 147 2687 tem
168 2621 267 2688 verba
290 2643 361 2686 cum
383 2623 554 2703 copnr'tione
575 2621 650 2704 finis
673 2619 828 2684 denotant
855 2619 1015 2684 actionem
1038 2618 1155 2684 voluu-

81 2706 197 2769 turiam
222 2703 302 2769 ferri
320 2705 353 2767 in
368 2703 545 2778 obiectum,
561 2701 649 2786 quod
665 2699 920 2786 apprehenditur
942 2700 1042 2766 veluti
1065 2699 1154 2776 finis,

80 2807 137 2851 seu
161 2787 260 2850 veluti
284 2783 330 2859 id,
354 2786 391 2848 ad
415 2784 501 2868 quod
525 2784 611 2849 actio
634 2793 767 2867 spectat,
790 2794 821 2849 ct
843 2782 937 2847 cuius
958 2785 1060 2868 gratia
1075 2781 1110 2848 fit
1125 2785 1151 2846 ⁸.

123 2867 191 2931 197.
219 2867 245 2931 V
247 2867 404 2930 oluntorio
428 2865 606 2950 opponitur
638 2865 888 2929 involuntarium
910 2874 941 2929 ct
962 2883 1021 2926 aon
1044 2864 1155 2928 colun·

81 2949 212 3012 terium.
238 2947 495 3014 involuntarium
517 2944 642 3011 dicitur
665 2945 758 3021 iliud,
782 2945 868 3030 quod
883 2965 946 3008 non
962 2944 1066 3009 solum
1088 2966 1153 3009 non

83 3028 199 3114 pendet
223 3052 240 3094 a
264 3027 440 3106 voluntate,
456 3027 510 3094 sed
525 3029 624 3095 etiam
637 3027 736 3093 huius
751 3024 955 3093 inclinationi
977 3036 1153 3113 repugnat.

118 3349 125 3382 ¹
147 3347 222 3404 ibid..
246 3348 283 3396 De
301 3343 382 3401 molo,
402 3357 430 3406 q.
451 3339 497 3401 Vi,
518 3356 544 3391 a.
566 3353 612 3390 un.
633 3336 710 3388 o.-²
732 3337 759 3387 11ι
777 3336 829 3395 2²⁰,
849 3352 877 3400 q.
898 3333 970 3397 1111,
990 3352 1017 3390 a.
1033 3340 1050 3390 11
1069 3339 1102 3390 ad
1122 3339 1153 3390 2.

115 3419 126 3454 ³
148 3417 358 3480 1)1σιίοιι.ρ1ιί1.,
378 3419 431 3465 art.
453 3408 611 3466 Litora—⁶
632 3406 668 3462 ct
684 3425 711 3473 p.
733 3408 795 3467 163,
816 3414 873 3458 not.
893 3409 921 3460 3.

116 3491 129 3526 ὃ
148 3491 198 3552 (tq.
218 3491 316 3552 dimp..
339 3491 377 3538 De
400 3489 472 3545 Ver..
492 3501 520 3550 q.
540 3481 638 3539 11111,
652 3497 679 3531 a.
696 3482 706 3530 1
723 3481 756 3530 ad
770 3480 797 3538 3,
811 3487 839 3530 et
853 3483 943 3533 contr.
956 3483 1044 3542 Genu,
1066 3483 1115 3533 tib.
1133 3481 1155 3544 i,

82 3575 108 3611 c.
131 3561 175 3616 71,
196 3575 223 3609 ιι.
246 3559 323 3610 ³.-⁵
344 3561 370 3609 ¹²
390 3559 442 3617 2³²,
461 3574 488 3623 q.
511 3556 532 3615 Ι,
552 3571 579 3606 a.
603 3556 619 3605 t
640 3569 666 3604 c.

119 3632 131 3670 1
152 3633 230 3692 toiri„
251 3629 393 3697 ιι.111,ι.
414 3633 430 3684 t
450 3629 633 3688 c.—⁸1d'r'd.,
653 3639 681 3694 q.
702 3626 764 3687 cit.,
785 3637 812 3676 a.
836 3625 846 3674 1
868 3637 895 3682 e.
