2475 3909
151 136 192 201 72
537 156 743 206 nootcan

112 239 235 325 quippe
256 259 339 386 epam
361 259 436 316 non,
458 239 506 304 nti
528 249 624 316 artes,
646 240 687 306 ad
707 241 934 328 particularem
948 240 1093 317 modum,
1107 262 1176 328 quo

113 321 183 398 hoc,
206 333 239 388 et
259 321 340 386 rlud
363 343 382 386 o
406 342 445 385 us
465 322 613 400 efficitur,
637 335 792 409 spectant,
807 324 914 390 esdad
932 323 1011 389 illud
1033 335 1174 400 tantum,

112 413 150 500 nt
168 404 368 470 universales
385 343 497 490 leges,
518 404 641 489 quibus
661 406 792 492 aliquod
814 428 914 494 penus
934 428 1070 492 operum
1091 406 1176 473 diri-

115 494 215 570 grtur,
238 496 411 572 exponant.
513 538 517 548 .

152 567 203 636 65.
226 568 382 645 Quemvis
415 578 523 634 autem
556 571 691 636 scientie
718 569 760 635 ab
787 581 854 637 arte
882 568 1033 646 diderat,
1064 582 1176 635 tamen

112 648 247 714 scientia
274 649 413 717 alicuius
439 652 518 716 artis
547 649 641 716 condi
674 661 789 738 potest.
819 653 969 731 Etenim,
996 654 1044 718 uti
1073 652 1176 739 paulo

113 740 184 795 ante
207 729 454 811 adnotavimus,
483 735 603 799 artium
631 734 763 821 regulae
791 744 901 813 tutae,
923 745 956 799 et
976 747 1081 801 rectae
1102 755 1176 799 esse

112 831 177 876 non
199 826 344 897 possunt,
358 815 421 880 nisi
436 835 477 880 ex
491 817 662 900 principiis
684 837 806 893 rerum,
821 816 861 882 ad
876 837 957 902 quas
973 817 1174 890 reseruntur,

113 905 263 960 accurate
284 893 481 963 deriventur.
497 898 705 985 Quapropter
719 899 905 984 investigari
920 897 1089 966 dumtaxat
1102 919 1178 985 pos-

114 989 189 1042 sunt
209 977 396 1044 huiusmodi
417 981 603 1066 principia,
631 980 751 1078 quibus
778 983 908 1068 regulae
937 979 1074 1047 alienius
1093 981 1179 1046 artis

115 1058 319 1137 innituntur,
341 1070 437 1146 atque
464 1062 509 1128 ita
537 1063 671 1128 scientia
699 1061 790 1128 illius
816 1065 896 1129 artis
923 1063 1006 1129 ellici
1031 1062 1176 1148 potest&

114 1139 276 1219 Scientia,
298 1163 382 1262 quae
403 1146 491 1210 circa
518 1145 675 1230 ingenuas
698 1154 784 1211 artes
806 1154 979 1223 versatur,
1001 1145 1179 1209 Aeetletieu

115 1242 223 1286 nuncu
249 1233 322 1288 atur
348 1275 355 1288 .

153 1303 204 1370 66.
226 1241 279 1370 Idd
300 1308 434 1374 tertium
452 1307 538 1394 quod
555 1311 680 1388 attinet,
695 1309 847 1375 scientiae
861 1329 904 1373 ex
918 1328 957 1372 eo
971 1307 1180 1394 distinguun-

115 1395 185 1464 tur,
208 1387 295 1473 qnod
316 1388 356 1455 de
380 1388 515 1456 diversis
535 1391 670 1459 obiectis
691 1401 840 1458 tractant.
863 1392 910 1455 lta
934 1389 1122 1465 Tleoda'ceo,
1142 1401 1180 1454 et

115 1467 318 1554 Pryelwlopio
332 1470 480 1538 diversae
501 1485 576 1540 sunt
597 1475 762 1551 scientiae,
778 1474 857 1558 quia
871 1470 929 1537 illa
941 1471 982 1536 de
996 1473 1076 1549 Deo,
1095 1472 1179 1536 haec

114 1547 153 1613 de
176 1553 284 1616 anima
305 1556 443 1618 humana
467 1565 591 1624 tractat.
616 1560 756 1623 atvero
784 1555 937 1620 scientiae
966 1555 1051 1619 inter
1071 1574 1104 1617 se
1126 1551 1180 1616 di-

115 1634 322 1717 stinguuntur
341 1655 384 1699 ex
404 1633 591 1706 diversitate
612 1639 662 1704 sni
686 1639 803 1704 obiecti
824 1635 1017 1702 considerati
1033 1656 1096 1699 non
1110 1654 1179 1698 mu·

116 1715 284 1794 terinliter,
307 1737 422 1803 nempe
442 1719 475 1783 in
497 1741 548 1799 se,
571 1721 626 1787 sed
647 1721 840 1804 formaliter,
863 1737 978 1804 nempe
999 1714 1180 1783 secundum

116 1797 302 1883 principia,
325 1820 366 1864 ex
387 1800 505 1885 quibus
526 1805 740 1890 cognoscitur.
763 1804 969 1887 Quapropter
996 1801 1104 1886 plnres
1123 1818 1180 1863 res

116 1898 194 1976 upa,
216 1878 393 1968 eademque
414 1883 548 1951 scientie
570 1889 784 1984 continentur,
807 1886 834 1950 si
856 1904 898 1948 ex
918 1881 1034 1948 iisdem
1055 1882 1181 1967 princi-

116 1974 811 2134 ttttttt‘tttltttlttttttl‘t‘tt
824 1963 1179 2131 ”ttrttltttltptt

116 2124 350 2192 consideretur.
373 2129 412 2193 Ε.
438 2151 482 2215 g„
504 2135 562 2198 etsi
585 2155 687 2198 unum
708 2135 752 2199 sit
772 2132 935 2197 obiectum
957 2149 1034 2193 cum
1054 2126 1180 2193 revela-

118 2213 191 2284 tae,
213 2216 283 2273 tum
303 2211 457 2276 naturalis
477 2211 693 2301 Theologiae,
715 2215 773 2280 hae
794 2225 902 2281 tamen
930 2211 1076 2276 diversae
1104 2219 1180 2281 sunt

118 2288 288 2367 scientiae,
310 2291 388 2375 quia
410 2291 466 2359 illa
487 2315 529 2360 ex
549 2297 723 2384 principiis
742 2297 907 2373 revelatis,
929 2294 1006 2363 haec
1026 2313 1068 2358 ex
1089 2292 1182 2378 prin-

160 2471 167 2508 ¹
188 2466 225 2524 ct
240 2483 268 2534 p.
289 2470 317 2521 ³.

154 2541 301 2598 *Historia
319 2543 399 2593 ettam
419 2542 509 2605 aliqua
528 2543 632 2594 ratione
655 2541 799 2592 scientifica
826 2543 893 2592 trrdt
920 2550 1021 2607 potest.
1047 2550 1182 2608 qnatenus

120 2629 216 2682 nempe
235 2615 405 2679 philosophae
419 2616 444 2664 ln
457 2609 616 2679 lleguornm.
631 2618 658 2664 et
672 2613 844 2677 ltnperiornm
863 2617 978 2667 alatoriis
997 2618 1183 2681 pervolvendis

120 2691 208 2753 potest
225 2702 319 2739 canses
336 2689 475 2752 erqnlrere
497 2693 658 2744 eventuum.
678 2701 744 2751 quoe
763 2688 835 2751 ipsae
853 2696 995 2750 enarrant,
1014 2689 1184 2740 etinimad-

122 2764 253 2813 versiones
272 2760 467 2824 philosophloas
486 2762 513 2810 in
532 2759 669 2823 historiam
682 2760 808 2819 scribere;
829 2760 854 2810 id
872 2762 941 2824 qood
961 2777 976 2813 a
995 2777 1018 2813 e.
1031 2761 1183 2826 Augustino

121 2830 345 2902 (ridpraesertim
363 2833 496 2898 egregium
509 2833 567 2884 eine
580 2845 646 2896 opur
660 2833 697 2883 lle
709 2835 764 2884 cin.
780 2827 837 2901 Det)
851 2834 921 2884 inter
939 2839 1080 2896 recenset
1091 2847 1106 2884 a
1118 2830 1185 2885 Bos-

121 2912 197 2958 sueto
217 2905 354 2970 tuorem
371 2920 417 2956 rur
433 2904 565 2956 t’ltirtoire
582 2905 748 2961 nntwrelle.
768 2903 841 2956 Parte
862 2904 942 2976 teet)
966 2908 1034 2957 inter
1060 2912 1184 2957 recentes

122 2991 185 3043 prae
204 2978 300 3028 ceteris
318 2976 511 3040 uptentiretme
533 2975 704 3028 factumest.
725 2976 760 3029 At
778 2978 924 3028 carendum
952 2980 1043 3031 eatan
1070 2980 1183 3032 ttlornm

121 3063 222 3108 amore,
242 3050 299 3115 qul,
319 3046 414 3102 Vinum
431 3052 551 3100 nostrum
570 3046 709 3118 (Prtooiptt'
719 3052 745 3100 dl
756 3065 809 3101 uno
821 3052 928 3102 Sotenrn
939 3065 1025 3103 naono
1042 3053 1185 3103 d'tntornn

14 3127 19 3136 '
122 3125 176 3176 nlla
194 3135 300 3174 comune
317 3127 412 3172 notura
435 3122 499 3172 delle
522 3115 641 3189 onztoot)
665 3124 765 3182 wenti,
786 3124 812 3172 in
830 3135 862 3174 ea
880 3126 1008 3175 sententia
1027 3127 1182 3184 vereantur,

122 3209 205 3261 genus
223 3196 362 3246 hominnm
380 3195 526 3246 secundnm
545 3195 673 3259 quaedam
693 3197 855 3246 neeessmias
867 3195 949 3259 leges,
962 3210 1032 3260 qnae
1045 3197 1071 3245 in
1084 3201 1184 3248 natura

122 3271 178 3332 ipsa
199 3268 314 3319 humana
332 3266 433 3318 radices
445 3272 537 3330 agunt.
552 3267 672 3331 progrcdt
686 3267 792 3327 debere,
806 3268 966 3332 pmindeqne
979 3282 1011 3318 er
1024 3268 1066 3320 his
1079 3269 1184 3331 legibue

122 3343 260 3392 seientiam
279 3339 404 3391 lrirtortae
428 3341 530 3404 generis
554 3338 662 3389 hnmani
689 3342 794 3403 proprio
818 3354 896 3390 sensu
920 3347 1058 3402 acceptam
1084 3340 1185 3392 eoutlet

125 3426 210 3477 porse.
232 3411 331 3464 Verum
350 3423 427 3462 nemo
447 3426 498 3463 non
515 3412 585 3462 ridet
596 3412 800 3463 abnormitatenr
813 3412 892 3463 holus
904 3413 1043 3464 scientiae.
1056 3405 1090 3462 Et
1101 3425 1183 3474 eene,

126 3486 234 3536 materia
253 3483 378 3537 oetentiae
396 3489 438 3536 eet
457 3485 493 3543 td,
513 3486 582 3549 quod
601 3490 641 3534 est
660 3486 849 3544 necessarium,
869 3490 897 3534 et
915 3485 1090 3543 immunitum
1104 3488 1185 3549 etqui

126 3558 243 3609 actiones
261 3557 394 3608 hnmanae
412 3564 472 3609 sunt
492 3557 605 3614 liberter
624 3556 762 3619 engeltart
782 3571 916 3624 nunqnam
936 3563 1032 3625 potest,
1052 3563 1082 3610 nt
1099 3557 1187 3612 tristo-

124 3631 183 3684 rtae
202 3631 312 3684 tetentta
331 3630 436 3695 proprie
453 3630 523 3682 dtcta
543 3627 709 3682 condoletur.
