2475 3909
134 109 193 206 156
531 151 737 203 uosuotoom

88 241 166 310 dine
191 241 315 315 morali,
361 241 394 304 ui
419 239 507 304 circa
529 240 688 304 humanas
706 240 849 304 actiones
871 248 1042 314 versatur,
1065 248 1170 324 prout

90 325 149 390 hae
172 322 211 389 ad
235 323 330 389 linem
375 323 493 387 ominis
516 333 683 403 spectant3
706 321 847 407 denique
869 341 909 384 ue
929 332 1063 386 cunctos
1084 339 1171 383 euu-

91 427 271 552 yneplemus,
296 403 337 468 ab
360 402 474 468 ordine
493 405 638 490 politico,
661 405 775 488 inquo
800 401 996 489 gubernatio
1018 403 1169 468 civitatis

108 511 148 552 un
175 498 259 553 atur.

133 572 203 637 139.
226 567 391 644 Narmae,
414 561 593 632 secundum
615 587 697 650 quas
716 565 797 631 ordo
821 567 973 654 physicus
994 565 1166 637 efficitur,

90 651 177 738 leges
199 661 342 725 noturus,
364 647 414 714 vel
434 649 579 735 physicas
601 649 794 723 vocantur¹;
811 658 843 713 et
858 648 1047 713 consecutio
1067 667 1167 712 eveu-

89 745 183 799 tuum
205 730 383 797 secundum
405 732 553 796 ordinem
577 729 760 819 physicum,
782 732 913 796 nomine
935 750 1048 794 currus
1070 739 1168 793 notra-

88 837 141 879 rus
164 815 362 897 designatur.

136 953 278 1007 Asmva-
287 951 389 1005 Ordinia
409 953 538 1004 naturalis
557 953 709 1010 existentia,
730 959 758 1004 ct
776 954 875 1004 ordinis
895 953 1111 1017 supernaturalis

442 1024 602 1088 possibilitas
621 1027 798 1076 adstruuntur

133 1145 191 1208 llis
214 1143 404 1211 notionibus
431 1146 644 1230 praestitutis,
671 1143 901 1231 inquirendum
924 1144 1019 1210 nobis
1040 1154 1103 1224 ost,
1123 1169 1165 1211 an

87 1224 170 1291 ordo
193 1227 347 1294 naturalis
370 1227 403 1292 in
431 1226 553 1292 mundo
575 1230 704 1304 existat,
727 1239 824 1314 atquc
846 1249 887 1293 au
911 1225 992 1294 ordo
1007 1245 1166 1314 superna·

88 1308 203 1374 taralis
225 1310 268 1374 sit
289 1307 492 1395 possibilisl.

131 1391 200 1456 tto.
225 1392 322 1477 Prop.
348 1391 393 1458 1¹.
418 1393 503 1459 Ordo
524 1391 680 1457 notraralt's
703 1395 737 1456 in
757 1391 871 1456 mondo
892 1393 1014 1456 existit.

132 1471 301 1537 Probatur.
325 1470 410 1538 Deus
432 1472 588 1538 mnndum
612 1477 656 1539 ita
679 1473 807 1549 debuit,
822 1485 855 1540 et
869 1474 963 1539 scivit
976 1490 1105 1548 creare,
1127 1484 1165 1538 ut

87 1551 168 1631 tini,
192 1553 349 1640 adquam
373 1557 480 1641 ipsum
508 1555 706 1634 destinavit,
730 1556 930 1624 adamussim
954 1553 1161 1641 respondeat.

87 1637 189 1720 Atqui
211 1635 350 1701 mundas
376 1658 439 1701 non
462 1647 568 1732 potest
590 1637 689 1704 finem
709 1640 864 1722 assequi,
889 1637 928 1702 ad
951 1659 1050 1717 quem
1073 1634 1163 1702 Deus

89 1715 183 1781 illum
205 1715 388 1794 destinarit,
413 1718 473 1782 nist
498 1719 580 1784 ordo
602 1722 635 1785 in
659 1724 730 1807 ipso
752 1722 882 1797 existat,
906 1722 983 1805 quia
1007 1720 1103 1796 ordo,
1126 1729 1164 1784 ut
1235 1740 1236 1753 ¹

86 1797 246 1874 diximus,
262 1811 310 1865 est
324 1811 398 1883 apta
416 1802 558 1886 partium
581 1802 621 1867 ad
646 1803 742 1868 linem
765 1825 800 1867 as
859 1801 1001 1867 nandum
1016 1802 1161 1887 disposi-
1235 1854 1236 1881 ,

87 1883 145 1948 tio.
170 1881 271 1966 Ergo,
294 1883 321 1947 si
343 1885 431 1948 Dens
452 1894 500 1947 est
523 1894 639 1949 auctor
660 1885 787 1963 mundi,
802 1905 841 1949 or
865 1885 952 1950 inem
978 1885 1011 1948 in
1035 1881 1160 1948 mundo

86 1983 157 2028 csse
181 1983 239 2049 pro
262 1975 351 2030 certo
373 1964 557 2030 habendum
579 1969 664 2033 θεῖ’.

129 2045 200 2110 llll.
223 2045 316 2122 Quod
340 2049 367 2110 si
391 2046 526 2111 resista
550 2066 625 2112 ciam
648 2050 689 2114 iis
708 2060 845 2133 agatur,
873 2049 930 2134 qni
958 2046 1065 2110 Deum
1090 2067 1162 2111 esse

86 2136 253 2192 auctorem
277 2129 389 2194 mundi
407 2139 539 2212 negant,
558 2131 778 2215 argumentari
794 2128 948 2195 adversus
971 2130 979 2192 i
1006 2148 1060 2192 sos
1082 2127 1161 2194 licet

86 2206 146 2272 hoc
169 2207 288 2273 modo:
314 2212 373 2286 Ea,
396 2231 480 2294 quaa
512 2210 542 2272 in
569 2211 691 2276 mundo
717 2223 816 2289 sunt,
840 2212 919 2299 ipsis
946 2149 1060 2277 taleis
1096 2231 1161 2276 non

88 2286 314 2368 diffitentibus,
331 2292 466 2356 unicum
489 2303 627 2378 systema
642 2295 796 2359 efficiunt.
820 2294 919 2379 Atqui
935 2313 976 2357 ex
996 2290 1160 2376 pluribus,

86 2368 291 2456 diversisque
314 2374 423 2448 rebus,
448 2373 632 2438 cuiusmodi
654 2384 728 2439 sont
750 2375 945 2448 mundanae,
968 2373 1103 2458 aliquod
1126 2396 1163 2439 n-

85 2452 196 2518 nicum
219 2466 356 2541 systema
378 2474 539 2538 exurgere
562 2475 627 2520 non
648 2466 765 2554 potest,
782 2458 842 2522 nisi
859 2455 1030 2543 speciales,
1053 2456 1163 2521 dincr-

84 2535 179 2620 siquo
200 2557 312 2602 aarum
335 2537 414 2604 fines
428 2537 469 2602 ad
488 2535 583 2602 finem
606 2557 741 2604 unacum
764 2540 863 2604 totius
881 2539 1063 2626 systematis
1084 2557 1162 2603 con·

122 2761 129 2797 ¹
151 2757 301 2810 &cundum
321 2774 343 2811 a.
364 2755 492 2808 'lucinam
519 2760 569 2809 trac
595 2759 667 2821 logos
690 2763 753 2809 snut
775 2758 907 2822 quaedam
932 2763 1119 2822 impressiones
1143 2776 1159 2811 a

84 2829 140 2883 ileo
160 2831 246 2882 lactas
266 2834 291 2882 tn
312 2833 389 2882 rebus
410 2833 511 2881 ratione
533 2830 706 2888 carentibus,
726 2835 757 2880 nt
776 2833 827 2882 has
846 2832 873 2880 in
891 2836 995 2881 cartam
1016 2830 1099 2881 linem
1120 2835 1161 2884 tu-

85 2907 237 2963 clinnntnr,
262 2909 342 2968 atquo
361 2905 572 2954 ‹tstsrmlncutur
591 2903 624 2952 ab
644 2916 697 2952 uno
716 2916 780 2966 prae
804 2904 858 2954 atto
877 2904 955 2952 modo
980 2904 1160 2966 operandum:

88 2998 106 3022 ι
122 2975 195 3029 Sicut
215 2977 295 3025 homo
315 2976 442 3038 imprimit
467 2974 647 3025 denuntiando
665 2975 798 3038 quoddam
818 2975 927 3025 interius
952 2976 1113 3038 principium
1133 2989 1162 3025 a·

84 3057 179 3100 cinnm
198 3048 297 3098 homini
318 3047 366 3098 sihi
386 3047 515 3105 subiecto,
530 3049 565 3097 ita
583 3047 666 3098 stiam
681 3045 749 3097 Deus
763 3047 890 3109 imprimit
903 3049 951 3097 totl
964 3052 1077 3097 naturae
1090 3049 1160 3110 prin·

84 3123 153 3186 cipta
174 3122 340 3186 propriorum
360 3123 481 3178 actuum,
495 3124 523 3170 et
542 3120 600 3168 ldco
618 3131 667 3183 par
679 3119 750 3169 launc
770 3119 878 3169 modum
893 3117 961 3169 llsua
974 3120 1072 3170 dicitur
1085 3133 1160 3183 pras·

83 3195 175 3256 cipere
194 3195 242 3242 toti
261 3197 373 3242 naturae
395 3209 420 3249 s,
444 3191 471 3239 1⁸
490 3191 549 3250 2³0,
570 3203 597 3253 q.
621 3184 685 3250 XC,
704 3205 730 3242 a.
752 3191 814 3242 lc.
834 3187 884 3241 Sed
904 3191 937 3241 ds
955 3191 1008 3242 hac
1026 3205 1056 3241 rs
1077 3193 1161 3242 luston

85 3278 172 3314 sermo
190 3267 244 3314 erit
262 3265 288 3314 in
309 3265 406 3315 Parma.
429 3264 533 3320 maroli,
554 3277 581 3326 p.
604 3259 627 3320 Ι,
647 3276 673 3312 c.
696 3260 742 3322 tv,
761 3275 789 3313 a.
809 3262 837 3322 a,
856 3263 902 3314 ubi
920 3264 955 3314 ds
974 3265 1031 3327 loqu
1047 3269 1158 3314 aeterua

85 3337 165 3384 verba
186 3335 326 3384 iaciemus.

122 3403 134 3440 ²
152 3403 356 3454 Possibitttatam
376 3405 514 3454 dumtaxat
533 3405 631 3454 ordinis
650 3407 862 3467 snpsmatnralis
887 3404 1061 3469 Philosophus
1087 3407 1161 3456 inve·

86 3475 184 3535 stigsrn
203 3475 290 3532 debat,
306 3489 366 3525 nam
381 3473 573 3538 Theologornm
593 3480 634 3524 ast
654 3478 797 3540 inquinare,
818 3482 921 3538 utrum,
941 3491 990 3530 neo
1009 3491 1042 3532 nc
1062 3479 1160 3548 aliquis

1 3563 3 3576 =
86 3543 153 3596 ordo
172 3547 383 3602 supernaturalis
400 3561 416 3595 a
439 3545 492 3596 lieo
513 3548 538 3595 tn
558 3547 657 3596 mnndo
676 3552 836 3600 constitutus
854 3549 897 3605 stt.

122 3613 135 3652 ⁵
156 3608 191 3668 Cl
205 3627 229 3666 s.
250 3610 358 3676 raon,
381 3618 409 3668 ¹²
427 3616 478 3676 2³²,
499 3629 525 3668 o.
546 3614 602 3679 Cll,
623 3631 650 3669 a.
670 3619 686 3674 2
706 3635 731 3677 a.

1 3789 96 3844 A
