<?xml version="1.0" encoding="UTF-8"?>
<!DOCTYPE html PUBLIC "-//W3C//DTD XHTML 1.0 Transitional//EN"
    "http://www.w3.org/TR/xhtml1/DTD/xhtml1-transitional.dtd">
<html xmlns="http://www.w3.org/1999/xhtml" xml:lang="en" lang="en">
 <head>
  <title>
</title>
<meta http-equiv="Content-Type" content="text/html;charset=utf-8" />
  <meta name='ocr-system' content='tesseract 3.04.00' />
  <meta name='ocr-capabilities' content='ocr_page ocr_carea ocr_par ocr_line ocrx_word'/>
</head>
<body>
  <div class='ocr_page' id='page_1' title='image "./philosophiachri00sansgoog_0041.png"; bbox 0 0 2475 3909; ppageno 0'>
   <div class='ocr_carea' id='block_1_1' title="bbox 474 158 1062 225">
    <p class='ocr_par' dir='ltr' id='par_1_1' title="bbox 474 158 1062 225">
     <span class='ocr_line' id='line_1_1' title="bbox 474 158 1062 225; baseline -0.002 -2"><span class='ocrx_word' id='word_1_1' title='bbox 474 178 556 225; x_wconf 72' lang='lat' dir='ltr'><strong>nans</strong></span> <span class='ocrx_word' id='word_1_2' title='bbox 577 180 681 225; x_wconf 80' lang='lat' dir='ltr'><strong>nnius</strong></span> <span class='ocrx_word' id='word_1_3' title='bbox 1021 158 1062 222; x_wconf 79' lang='lat'><strong>25</strong></span> 
     </span>
    </p>
   </div>
   <div class='ocr_carea' id='block_1_2' title="bbox 48 257 1182 1992">
    <p class='ocr_par' dir='ltr' id='par_1_2' title="bbox 50 257 1103 439">
     <span class='ocr_line' id='line_1_2' title="bbox 50 257 1103 357; baseline 0.001 -34"><span class='ocrx_word' id='word_1_4' title='bbox 50 260 192 327; x_wconf 85' lang='lat' dir='ltr'><strong>nnnitati</strong></span> <span class='ocrx_word' id='word_1_5' title='bbox 215 270 352 357; x_wconf 88' lang='lat' dir='ltr'><strong>praeest,</strong></span> <span class='ocrx_word' id='word_1_6' title='bbox 380 280 454 326; x_wconf 90' lang='lat' dir='ltr'><strong>cum</strong></span> <span class='ocrx_word' id='word_1_7' title='bbox 475 259 579 345; x_wconf 79' lang='lat' dir='ltr'><strong>legem</strong></span> <span class='ocrx_word' id='word_1_8' title='bbox 600 258 823 327; x_wconf 73' lang='lat' dir='ltr'><strong>communitati</strong></span> <span class='ocrx_word' id='word_1_9' title='bbox 843 257 958 324; x_wconf 88' lang='lat' dir='ltr'><strong>utilem</strong></span> <span class='ocrx_word' id='word_1_10' title='bbox 979 257 1103 324; x_wconf 89' lang='lat' dir='ltr'><strong>iudica-</strong></span> 
     </span>
     <span class='ocr_line' id='line_1_3' title="bbox 50 338 958 439; baseline -0.004 -32"><span class='ocrx_word' id='word_1_11' title='bbox 50 344 138 421; x_wconf 72' lang='lat' dir='ltr'><strong>verit,</strong></span> <span class='ocrx_word' id='word_1_12' title='bbox 162 340 226 407; x_wconf 85' lang='lat' dir='ltr'><strong>siln</strong></span> <span class='ocrx_word' id='word_1_13' title='bbox 246 340 399 407; x_wconf 87' lang='lat' dir='ltr'><strong>subiectis</strong></span> <span class='ocrx_word' id='word_1_14' title='bbox 425 341 574 439; x_wconf 87' lang='lat' dir='ltr'><strong>imperat,</strong></span> <span class='ocrx_word' id='word_1_15' title='bbox 596 352 634 409; x_wconf 93' lang='lat' dir='ltr'><strong>ut</strong></span> <span class='ocrx_word' id='word_1_16' title='bbox 652 341 755 427; x_wconf 82' lang='lat' dir='ltr'><strong>ipsam</strong></span> <span class='ocrx_word' id='word_1_17' title='bbox 775 338 958 407; x_wconf 79' lang='lat' dir='ltr'><strong>observent.</strong></span> 
     </span>
    </p>

    <p class='ocr_par' dir='ltr' id='par_1_3' title="bbox 48 422 1182 1727">
     <span class='ocr_line' id='line_1_4' title="bbox 81 422 1098 511; baseline -0.002 -21"><span class='ocrx_word' id='word_1_18' title='bbox 81 424 132 490; x_wconf 72' lang='lat'><strong>54.</strong></span> <span class='ocrx_word' id='word_1_19' title='bbox 156 426 193 491; x_wconf 93' lang='lat' dir='ltr'><strong>ln</strong></span> <span class='ocrx_word' id='word_1_20' title='bbox 215 422 359 511; x_wconf 85' lang='lat' dir='ltr'><strong>quolibet</strong></span> <span class='ocrx_word' id='word_1_21' title='bbox 379 423 513 500; x_wconf 75' lang='lat' dir='ltr'><strong>iudicio,</strong></span> <span class='ocrx_word' id='word_1_22' title='bbox 528 426 576 491; x_wconf 92' lang='lat' dir='ltr'><strong>uti</strong></span> <span class='ocrx_word' id='word_1_23' title='bbox 590 448 633 491; x_wconf 86' lang='lat' dir='ltr'><strong>ex</strong></span> <span class='ocrx_word' id='word_1_24' title='bbox 648 424 729 509; x_wconf 89' lang='lat' dir='ltr'><strong>ipsa,</strong></span> <span class='ocrx_word' id='word_1_25' title='bbox 744 444 841 508; x_wconf 89' lang='lat' dir='ltr'><strong>quam</strong></span> <span class='ocrx_word' id='word_1_26' title='bbox 855 423 1098 509; x_wconf 79' lang='lat' dir='ltr'><strong>explicavimus,</strong></span> 
     </span>
     <span class='ocr_line' id='line_1_5' title="bbox 48 505 1102 586; baseline 0 -15"><span class='ocrx_word' id='word_1_27' title='bbox 48 506 111 573; x_wconf 87' lang='lat' dir='ltr'><strong>eius</strong></span> <span class='ocrx_word' id='word_1_28' title='bbox 132 518 250 573; x_wconf 86' lang='lat' dir='ltr'><strong>natura</strong></span> <span class='ocrx_word' id='word_1_29' title='bbox 270 505 453 586; x_wconf 90' lang='lat' dir='ltr'><strong>conficitur,</strong></span> <span class='ocrx_word' id='word_1_30' title='bbox 476 507 535 573; x_wconf 87' lang='lat' dir='ltr'><strong>tria</strong></span> <span class='ocrx_word' id='word_1_31' title='bbox 555 508 713 574; x_wconf 87' lang='lat' dir='ltr'><strong>elementa</strong></span> <span class='ocrx_word' id='word_1_32' title='bbox 734 506 951 573; x_wconf 78' lang='lat' dir='ltr'><strong>inveniuntur.</strong></span> <span class='ocrx_word' id='word_1_33' title='bbox 968 505 1015 569; x_wconf 85' lang='lat' dir='ltr'><strong>Ea</strong></span> <span class='ocrx_word' id='word_1_34' title='bbox 1028 516 1102 571; x_wconf 91' lang='lat' dir='ltr'><strong>sunt</strong></span> 
     </span>
     <span class='ocr_line' id='line_1_6' title="bbox 49 584 1101 675; baseline 0.002 -24"><span class='ocrx_word' id='word_1_35' title='bbox 49 584 124 655; x_wconf 84' lang='lat' dir='ltr'><strong>duae</strong></span> <span class='ocrx_word' id='word_1_36' title='bbox 148 590 317 667; x_wconf 88' lang='lat' dir='ltr'><strong>notiones,</strong></span> <span class='ocrx_word' id='word_1_37' title='bbox 338 608 453 675; x_wconf 83' lang='lat' dir='ltr'><strong>nempe</strong></span> <span class='ocrx_word' id='word_1_38' title='bbox 474 608 539 655; x_wconf 88' lang='lat' dir='ltr'><strong>una</strong></span> <span class='ocrx_word' id='word_1_39' title='bbox 561 589 711 667; x_wconf 77' lang='lat' dir='ltr'><strong>subiecti,</strong></span> <span class='ocrx_word' id='word_1_40' title='bbox 733 588 792 653; x_wconf 89' lang='lat' dir='ltr'><strong>hoc</strong></span> <span class='ocrx_word' id='word_1_41' title='bbox 814 599 882 668; x_wconf 89' lang='lat' dir='ltr'><strong>est,</strong></span> <span class='ocrx_word' id='word_1_42' title='bbox 905 588 995 653; x_wconf 89' lang='lat' dir='ltr'><strong>notio</strong></span> <span class='ocrx_word' id='word_1_43' title='bbox 1015 588 1101 666; x_wconf 91' lang='lat' dir='ltr'><strong>eins,</strong></span> 
     </span>
     <span class='ocr_line' id='line_1_7' title="bbox 51 669 1182 759; baseline 0.003 -26"><span class='ocrx_word' id='word_1_44' title='bbox 51 690 117 737; x_wconf 85' lang='lat' dir='ltr'><strong>eum</strong></span> <span class='ocrx_word' id='word_1_45' title='bbox 138 693 206 757; x_wconf 88' lang='lat' dir='ltr'><strong>quo</strong></span> <span class='ocrx_word' id='word_1_46' title='bbox 228 670 350 757; x_wconf 89' lang='lat' dir='ltr'><strong>aliquid</strong></span> <span class='ocrx_word' id='word_1_47' title='bbox 372 670 589 755; x_wconf 81' lang='lat' dir='ltr'><strong>coniungitur,</strong></span> <span class='ocrx_word' id='word_1_48' title='bbox 606 671 657 736; x_wconf 85' lang='lat' dir='ltr'><strong>vel</strong></span> <span class='ocrx_word' id='word_1_49' title='bbox 670 693 690 735; x_wconf 92' lang='lat' dir='ltr'><strong>a</strong></span> <span class='ocrx_word' id='word_1_50' title='bbox 703 690 769 757; x_wconf 85' lang='lat' dir='ltr'><strong>qno</strong></span> <span class='ocrx_word' id='word_1_51' title='bbox 782 669 907 756; x_wconf 87' lang='lat' dir='ltr'><strong>aliquid</strong></span> <span class='ocrx_word' id='word_1_52' title='bbox 922 679 1103 756; x_wconf 84' lang='lat' dir='ltr'><strong>separatur,</strong></span> <span class='ocrx_word' id='word_1_53' title='bbox 1177 750 1182 759; x_wconf 20' lang='grc' dir='ltr'>ι</span> 
     </span>
     <span class='ocr_line' id='line_1_8' title="bbox 51 752 1103 837; baseline 0.003 -22"><span class='ocrx_word' id='word_1_54' title='bbox 51 764 78 816; x_wconf 87' lang='lat' dir='ltr'><strong>et</strong></span> <span class='ocrx_word' id='word_1_55' title='bbox 98 755 200 821; x_wconf 86' lang='lat' dir='ltr'><strong>altera</strong></span> <span class='ocrx_word' id='word_1_56' title='bbox 222 754 381 829; x_wconf 79' lang='lat' dir='ltr'><strong>attributi,</strong></span> <span class='ocrx_word' id='word_1_57' title='bbox 394 773 453 818; x_wconf 88' lang='lat' dir='ltr'><strong>seu</strong></span> <span class='ocrx_word' id='word_1_58' title='bbox 465 755 652 837; x_wconf 82' lang='lat' dir='ltr'><strong>praedicati,</strong></span> <span class='ocrx_word' id='word_1_59' title='bbox 666 755 726 820; x_wconf 94' lang='lat' dir='ltr'><strong>hoc</strong></span> <span class='ocrx_word' id='word_1_60' title='bbox 739 764 798 831; x_wconf 88' lang='lat' dir='ltr'><strong>est,</strong></span> <span class='ocrx_word' id='word_1_61' title='bbox 814 754 903 818; x_wconf 92' lang='lat' dir='ltr'><strong>notio</strong></span> <span class='ocrx_word' id='word_1_62' title='bbox 916 755 1000 829; x_wconf 87' lang='lat' dir='ltr'><strong>eius,</strong></span> <span class='ocrx_word' id='word_1_63' title='bbox 1015 752 1103 837; x_wconf 88' lang='lat' dir='ltr'><strong>quod</strong></span> 
     </span>
     <span class='ocr_line' id='line_1_9' title="bbox 51 835 1104 923; baseline 0.004 -26"><span class='ocrx_word' id='word_1_64' title='bbox 51 856 117 899; x_wconf 89' lang='lat' dir='ltr'><strong>cnm</strong></span> <span class='ocrx_word' id='word_1_65' title='bbox 138 836 285 902; x_wconf 85' lang='lat' dir='ltr'><strong>subiecto</strong></span> <span class='ocrx_word' id='word_1_66' title='bbox 306 835 527 920; x_wconf 80' lang='lat' dir='ltr'><strong>coniungitur,</strong></span> <span class='ocrx_word' id='word_1_67' title='bbox 550 838 601 903; x_wconf 87' lang='lat' dir='ltr'><strong>vel</strong></span> <span class='ocrx_word' id='word_1_68' title='bbox 621 836 663 901; x_wconf 77' lang='lat' dir='ltr'><strong>alr</strong></span> <span class='ocrx_word' id='word_1_69' title='bbox 683 857 723 901; x_wconf 92' lang='lat' dir='ltr'><strong>eo</strong></span> <span class='ocrx_word' id='word_1_70' title='bbox 742 847 925 923; x_wconf 87' lang='lat' dir='ltr'><strong>separatur,</strong></span> <span class='ocrx_word' id='word_1_71' title='bbox 941 849 1034 923; x_wconf 85' lang='lat' dir='ltr'><strong>etque</strong></span> <span class='ocrx_word' id='word_1_72' title='bbox 1055 858 1104 902; x_wconf 89' lang='lat' dir='ltr'><strong>co-</strong></span> 
     </span>
     <span class='ocr_line' id='line_1_10' title="bbox 49 916 1105 1006; baseline 0.002 -23"><span class='ocrx_word' id='word_1_73' title='bbox 49 916 129 999; x_wconf 80' lang='lat' dir='ltr'><strong>pulo,</strong></span> <span class='ocrx_word' id='word_1_74' title='bbox 152 919 214 984; x_wconf 89' lang='lat' dir='ltr'><strong>hoo</strong></span> <span class='ocrx_word' id='word_1_75' title='bbox 235 931 298 997; x_wconf 88' lang='lat' dir='ltr'><strong>est,</strong></span> <span class='ocrx_word' id='word_1_76' title='bbox 323 916 404 982; x_wconf 94' lang='lat' dir='ltr'><strong>illud</strong></span> <span class='ocrx_word' id='word_1_77' title='bbox 425 916 601 997; x_wconf 85' lang='lat' dir='ltr'><strong>vinculum,</strong></span> <span class='ocrx_word' id='word_1_78' title='bbox 624 940 689 1004; x_wconf 87' lang='lat' dir='ltr'><strong>quo</strong></span> <span class='ocrx_word' id='word_1_79' title='bbox 709 917 928 1006; x_wconf 85' lang='lat' dir='ltr'><strong>praedicatum</strong></span> <span class='ocrx_word' id='word_1_80' title='bbox 941 940 1016 984; x_wconf 93' lang='lat' dir='ltr'><strong>cum</strong></span> <span class='ocrx_word' id='word_1_81' title='bbox 1029 920 1105 985; x_wconf 78' lang='lat' dir='ltr'><strong>suli·</strong></span> 
     </span>
     <span class='ocr_line' id='line_1_11' title="bbox 52 998 1104 1089; baseline 0.004 -25"><span class='ocrx_word' id='word_1_82' title='bbox 52 1002 128 1065; x_wconf 87' lang='lat' dir='ltr'><strong>lecto</strong></span> <span class='ocrx_word' id='word_1_83' title='bbox 149 1000 383 1089; x_wconf 77' lang='lat' dir='ltr'><strong>coniungitur,</strong></span> <span class='ocrx_word' id='word_1_84' title='bbox 405 998 457 1065; x_wconf 82' lang='lat' dir='ltr'><strong>rel</strong></span> <span class='ocrx_word' id='word_1_85' title='bbox 478 999 519 1065; x_wconf 86' lang='lat' dir='ltr'><strong>ab</strong></span> <span class='ocrx_word' id='word_1_86' title='bbox 540 1022 580 1066; x_wconf 88' lang='lat' dir='ltr'><strong>co</strong></span> <span class='ocrx_word' id='word_1_87' title='bbox 601 1009 779 1088; x_wconf 89' lang='lat' dir='ltr'><strong>separatur.</strong></span> <span class='ocrx_word' id='word_1_88' title='bbox 808 1002 896 1067; x_wconf 89' lang='lat' dir='ltr'><strong>llaec</strong></span> <span class='ocrx_word' id='word_1_89' title='bbox 923 1011 1030 1069; x_wconf 80' lang='lat' dir='ltr'><strong>nutem</strong></span> <span class='ocrx_word' id='word_1_90' title='bbox 1050 1022 1104 1068; x_wconf 88' lang='lat' dir='ltr'><strong>co-</strong></span> 
     </span>
     <span class='ocr_line' id='line_1_12' title="bbox 51 1080 1104 1167; baseline 0.001 -19"><span class='ocrx_word' id='word_1_91' title='bbox 51 1080 120 1167; x_wconf 90' lang='lat' dir='ltr'><strong>pula</strong></span> <span class='ocrx_word' id='word_1_92' title='bbox 141 1082 287 1149; x_wconf 89' lang='lat' dir='ltr'><strong>consistit</strong></span> <span class='ocrx_word' id='word_1_93' title='bbox 309 1084 343 1149; x_wconf 92' lang='lat' dir='ltr'><strong>in</strong></span> <span class='ocrx_word' id='word_1_94' title='bbox 363 1081 462 1147; x_wconf 83' lang='lat' dir='ltr'><strong>verbo</strong></span> <span class='ocrx_word' id='word_1_95' title='bbox 482 1104 553 1161; x_wconf 82' lang='lat' dir='ltr'><strong>csse,</strong></span> <span class='ocrx_word' id='word_1_96' title='bbox 576 1096 632 1149; x_wconf 90' lang='lat' dir='ltr'><strong>aut</strong></span> <span class='ocrx_word' id='word_1_97' title='bbox 652 1105 713 1147; x_wconf 83' lang='lat' dir='ltr'><strong>uon</strong></span> <span class='ocrx_word' id='word_1_98' title='bbox 733 1103 806 1158; x_wconf 85' lang='lat' dir='ltr'><strong>esse,</strong></span> <span class='ocrx_word' id='word_1_99' title='bbox 826 1104 900 1147; x_wconf 92' lang='lat' dir='ltr'><strong>nam</strong></span> <span class='ocrx_word' id='word_1_100' title='bbox 922 1081 1104 1149; x_wconf 87' lang='lat' dir='ltr'><strong>intellectus</strong></span> 
     </span>
     <span class='ocr_line' id='line_1_13' title="bbox 51 1163 1103 1251; baseline 0.004 -24"><span class='ocrx_word' id='word_1_101' title='bbox 51 1186 107 1230; x_wconf 90' lang='lat' dir='ltr'><strong>non</strong></span> <span class='ocrx_word' id='word_1_102' title='bbox 127 1175 235 1251; x_wconf 87' lang='lat' dir='ltr'><strong>potest</strong></span> <span class='ocrx_word' id='word_1_103' title='bbox 254 1163 378 1231; x_wconf 78' lang='lat' dir='ltr'><strong>referre</strong></span> <span class='ocrx_word' id='word_1_104' title='bbox 399 1164 592 1231; x_wconf 87' lang='lat' dir='ltr'><strong>attributum</strong></span> <span class='ocrx_word' id='word_1_105' title='bbox 614 1165 654 1231; x_wconf 85' lang='lat' dir='ltr'><strong>nd</strong></span> <span class='ocrx_word' id='word_1_106' title='bbox 676 1164 872 1241; x_wconf 87' lang='lat' dir='ltr'><strong>subiectum,</strong></span> <span class='ocrx_word' id='word_1_107' title='bbox 886 1184 1002 1249; x_wconf 85' lang='lat' dir='ltr'><strong>nempe</strong></span> <span class='ocrx_word' id='word_1_108' title='bbox 1021 1164 1103 1231; x_wconf 95' lang='lat' dir='ltr'><strong>illud</strong></span> 
     </span>
     <span class='ocr_line' id='line_1_14' title="bbox 51 1245 1105 1335; baseline 0.004 -24"><span class='ocrx_word' id='word_1_109' title='bbox 51 1248 242 1335; x_wconf 78' lang='lat' dir='ltr'><strong>coniungere</strong></span> <span class='ocrx_word' id='word_1_110' title='bbox 256 1268 330 1311; x_wconf 92' lang='lat' dir='ltr'><strong>cum</strong></span> <span class='ocrx_word' id='word_1_111' title='bbox 346 1245 504 1325; x_wconf 87' lang='lat' dir='ltr'><strong>subiecto,</strong></span> <span class='ocrx_word' id='word_1_112' title='bbox 517 1262 574 1315; x_wconf 91' lang='lat' dir='ltr'><strong>aut</strong></span> <span class='ocrx_word' id='word_1_113' title='bbox 595 1247 635 1312; x_wconf 89' lang='lat' dir='ltr'><strong>ab</strong></span> <span class='ocrx_word' id='word_1_114' title='bbox 658 1249 719 1313; x_wconf 88' lang='lat' dir='ltr'><strong>isto</strong></span> <span class='ocrx_word' id='word_1_115' title='bbox 740 1267 888 1333; x_wconf 88' lang='lat' dir='ltr'><strong>separare</strong></span> <span class='ocrx_word' id='word_1_116' title='bbox 903 1294 910 1322; x_wconf 92' lang='lat'><strong>,</strong></span> <span class='ocrx_word' id='word_1_117' title='bbox 926 1246 989 1311; x_wconf 91' lang='lat' dir='ltr'><strong>nisi</strong></span> <span class='ocrx_word' id='word_1_118' title='bbox 1008 1268 1049 1314; x_wconf 84' lang='lat' dir='ltr'><strong>ex</strong></span> <span class='ocrx_word' id='word_1_119' title='bbox 1064 1270 1105 1315; x_wconf 86' lang='lat' dir='ltr'><strong>eo</strong></span> 
     </span>
     <span class='ocr_line' id='line_1_15' title="bbox 50 1328 1105 1416; baseline 0.004 -23"><span class='ocrx_word' id='word_1_120' title='bbox 50 1329 131 1415; x_wconf 82' lang='lat' dir='ltr'><strong>quod</strong></span> <span class='ocrx_word' id='word_1_121' title='bbox 153 1352 256 1396; x_wconf 90' lang='lat' dir='ltr'><strong>nnnm</strong></span> <span class='ocrx_word' id='word_1_122' title='bbox 276 1328 312 1393; x_wconf 93' lang='lat' dir='ltr'><strong>in</strong></span> <span class='ocrx_word' id='word_1_123' title='bbox 331 1329 395 1396; x_wconf 87' lang='lat' dir='ltr'><strong>alio</strong></span> <span class='ocrx_word' id='word_1_124' title='bbox 416 1344 549 1407; x_wconf 62' lang='lat' dir='ltr'><strong>essesut</strong></span> <span class='ocrx_word' id='word_1_125' title='bbox 568 1352 631 1397; x_wconf 79' lang='lat' dir='ltr'><strong>uon</strong></span> <span class='ocrx_word' id='word_1_126' title='bbox 650 1351 711 1395; x_wconf 82' lang='lat' dir='ltr'><strong>esse</strong></span> <span class='ocrx_word' id='word_1_127' title='bbox 725 1328 1105 1416; x_wconf 84' lang='lat' dir='ltr'><strong>cognoscit.anpropter</strong></span> 
     </span>
     <span class='ocr_line' id='line_1_16' title="bbox 50 1411 1104 1500; baseline 0.005 -26"><span class='ocrx_word' id='word_1_128' title='bbox 50 1412 182 1479; x_wconf 74' lang='lat' dir='ltr'><strong>verbnm</strong></span> <span class='ocrx_word' id='word_1_129' title='bbox 203 1424 244 1477; x_wconf 81' lang='lat' dir='ltr'><strong>eat</strong></span> <span class='ocrx_word' id='word_1_130' title='bbox 266 1412 555 1479; x_wconf 83' lang='lat' dir='ltr'><strong>us.1&#39;homanotu</strong></span> <span class='ocrx_word' id='word_1_131' title='bbox 574 1411 804 1500; x_wconf 74' lang='lat' dir='ltr'><strong>compositionis</strong></span> <span class='ocrx_word' id='word_1_132' title='bbox 826 1431 867 1495; x_wconf 89' lang='lat' dir='ltr'><strong>ap</strong></span> <span class='ocrx_word' id='word_1_133' title='bbox 910 1412 1005 1476; x_wconf 88' lang='lat' dir='ltr'><strong>llatur</strong></span> <span class='ocrx_word' id='word_1_134' title='bbox 1018 1414 1041 1476; x_wconf 81' lang='lat'><strong>¹.</strong></span> <span class='ocrx_word' id='word_1_135' title='bbox 1056 1414 1104 1479; x_wconf 82' lang='lat' dir='ltr'><strong>lta</strong></span> 
     </span>
     <span class='ocr_line' id='line_1_17' title="bbox 50 1492 1106 1573; baseline 0.004 -15"><span class='ocrx_word' id='word_1_136' title='bbox 50 1495 79 1559; x_wconf 93' lang='lat' dir='ltr'><strong>in</strong></span> <span class='ocrx_word' id='word_1_137' title='bbox 100 1496 164 1563; x_wconf 83' lang='lat' dir='ltr'><strong>hoc</strong></span> <span class='ocrx_word' id='word_1_138' title='bbox 186 1492 321 1570; x_wconf 92' lang='lat' dir='ltr'><strong>iudicio,</strong></span> <span class='ocrx_word' id='word_1_139' title='bbox 340 1492 429 1559; x_wconf 80' lang='lat' dir='ltr'><strong>domo</strong></span> <span class='ocrx_word' id='word_1_140' title='bbox 450 1504 493 1558; x_wconf 77' lang='lat' dir='ltr'><strong>cst</strong></span> <span class='ocrx_word' id='word_1_141' title='bbox 514 1494 645 1573; x_wconf 68' lang='lat' dir='ltr'><strong>minaei,</strong></span> <span class='ocrx_word' id='word_1_142' title='bbox 660 1494 748 1559; x_wconf 73' lang='lat' dir='ltr'><strong>lecim</strong></span> <span class='ocrx_word' id='word_1_143' title='bbox 761 1502 837 1559; x_wconf 90' lang='lat' dir='ltr'><strong>ests</strong></span> <span class='ocrx_word' id='word_1_144' title='bbox 884 1493 1017 1573; x_wconf 89' lang='lat' dir='ltr'><strong>iectnm,</strong></span> <span class='ocrx_word' id='word_1_145' title='bbox 1036 1498 1106 1562; x_wconf 82' lang='lat' dir='ltr'><strong>orri-</strong></span> 
     </span>
     <span class='ocr_line' id='line_1_18' title="bbox 49 1574 1104 1672; baseline 0.002 -29"><span class='ocrx_word' id='word_1_146' title='bbox 49 1578 109 1643; x_wconf 71' lang='lat' dir='ltr'><strong>snt</strong></span> <span class='ocrx_word' id='word_1_147' title='bbox 129 1586 180 1644; x_wconf 83' lang='lat' dir='ltr'><strong>est</strong></span> <span class='ocrx_word' id='word_1_148' title='bbox 200 1574 433 1662; x_wconf 83' lang='lat' dir='ltr'><strong>praedicatum,</strong></span> <span class='ocrx_word' id='word_1_149' title='bbox 445 1576 583 1669; x_wconf 77' lang='lat' dir='ltr'><strong>verbum</strong></span> <span class='ocrx_word' id='word_1_150' title='bbox 603 1589 648 1643; x_wconf 79' lang='lat' dir='ltr'><strong>eet</strong></span> <span class='ocrx_word' id='word_1_151' title='bbox 669 1575 784 1661; x_wconf 86' lang='lat' dir='ltr'><strong>copula</strong></span> <span class='ocrx_word' id='word_1_152' title='bbox 805 1585 865 1655; x_wconf 89' lang='lat' dir='ltr'><strong>est,</strong></span> <span class='ocrx_word' id='word_1_153' title='bbox 880 1577 1002 1672; x_wconf 84' lang='lat' dir='ltr'><strong>quippe</strong></span> <span class='ocrx_word' id='word_1_154' title='bbox 1016 1576 1104 1663; x_wconf 87' lang='lat' dir='ltr'><strong>quod</strong></span> 
     </span>
     <span class='ocr_line' id='line_1_19' title="bbox 48 1657 1007 1727; baseline -0.005 0"><span class='ocrx_word' id='word_1_155' title='bbox 48 1679 118 1727; x_wconf 83' lang='lat' dir='ltr'><strong>som</strong></span> <span class='ocrx_word' id='word_1_156' title='bbox 163 1657 212 1726; x_wconf 94' lang='lat' dir='ltr'><strong>nit</strong></span> <span class='ocrx_word' id='word_1_157' title='bbox 238 1658 402 1725; x_wconf 91' lang='lat' dir='ltr'><strong>notionem</strong></span> <span class='ocrx_word' id='word_1_158' title='bbox 427 1658 576 1725; x_wconf 77' lang='lat' dir='ltr'><strong>animulis</strong></span> <span class='ocrx_word' id='word_1_159' title='bbox 604 1680 680 1725; x_wconf 92' lang='lat' dir='ltr'><strong>cnm</strong></span> <span class='ocrx_word' id='word_1_160' title='bbox 708 1657 839 1723; x_wconf 90' lang='lat' dir='ltr'><strong>notione</strong></span> <span class='ocrx_word' id='word_1_161' title='bbox 858 1658 1007 1723; x_wconf 66' lang='lat' dir='ltr'><strong>menta.</strong></span> 
     </span>
    </p>

    <p class='ocr_par' dir='ltr' id='par_1_4' title="bbox 48 1738 1105 1992">
     <span class='ocr_line' id='line_1_20' title="bbox 124 1738 1105 1826; baseline 0.003 -21"><span class='ocrx_word' id='word_1_162' title='bbox 124 1790 132 1805; x_wconf 89' lang='lat'>.</span> <span class='ocrx_word' id='word_1_163' title='bbox 157 1742 246 1807; x_wconf 86' lang='lat' dir='ltr'><strong>llaec</strong></span> <span class='ocrx_word' id='word_1_164' title='bbox 267 1740 331 1809; x_wconf 89' lang='lat' dir='ltr'><strong>tria</strong></span> <span class='ocrx_word' id='word_1_165' title='bbox 351 1738 507 1806; x_wconf 89' lang='lat' dir='ltr'><strong>elementa</strong></span> <span class='ocrx_word' id='word_1_166' title='bbox 536 1740 654 1808; x_wconf 91' lang='lat' dir='ltr'><strong>iudicii</strong></span> <span class='ocrx_word' id='word_1_167' title='bbox 676 1740 712 1805; x_wconf 92' lang='lat' dir='ltr'><strong>in</strong></span> <span class='ocrx_word' id='word_1_168' title='bbox 731 1740 980 1818; x_wconf 81' lang='lat' dir='ltr'><strong>enunciatione,</strong></span> <span class='ocrx_word' id='word_1_169' title='bbox 1004 1762 1105 1826; x_wconf 81' lang='lat' dir='ltr'><strong>quae,</strong></span> 
     </span>
     <span class='ocr_line' id='line_1_21' title="bbox 48 1819 1105 1919; baseline 0.002 -32"><span class='ocrx_word' id='word_1_170' title='bbox 48 1835 80 1891; x_wconf 90' lang='lat' dir='ltr'><strong>nt</strong></span> <span class='ocrx_word' id='word_1_171' title='bbox 99 1824 268 1899; x_wconf 83' lang='lat' dir='ltr'><strong>diximus,</strong></span> <span class='ocrx_word' id='word_1_172' title='bbox 290 1830 338 1887; x_wconf 90' lang='lat' dir='ltr'><strong>est</strong></span> <span class='ocrx_word' id='word_1_173' title='bbox 359 1819 519 1889; x_wconf 92' lang='lat' dir='ltr'><strong>indicium</strong></span> <span class='ocrx_word' id='word_1_174' title='bbox 540 1825 743 1891; x_wconf 87' lang='lat' dir='ltr'><strong>extrinsecus</strong></span> <span class='ocrx_word' id='word_1_175' title='bbox 766 1822 950 1919; x_wconf 89' lang='lat' dir='ltr'><strong>prolatum,</strong></span> <span class='ocrx_word' id='word_1_176' title='bbox 978 1822 1105 1889; x_wconf 84' lang='lat' dir='ltr'><strong>duabus</strong></span> 
     </span>
     <span class='ocr_line' id='line_1_22' title="bbox 48 1902 1103 1992; baseline 0.003 -23"><span class='ocrx_word' id='word_1_177' title='bbox 48 1904 181 1973; x_wconf 78' lang='lat' dir='ltr'><strong>vocibus</strong></span> <span class='ocrx_word' id='word_1_178' title='bbox 201 1904 227 1970; x_wconf 89' lang='lat' dir='ltr'><strong>si</strong></span> <span class='ocrx_word' id='word_1_179' title='bbox 253 1902 444 1983; x_wconf 83' lang='lat' dir='ltr'><strong>nilicantnr,</strong></span> <span class='ocrx_word' id='word_1_180' title='bbox 466 1926 606 1992; x_wconf 87' lang='lat' dir='ltr'><strong>quarum</strong></span> <span class='ocrx_word' id='word_1_181' title='bbox 626 1926 691 1971; x_wconf 87' lang='lat' dir='ltr'><strong>una</strong></span> <span class='ocrx_word' id='word_1_182' title='bbox 712 1902 894 1970; x_wconf 85' lang='lat' dir='ltr'><strong>subrectum</strong></span> <span class='ocrx_word' id='word_1_183' title='bbox 920 1902 1103 1977; x_wconf 84' lang='lat' dir='ltr'><strong>denotatur.</strong></span> 
     </span>
    </p>
   </div>
   <div class='ocr_carea' id='block_1_3' title="bbox 47 1984 1105 2155">
    <p class='ocr_par' dir='ltr' id='par_1_5' title="bbox 47 1984 1105 2155">
     <span class='ocr_line' id='line_1_23' title="bbox 47 1984 1105 2133; baseline 0.003 -82"><span class='ocrx_word' id='word_1_184' title='bbox 47 1987 144 2056; x_wconf 85' lang='lat' dir='ltr'><strong>altera</strong></span> <span class='ocrx_word' id='word_1_185' title='bbox 165 1996 242 2055; x_wconf 84' lang='lat' dir='ltr'><strong>attrr</strong></span> <span class='ocrx_word' id='word_1_186' title='bbox 267 1996 359 2055; x_wconf 93' lang='lat' dir='ltr'><strong>utnm</strong></span> <span class='ocrx_word' id='word_1_187' title='bbox 373 1986 471 2053; x_wconf 87' lang='lat' dir='ltr'><strong>simul</strong></span> <span class='ocrx_word' id='word_1_188' title='bbox 492 2007 566 2054; x_wconf 88' lang='lat' dir='ltr'><strong>cum</strong></span> <span class='ocrx_word' id='word_1_189' title='bbox 587 1986 715 2072; x_wconf 85' lang='lat' dir='ltr'><strong>copula.</strong></span> <span class='ocrx_word' id='word_1_190' title='bbox 730 1985 833 2052; x_wconf 81' lang='lat' dir='ltr'><strong>Cuius</strong></span> <span class='ocrx_word' id='word_1_191' title='bbox 846 1984 931 2050; x_wconf 86' lang='lat' dir='ltr'><strong>ratio</strong></span> <span class='ocrx_word' id='word_1_192' title='bbox 945 1994 1004 2063; x_wconf 87' lang='lat' dir='ltr'><strong>est,</strong></span> <span class='ocrx_word' id='word_1_193' title='bbox 1018 1988 1105 2133; x_wconf 58' lang='lat' dir='ltr'><strong>udum</strong></span> 
     </span>
     <span class='ocr_line' id='line_1_24' title="bbox 48 2068 1105 2155; baseline 0.001 -20"><span class='ocrx_word' id='word_1_194' title='bbox 48 2070 269 2155; x_wconf 88' lang='lat' dir='ltr'><strong>praedicatum</strong></span> <span class='ocrx_word' id='word_1_195' title='bbox 291 2090 356 2135; x_wconf 90' lang='lat' dir='ltr'><strong>non</strong></span> <span class='ocrx_word' id='word_1_196' title='bbox 371 2068 592 2135; x_wconf 89' lang='lat' dir='ltr'><strong>consideratur</strong></span> <span class='ocrx_word' id='word_1_197' title='bbox 606 2091 625 2135; x_wconf 88' lang='lat' dir='ltr'><strong>a</strong></span> <span class='ocrx_word' id='word_1_198' title='bbox 640 2072 672 2135; x_wconf 93' lang='lat' dir='ltr'><strong>lo</strong></span> <span class='ocrx_word' id='word_1_199' title='bbox 697 2069 758 2143; x_wconf 85' lang='lat' dir='ltr'><strong>’eo,</strong></span> <span class='ocrx_word' id='word_1_200' title='bbox 774 2074 872 2152; x_wconf 92' lang='lat' dir='ltr'><strong>prout</strong></span> <span class='ocrx_word' id='word_1_201' title='bbox 884 2076 933 2133; x_wconf 89' lang='lat' dir='ltr'><strong>est</strong></span> <span class='ocrx_word' id='word_1_202' title='bbox 945 2086 1028 2152; x_wconf 85' lang='lat' dir='ltr'><strong>quae</strong></span> <span class='ocrx_word' id='word_1_203' title='bbox 1052 2090 1105 2135; x_wconf 88' lang='lat' dir='ltr'><strong>am</strong></span> 
     </span>
    </p>
   </div>
   <div class='ocr_carea' id='block_1_4' title="bbox 48 2148 1108 3555">
    <p class='ocr_par' dir='ltr' id='par_1_6' title="bbox 48 2148 1108 2959">
     <span class='ocr_line' id='line_1_25' title="bbox 49 2148 1105 2240; baseline -0.001 -21"><span class='ocrx_word' id='word_1_204' title='bbox 49 2155 227 2240; x_wconf 76' lang='lat' dir='ltr'><strong>proprietas</strong></span> <span class='ocrx_word' id='word_1_205' title='bbox 247 2152 282 2216; x_wconf 95' lang='lat' dir='ltr'><strong>in</strong></span> <span class='ocrx_word' id='word_1_206' title='bbox 303 2172 336 2217; x_wconf 89' lang='lat' dir='ltr'><strong>se</strong></span> <span class='ocrx_word' id='word_1_207' title='bbox 359 2161 520 2237; x_wconf 86' lang='lat' dir='ltr'><strong>spectata,</strong></span> <span class='ocrx_word' id='word_1_208' title='bbox 546 2173 664 2239; x_wconf 88' lang='lat' dir='ltr'><strong>quema</strong></span> <span class='ocrx_word' id='word_1_209' title='bbox 687 2148 818 2217; x_wconf 86' lang='lat' dir='ltr'><strong>modum</strong></span> <span class='ocrx_word' id='word_1_210' title='bbox 844 2148 1105 2217; x_wconf 80' lang='lat' dir='ltr'><strong>consideretura</strong></span> 
     </span>
     <span class='ocr_line' id='line_1_26' title="bbox 49 2230 1105 2321; baseline -0.004 -18"><span class='ocrx_word' id='word_1_211' title='bbox 49 2234 281 2319; x_wconf 73' lang='lat' dir='ltr'><strong>grammatico,</strong></span> <span class='ocrx_word' id='word_1_212' title='bbox 303 2232 359 2299; x_wconf 84' lang='lat' dir='ltr'><strong>sed</strong></span> <span class='ocrx_word' id='word_1_213' title='bbox 381 2243 478 2320; x_wconf 88' lang='lat' dir='ltr'><strong>pront</strong></span> <span class='ocrx_word' id='word_1_214' title='bbox 503 2235 707 2321; x_wconf 80' lang='lat' dir='ltr'><strong>componitur</strong></span> <span class='ocrx_word' id='word_1_215' title='bbox 731 2254 806 2299; x_wconf 91' lang='lat' dir='ltr'><strong>cum</strong></span> <span class='ocrx_word' id='word_1_216' title='bbox 832 2230 988 2299; x_wconf 86' lang='lat' dir='ltr'><strong>subiecto.</strong></span> <span class='ocrx_word' id='word_1_217' title='bbox 1017 2234 1105 2313; x_wconf 83' lang='lat' dir='ltr'><strong>Qua·</strong></span> 
     </span>
     <span class='ocr_line' id='line_1_27' title="bbox 48 2313 1106 2403; baseline -0.002 -20"><span class='ocrx_word' id='word_1_218' title='bbox 48 2324 180 2402; x_wconf 89' lang='lat' dir='ltr'><strong>propter</strong></span> <span class='ocrx_word' id='word_1_219' title='bbox 202 2315 421 2403; x_wconf 84' lang='lat' dir='ltr'><strong>praedicatum</strong></span> <span class='ocrx_word' id='word_1_220' title='bbox 442 2317 538 2382; x_wconf 90' lang='lat' dir='ltr'><strong>unica</strong></span> <span class='ocrx_word' id='word_1_221' title='bbox 558 2338 639 2382; x_wconf 76' lang='lat' dir='ltr'><strong>voce</strong></span> <span class='ocrx_word' id='word_1_222' title='bbox 661 2313 870 2401; x_wconf 68' lang='lat' dir='ltr'><strong>significatur,</strong></span> <span class='ocrx_word' id='word_1_223' title='bbox 887 2333 970 2400; x_wconf 87' lang='lat' dir='ltr'><strong>quae</strong></span> <span class='ocrx_word' id='word_1_224' title='bbox 984 2324 1018 2381; x_wconf 89' lang='lat' dir='ltr'><strong>et</strong></span> <span class='ocrx_word' id='word_1_225' title='bbox 1031 2336 1106 2401; x_wconf 90' lang='lat' dir='ltr'><strong>pro-</strong></span> 
     </span>
     <span class='ocr_line' id='line_1_28' title="bbox 48 2395 1105 2545; baseline -0.003 -79"><span class='ocrx_word' id='word_1_226' title='bbox 48 2402 231 2545; x_wconf 75' lang='lat' dir='ltr'><strong>prietatem,</strong></span> <span class='ocrx_word' id='word_1_227' title='bbox 254 2408 286 2465; x_wconf 90' lang='lat' dir='ltr'><strong>et</strong></span> <span class='ocrx_word' id='word_1_228' title='bbox 305 2406 415 2464; x_wconf 87' lang='lat' dir='ltr'><strong>notam</strong></span> <span class='ocrx_word' id='word_1_229' title='bbox 432 2398 677 2495; x_wconf 85' lang='lat' dir='ltr'><strong>compositionis</strong></span> <span class='ocrx_word' id='word_1_230' title='bbox 691 2395 924 2544; x_wconf 82' lang='lat' dir='ltr'><strong>complectitur.</strong></span> <span class='ocrx_word' id='word_1_231' title='bbox 941 2397 1025 2474; x_wconf 82' lang='lat' dir='ltr'><strong>Vox,</strong></span> <span class='ocrx_word' id='word_1_232' title='bbox 1040 2419 1105 2483; x_wconf 85' lang='lat' dir='ltr'><strong>qua</strong></span> 
     </span>
     <span class='ocr_line' id='line_1_29' title="bbox 66 2479 1107 2564; baseline -0.001 -17"><span class='ocrx_word' id='word_1_233' title='bbox 66 2490 218 2549; x_wconf 85' lang='lat' dir='ltr'><strong>enotatnr</strong></span> <span class='ocrx_word' id='word_1_234' title='bbox 238 2480 436 2558; x_wconf 86' lang='lat' dir='ltr'><strong>subiectum,</strong></span> <span class='ocrx_word' id='word_1_235' title='bbox 458 2479 722 2555; x_wconf 61' lang='lat' dir='ltr'><strong>diuturnorum</strong></span> <span class='ocrx_word' id='word_1_236' title='bbox 747 2480 757 2544; x_wconf 96' lang='lat' dir='ltr'><strong>i</strong></span> <span class='ocrx_word' id='word_1_237' title='bbox 784 2500 804 2544; x_wconf 92' lang='lat' dir='ltr'><strong>a</strong></span> <span class='ocrx_word' id='word_1_238' title='bbox 823 2488 945 2556; x_wconf 88' lang='lat' dir='ltr'><strong>autem,</strong></span> <span class='ocrx_word' id='word_1_239' title='bbox 964 2498 1029 2564; x_wconf 84' lang='lat' dir='ltr'><strong>qun</strong></span> <span class='ocrx_word' id='word_1_240' title='bbox 1051 2480 1107 2546; x_wconf 84' lang='lat' dir='ltr'><strong>de-</strong></span> 
     </span>
     <span class='ocr_line' id='line_1_30' title="bbox 48 2559 1106 2651; baseline -0.002 -22"><span class='ocrx_word' id='word_1_241' title='bbox 48 2574 175 2630; x_wconf 80' lang='lat' dir='ltr'><strong>notatur</strong></span> <span class='ocrx_word' id='word_1_242' title='bbox 195 2563 426 2650; x_wconf 89' lang='lat' dir='ltr'><strong>praedicatum,</strong></span> <span class='ocrx_word' id='word_1_243' title='bbox 448 2583 505 2627; x_wconf 89' lang='lat' dir='ltr'><strong>scu</strong></span> <span class='ocrx_word' id='word_1_244' title='bbox 549 2565 708 2651; x_wconf 90' lang='lat' dir='ltr'><strong>roprietas</strong></span> <span class='ocrx_word' id='word_1_245' title='bbox 721 2582 795 2626; x_wconf 85' lang='lat' dir='ltr'><strong>curn</strong></span> <span class='ocrx_word' id='word_1_246' title='bbox 809 2560 962 2626; x_wconf 76' lang='lat' dir='ltr'><strong>relatione</strong></span> <span class='ocrx_word' id='word_1_247' title='bbox 977 2559 1018 2627; x_wconf 86' lang='lat' dir='ltr'><strong>ad</strong></span> <span class='ocrx_word' id='word_1_248' title='bbox 1032 2562 1106 2628; x_wconf 74' lang='lat' dir='ltr'><strong>suli-</strong></span> 
     </span>
     <span class='ocr_line' id='line_1_31' title="bbox 51 2642 1107 2733; baseline 0.001 -22"><span class='ocrx_word' id='word_1_249' title='bbox 51 2646 192 2724; x_wconf 86' lang='lat' dir='ltr'><strong>ieotum,</strong></span> <span class='ocrx_word' id='word_1_250' title='bbox 214 2644 335 2713; x_wconf 88' lang='lat' dir='ltr'><strong>dicitur</strong></span> <span class='ocrx_word' id='word_1_251' title='bbox 355 2645 491 2709; x_wconf 64' lang='lat' dir='ltr'><strong>undum</strong></span> <span class='ocrx_word' id='word_1_252' title='bbox 545 2694 551 2707; x_wconf 93' lang='lat'><em>.</em></span> <span class='ocrx_word' id='word_1_253' title='bbox 577 2668 624 2733; x_wconf 67' lang='lat' dir='ltr'><strong>g„</strong></span> <span class='ocrx_word' id='word_1_254' title='bbox 646 2647 681 2711; x_wconf 93' lang='lat' dir='ltr'><strong>in</strong></span> <span class='ocrx_word' id='word_1_255' title='bbox 702 2642 761 2711; x_wconf 79' lang='lat' dir='ltr'><strong>hac</strong></span> <span class='ocrx_word' id='word_1_256' title='bbox 780 2642 1026 2722; x_wconf 85' lang='lat' dir='ltr'><strong>enunciatione,</strong></span> <span class='ocrx_word' id='word_1_257' title='bbox 1048 2646 1107 2712; x_wconf 84' lang='lat' dir='ltr'><strong>So·</strong></span> 
     </span>
     <span class='ocr_line' id='line_1_32' title="bbox 48 2722 1105 2805; baseline -0.001 -12"><span class='ocrx_word' id='word_1_258' title='bbox 48 2740 142 2795; x_wconf 74' lang='lat' dir='ltr'><strong>cutes</strong></span> <span class='ocrx_word' id='word_1_259' title='bbox 163 2727 315 2805; x_wconf 80' lang='lat' dir='ltr'><strong>umdulot,</strong></span> <span class='ocrx_word' id='word_1_260' title='bbox 337 2728 482 2795; x_wconf 72' lang='lat' dir='ltr'><strong>Socrmes</strong></span> <span class='ocrx_word' id='word_1_261' title='bbox 501 2736 549 2793; x_wconf 91' lang='lat' dir='ltr'><strong>est</strong></span> <span class='ocrx_word' id='word_1_262' title='bbox 569 2750 699 2804; x_wconf 92' lang='lat' dir='ltr'><strong>nomen,</strong></span> <span class='ocrx_word' id='word_1_263' title='bbox 715 2734 747 2791; x_wconf 90' lang='lat' dir='ltr'><strong>et</strong></span> <span class='ocrx_word' id='word_1_264' title='bbox 760 2724 889 2795; x_wconf 83' lang='lat' dir='ltr'><strong>denotat</strong></span> <span class='ocrx_word' id='word_1_265' title='bbox 908 2722 1105 2799; x_wconf 85' lang='lat' dir='ltr'><strong>subiectum,</strong></span> 
     </span>
     <span class='ocr_line' id='line_1_33' title="bbox 49 2806 1108 2957; baseline 0.004 -86"><span class='ocrx_word' id='word_1_266' title='bbox 49 2810 185 2957; x_wconf 65' lang='lat' dir='ltr'><strong>cupierint</strong></span> <span class='ocrx_word' id='word_1_267' title='bbox 205 2820 252 2879; x_wconf 93' lang='lat' dir='ltr'><strong>est</strong></span> <span class='ocrx_word' id='word_1_268' title='bbox 275 2808 433 2888; x_wconf 80' lang='lat' dir='ltr'><strong>verbum,</strong></span> <span class='ocrx_word' id='word_1_269' title='bbox 455 2818 486 2875; x_wconf 90' lang='lat' dir='ltr'><strong>ct</strong></span> <span class='ocrx_word' id='word_1_270' title='bbox 507 2809 638 2877; x_wconf 87' lang='lat' dir='ltr'><strong>denotat</strong></span> <span class='ocrx_word' id='word_1_271' title='bbox 665 2806 885 2896; x_wconf 85' lang='lat' dir='ltr'><strong>praedicatum</strong></span> <span class='ocrx_word' id='word_1_272' title='bbox 908 2806 1011 2892; x_wconf 80' lang='lat' dir='ltr'><strong>logice</strong></span> <span class='ocrx_word' id='word_1_273' title='bbox 1032 2829 1108 2875; x_wconf 89' lang='lat' dir='ltr'><strong>con·</strong></span> 
     </span>
     <span class='ocr_line' id='line_1_34' title="bbox 50 2894 238 2959; baseline 0.005 -3"><span class='ocrx_word' id='word_1_274' title='bbox 50 2894 74 2957; x_wconf 84' lang='lat' dir='ltr'><strong>si</strong></span> <span class='ocrx_word' id='word_1_275' title='bbox 98 2902 238 2959; x_wconf 85' lang='lat' dir='ltr'><strong>eratum.</strong></span> 
     </span>
    </p>

    <p class='ocr_par' dir='ltr' id='par_1_7' title="bbox 49 2970 1107 3555">
     <span class='ocr_line' id='line_1_35' title="bbox 83 2970 1106 3072; baseline -0.004 -31"><span class='ocrx_word' id='word_1_276' title='bbox 83 2976 136 3041; x_wconf 81' lang='lat'><strong>56.</strong></span> <span class='ocrx_word' id='word_1_277' title='bbox 160 2976 214 3041; x_wconf 85' lang='lat' dir='ltr'><strong>Ex</strong></span> <span class='ocrx_word' id='word_1_278' title='bbox 235 2974 294 3039; x_wconf 80' lang='lat' dir='ltr'><strong>lioc</strong></span> <span class='ocrx_word' id='word_1_279' title='bbox 315 2972 452 3039; x_wconf 88' lang='lat' dir='ltr'><strong>edicitur</strong></span> <span class='ocrx_word' id='word_1_280' title='bbox 474 2982 512 3041; x_wconf 92' lang='lat' dir='ltr'><strong>nt</strong></span> <span class='ocrx_word' id='word_1_281' title='bbox 531 2975 640 3039; x_wconf 87' lang='lat' dir='ltr'><strong>omnia</strong></span> <span class='ocrx_word' id='word_1_282' title='bbox 660 2970 772 3049; x_wconf 83' lang='lat' dir='ltr'><strong>verba,</strong></span> <span class='ocrx_word' id='word_1_283' title='bbox 793 2993 877 3072; x_wconf 78' lang='lat' dir='ltr'><strong>puae</strong></span> <span class='ocrx_word' id='word_1_284' title='bbox 898 2971 932 3036; x_wconf 94' lang='lat' dir='ltr'><strong>in</strong></span> <span class='ocrx_word' id='word_1_285' title='bbox 952 2973 1106 3037; x_wconf 77' lang='lat' dir='ltr'><strong>enuncia-</strong></span> 
     </span>
     <span class='ocr_line' id='line_1_36' title="bbox 50 3054 1106 3143; baseline -0.001 -21"><span class='ocrx_word' id='word_1_286' title='bbox 50 3054 134 3123; x_wconf 86' lang='lat' dir='ltr'><strong>tione</strong></span> <span class='ocrx_word' id='word_1_287' title='bbox 156 3054 342 3140; x_wconf 80' lang='lat' dir='ltr'><strong>significent</strong></span> <span class='ocrx_word' id='word_1_288' title='bbox 359 3054 596 3141; x_wconf 78' lang='lat' dir='ltr'><strong>praedicatum,</strong></span> <span class='ocrx_word' id='word_1_289' title='bbox 619 3076 675 3121; x_wconf 84' lang='lat' dir='ltr'><strong>seu</strong></span> <span class='ocrx_word' id='word_1_290' title='bbox 697 3064 949 3143; x_wconf 79' lang='lat' dir='ltr'><strong>proprietatem,</strong></span> <span class='ocrx_word' id='word_1_291' title='bbox 971 3055 1106 3141; x_wconf 81' lang='lat' dir='ltr'><strong>eiusque</strong></span> 
     </span>
     <span class='ocr_line' id='line_1_37' title="bbox 49 3135 1104 3214; baseline -0.003 -11"><span class='ocrx_word' id='word_1_292' title='bbox 49 3157 116 3203; x_wconf 84' lang='lat' dir='ltr'><strong>com</strong></span> <span class='ocrx_word' id='word_1_293' title='bbox 179 3138 314 3204; x_wconf 91' lang='lat' dir='ltr'><strong>itionem</strong></span> <span class='ocrx_word' id='word_1_294' title='bbox 337 3158 411 3202; x_wconf 92' lang='lat' dir='ltr'><strong>cum</strong></span> <span class='ocrx_word' id='word_1_295' title='bbox 432 3136 589 3214; x_wconf 86' lang='lat' dir='ltr'><strong>subiecto,</strong></span> <span class='ocrx_word' id='word_1_296' title='bbox 605 3140 805 3204; x_wconf 79' lang='lat' dir='ltr'><strong>resolvantur</strong></span> <span class='ocrx_word' id='word_1_297' title='bbox 826 3138 860 3201; x_wconf 94' lang='lat' dir='ltr'><strong>in</strong></span> <span class='ocrx_word' id='word_1_298' title='bbox 881 3135 1014 3202; x_wconf 83' lang='lat' dir='ltr'><strong>verbnm</strong></span> <span class='ocrx_word' id='word_1_299' title='bbox 1031 3159 1104 3213; x_wconf 84' lang='lat' dir='ltr'><strong>esre,</strong></span> 
     </span>
     <span class='ocr_line' id='line_1_38' title="bbox 49 3218 1106 3367; baseline 0 -82"><span class='ocrx_word' id='word_1_300' title='bbox 49 3240 87 3303; x_wconf 82' lang='lat' dir='ltr'><strong>qu</strong></span> <span class='ocrx_word' id='word_1_301' title='bbox 141 3270 150 3299; x_wconf 96' lang='lat'><strong>,</strong></span> <span class='ocrx_word' id='word_1_302' title='bbox 173 3230 211 3286; x_wconf 90' lang='lat' dir='ltr'><strong>ut</strong></span> <span class='ocrx_word' id='word_1_303' title='bbox 231 3219 392 3298; x_wconf 80' lang='lat' dir='ltr'><strong>diximus,</strong></span> <span class='ocrx_word' id='word_1_304' title='bbox 416 3230 464 3285; x_wconf 87' lang='lat' dir='ltr'><strong>est</strong></span> <span class='ocrx_word' id='word_1_305' title='bbox 486 3230 558 3285; x_wconf 88' lang='lat' dir='ltr'><strong>nota</strong></span> <span class='ocrx_word' id='word_1_306' title='bbox 580 3220 846 3319; x_wconf 89' lang='lat' dir='ltr'><strong>compositionis,</strong></span> <span class='ocrx_word' id='word_1_307' title='bbox 868 3228 900 3283; x_wconf 88' lang='lat' dir='ltr'><strong>et</strong></span> <span class='ocrx_word' id='word_1_308' title='bbox 919 3218 1106 3367; x_wconf 73' lang='lat' dir='ltr'><strong>inpartici·</strong></span> 
     </span>
     <span class='ocr_line' id='line_1_39' title="bbox 49 3302 1106 3448; baseline 0.002 -79"><span class='ocrx_word' id='word_1_309' title='bbox 49 3306 162 3448; x_wconf 82' lang='lat' dir='ltr'><strong>pium,</strong></span> <span class='ocrx_word' id='word_1_310' title='bbox 190 3324 255 3388; x_wconf 90' lang='lat' dir='ltr'><strong>quo</strong></span> <span class='ocrx_word' id='word_1_311' title='bbox 282 3302 350 3387; x_wconf 85' lang='lat' dir='ltr'><strong>ipsa</strong></span> <span class='ocrx_word' id='word_1_312' title='bbox 378 3304 560 3387; x_wconf 87' lang='lat' dir='ltr'><strong>proprietas</strong></span> <span class='ocrx_word' id='word_1_313' title='bbox 582 3304 796 3389; x_wconf 76' lang='lat' dir='ltr'><strong>significatur.</strong></span> <span class='ocrx_word' id='word_1_314' title='bbox 820 3303 859 3368; x_wconf 88' lang='lat' dir='ltr'><strong>E.</strong></span> <span class='ocrx_word' id='word_1_315' title='bbox 883 3322 928 3386; x_wconf 69' lang='lat' dir='ltr'><strong>g,</strong></span> <span class='ocrx_word' id='word_1_316' title='bbox 950 3322 959 3364; x_wconf 97' lang='grc' dir='ltr'>ι</span> <span class='ocrx_word' id='word_1_317' title='bbox 985 3322 1037 3367; x_wconf 90' lang='lat' dir='ltr'><strong>em</strong></span> <span class='ocrx_word' id='word_1_318' title='bbox 1057 3310 1106 3371; x_wconf 85' lang='lat' dir='ltr'><strong>est</strong></span> 
     </span>
     <span class='ocr_line' id='line_1_40' title="bbox 70 3382 1107 3464; baseline 0.002 -13"><span class='ocrx_word' id='word_1_319' title='bbox 70 3388 168 3464; x_wconf 82' lang='lat' dir='ltr'><strong>icere,</strong></span> <span class='ocrx_word' id='word_1_320' title='bbox 191 3384 388 3459; x_wconf 82' lang='lat' dir='ltr'><strong>concalescit,</strong></span> <span class='ocrx_word' id='word_1_321' title='bbox 410 3407 447 3450; x_wconf 89' lang='lat' dir='ltr'><strong>ac</strong></span> <span class='ocrx_word' id='word_1_322' title='bbox 468 3397 511 3450; x_wconf 82' lang='lat' dir='ltr'><strong>cst</strong></span> <span class='ocrx_word' id='word_1_323' title='bbox 532 3388 754 3454; x_wconf 66' lang='lat' dir='ltr'><strong>connumerat.</strong></span> <span class='ocrx_word' id='word_1_324' title='bbox 778 3382 866 3456; x_wconf 85' lang='lat' dir='ltr'><strong>Unde</strong></span> <span class='ocrx_word' id='word_1_325' title='bbox 887 3382 1023 3456; x_wconf 76' lang='lat' dir='ltr'><strong>verbum</strong></span> <span class='ocrx_word' id='word_1_326' title='bbox 1043 3405 1107 3456; x_wconf 79' lang='lat' dir='ltr'><strong>ttst</strong></span> 
     </span>
     <span class='ocr_line' id='line_1_41' title="bbox 52 3467 562 3555; baseline 0.004 -22"><span class='ocrx_word' id='word_1_327' title='bbox 52 3468 229 3555; x_wconf 87' lang='lat' dir='ltr'><strong>nuncupari</strong></span> <span class='ocrx_word' id='word_1_328' title='bbox 249 3467 329 3535; x_wconf 88' lang='lat' dir='ltr'><strong>solet</strong></span> <span class='ocrx_word' id='word_1_329' title='bbox 348 3469 562 3553; x_wconf 79' lang='lat' dir='ltr'><strong>primitivum,</strong></span> 
     </span>
    </p>
   </div>
   <div class='ocr_carea' id='block_1_5' title="bbox 85 3647 431 3721">
    <p class='ocr_par' dir='ltr' id='par_1_8' title="bbox 85 3647 431 3721">
     <span class='ocr_line' id='line_1_42' title="bbox 85 3647 431 3721; baseline 0.006 -14"><span class='ocrx_word' id='word_1_330' title='bbox 85 3648 134 3711; x_wconf 85' lang='lat'><strong>¹1.</strong></span> <span class='ocrx_word' id='word_1_331' title='bbox 154 3666 184 3721; x_wconf 80' lang='lat' dir='ltr'><strong>q.</strong></span> <span class='ocrx_word' id='word_1_332' title='bbox 202 3647 250 3711; x_wconf 89' lang='grc' dir='ltr'>ΙΙΙ,</span> <span class='ocrx_word' id='word_1_333' title='bbox 270 3665 296 3705; x_wconf 85' lang='lat' dir='ltr'><strong>a.</strong></span> <span class='ocrx_word' id='word_1_334' title='bbox 317 3652 331 3707; x_wconf 85' lang='grc' dir='ltr'>Ι</span> <span class='ocrx_word' id='word_1_335' title='bbox 352 3651 384 3707; x_wconf 81' lang='lat' dir='ltr'><strong>al</strong></span> <span class='ocrx_word' id='word_1_336' title='bbox 404 3650 431 3709; x_wconf 75' lang='grc'><strong>2.</strong></span> 
     </span>
    </p>
   </div>
   <div class='ocr_carea' id='block_1_6' title="bbox 0 0 1242 3909">
    <p class='ocr_par' dir='ltr' id='par_1_9' title="bbox 0 0 1242 3909">
     <span class='ocr_line' id='line_1_43' title="bbox 0 0 1242 3909; baseline 0 0"><span class='ocrx_word' id='word_1_337' title='bbox 0 0 1242 3909; x_wconf 95' lang='lat' dir='ltr'><strong> </strong></span> 
     </span>
    </p>
   </div>
  </div>
 </body>
</html>
