2475 3909
385 170 571 223 ruaoiooix
594 170 783 219 narrantis
1028 151 1089 218 303

103 254 151 319 15.
176 256 219 318 At
241 273 318 318 vero
342 255 506 319 nonnullis
527 254 732 338 Philosophia
753 253 960 320 existentiam
982 252 1041 320 Dei
1066 276 1129 318 noii

62 335 194 421 quidem
216 336 494 419 argumentatione
509 336 660 419 oprimi,
676 335 731 401 sed
746 359 766 400 u
779 334 970 411 simultaneo,
986 357 1025 399 ea
1041 358 1130 399 iiem-

63 438 191 505 pe,qua
213 418 310 482 realis
331 428 503 483 existentia
520 419 578 482 Dei
603 440 646 482 ex
669 438 738 502 ipsa
760 419 842 483 Eius
867 417 999 482 notione
1022 419 1131 501 argui·

63 512 128 576 tur,
145 497 277 586 probari
302 518 396 583 posse
418 501 522 566 visum
544 511 604 565 est.
620 501 690 563 lloc
712 509 939 583 argumentum
961 498 994 562 in
1015 499 1131 642 primis

63 602 129 644 as.
155 582 307 645 Anselmo
329 583 548 667 excogitatum
572 580 741 666 luit¹‚qui
766 580 815 645 his
838 581 940 644 lerme
963 601 1020 644 rer
1044 583 1070 644 is
1094 580 1132 643 il·

63 660 118 728 lud
142 664 345 729 enunciavit:
362 664 484 731 Omnes
506 664 637 727 nomine
659 662 719 726 Dei
744 662 846 726 intelli
873 672 930 727 unt
952 660 1045 737 illud,
1066 681 1132 744 quo

63 744 144 809 nihil
168 746 274 811 maius
295 746 432 830 cogitari
457 755 587 831 potest,
610 765 647 809 ao
670 742 807 828 proinde
831 683 937 819 iilud,
960 764 1026 827 quo
1051 743 1132 806 nihil

64 827 170 889 maius
192 827 330 911 cogitari
354 838 469 912 potest,
486 829 519 893 in
536 826 702 892 intellectu
725 826 848 891 existit.
865 831 907 891 At
930 824 975 901 ui,
993 827 1018 889 si
1036 824 1130 897 illud,

62 927 129 990 quo
146 906 226 973 nihil
242 908 345 971 maius
365 908 501 992 cogitari
526 919 642 1055 potest,
659 908 770 973 existit
791 909 825 971 in
840 846 1016 982 intellectu,
1032 909 1132 971 etiam

64 988 100 1051 in
123 1010 183 1065 re,
207 1009 321 1072 nempe
343 998 435 1054 extra
458 991 523 1056 inte
539 991 659 1055 lectum
686 990 827 1053 existere
851 988 957 1055 debet.
981 991 1070 1073 Ergo
1097 988 1134 1052 il·

64 1068 134 1146 lud,
149 1091 215 1155 quo
238 1069 316 1133 nihil
339 1073 446 1135 maius
466 1073 600 1156 cogitari
624 1082 740 1158 potest,
766 1092 880 1157 nempe
903 1071 1003 1147 Dens,
1023 1072 1135 1139 existit

63 1164 99 1217 et
115 1155 146 1217 iii
170 1150 347 1226 intellectu,
363 1162 394 1215 et
415 1152 449 1216 iii
472 1174 517 1216 re.
542 1154 654 1219 ‚lli'iior
670 1156 713 1219 ita
738 1152 904 1239 probatur.
929 1154 1029 1228 lllud,
1045 1152 1133 1238 quod

63 1236 178 1300 existit
200 1234 232 1297 in
256 1233 434 1308 intellectu,
458 1247 491 1300 et
514 1236 546 1299 iii
569 1256 617 1312 re,
642 1238 746 1299 maius
767 1256 805 1298 eo
828 1247 899 1312 est,
920 1237 1006 1319 quod
1029 1237 1063 1301 in
1086 1237 1135 1299 in-

63 1317 196 1383 tellectu
219 1325 344 1383 tantuin
367 1315 490 1382 existit.
515 1318 626 1402 Ergo,
650 1319 676 1381 si
700 1316 758 1391 id,
781 1336 846 1400 quo
869 1318 974 1382 maius
996 1320 1135 1401 cogitari

63 1422 130 1464 non
153 1408 269 1495 potest,
285 1398 441 1463 existeret
464 1409 587 1463 tantum
608 1402 643 1464 in
662 1398 838 1474 intellectu,
862 1409 938 1463 tunc
960 1398 1053 1475 illud,
1069 1420 1134 1484 quo

63 1480 191 1566 aliquid
213 1482 320 1544 maius
347 1480 483 1565 cogitari
515 1502 578 1544 non
605 1493 732 1566 potest,
756 1492 840 1545 esset
864 1480 1074 1555 huiusmodi,
1099 1492 1135 1545 ut

64 1563 190 1649 aliquid
219 1582 258 1627 eo
286 1562 392 1625 maius
419 1564 555 1648 cogitari
581 1564 704 1649 possit;
732 1562 762 1628 iil
790 1561 878 1645 quod
906 1562 1135 1630 contradictio-

64 1666 141 1711 nem
163 1643 309 1728 implicat
322 1645 346 1706 ².

108 1727 157 1792 16.
171 1724 366 1790 Huiusmodi
383 1735 610 1809 argumentum
626 1747 643 1789 a
657 1726 804 1792 Cartesio
820 1728 1026 1810 praesertim,
1039 1738 1070 1791 at
1096 1749 1135 1791 uo

64 1833 82 1874 a
108 1807 270 1875 leibnitio
293 1809 507 1873 instauratum
531 1806 606 1872 fuit.
631 1807 796 1874 Cartosius
816 1808 950 1891 quidem
974 1806 1054 1873 illud
1071 1750 1136 1873 liae

66 1893 194 1955 ratione
220 1890 395 1975 exposuit:
420 1888 530 1954 ldeam
557 1890 606 1954 rei
629 1889 753 1955 infinite
782 1888 943 1986 perfectae
973 1891 1005 1953 in
1029 1903 1136 1956 mente

64 1972 248 2047 trahemus,
271 1982 366 2055 atque
390 1970 430 2034 ad
452 1992 524 2035 eam
548 1973 708 2055 pertinere
736 1972 944 2037 existentiam
971 1971 1081 2049 claro,
1105 1985 1137 2038 et

64 2054 218 2121 ilistincte
243 2053 458 2139 percipimus;
481 2052 646 2136 siquidem
668 2055 841 2119 existentia
864 2063 912 2116 est
935 2055 1040 2138 prima
1063 2075 1136 2139 per-

66 2137 180 2203 lectio.
198 2136 296 2220 Atqui
320 2133 482 2219 quidquid
505 2138 667 2219 pertinere
689 2134 729 2199 ad
752 2156 834 2211 rem,
857 2136 952 2201 cuius
975 2134 1078 2199 ideam
1103 2139 1137 2201 in

66 2229 173 2283 mente
196 2216 363 2289 haliemus,
378 2216 477 2293 clare,
494 2226 527 2281 et
546 2217 699 2283 distincte
715 2216 936 2363 percipimus,
954 2216 1044 2281 idad
1068 2239 1137 2282 rem

67 2300 160 2366 illam
181 2320 296 2365 revera
317 2300 470 2385 pertinet.
494 2300 582 2384 Ergo
605 2318 655 2363 res
679 2301 711 2363 iii

66 2382 175 2460 Deus,
196 2402 309 2448 revera
330 2380 443 2446 existit
457 2381 480 2443 ⁸.

110 2466 160 2529 17.
183 2462 367 2530 Leibnitius
388 2473 499 2528 autem
527 2462 571 2527 ita
593 2462 807 2527 ratiocinatus
829 2472 894 2525 est:
920 2462 984 2525 Eiis
1013 2460 1139 2527 infinito

67 2545 251 2631 perlectum
279 2543 434 2630 possibile
456 2564 525 2610 esse
554 2545 645 2608 conci
674 2544 770 2608 imus.
794 2543 894 2626 Atqui
923 2542 956 2605 in
980 2552 1138 2626 conceptu

66 2626 297 2712 possibilitatis
318 2627 411 2691 Eritis
434 2624 559 2691 infinite
580 2563 717 2712 pertllcti
741 2634 917 2720 conceptus
937 2625 1017 2689 Eius
1039 2626 1139 2690 realis

66 2708 263 2776 existentiae
286 2706 478 2786 includitur,
494 2729 567 2773 nani
589 2707 764 2774 existentia
781 2706 820 2770 ad
841 2724 944 2851 ipsam
965 2707 1139 2772 essentiam

68 2792 164 2858 Eritis
178 2790 301 2857 infinite
323 2789 457 2874 perlecti
473 2800 605 2877 spectat.
622 2792 711 2877 Ergo
727 2790 792 2855 Ens
815 2788 847 2852 in
874 2788 940 2851 nite
957 2788 1139 2873 perfectum

68 2895 108 2939 re
131 2874 202 2960 ipsa
222 2874 336 2939 existit
351 2875 375 2935 ⁸.

739 2300 806 2363 nite
831 2298 997 2383 perfecta,
1021 2320 1137 2385 nempe

109 3061 117 3094 ⁸
139 3055 188 3107 le
205 3072 230 3107 i.
250 3053 392 3110 anselinus
410 3052 668 3118 argonentationem
688 3066 764 3104 suani
784 3056 938 3119 proposuit,
967 3070 1029 3107 cuin
1048 3058 1142 3108 adrer-

70 3132 171 3182 snitum
190 3133 285 3181 nictus
304 3129 355 3180 luit
375 3126 536 3177 monachum
565 3121 761 3187 Gannilonem,
787 3130 832 3192 qni
858 3129 909 3180 hao
936 3130 969 3181 ile
988 3142 1015 3179 ie
1035 3130 1142 3194 scr'pilt

69 3216 150 3267 opus,
170 3205 213 3252 oui
234 3216 341 3260 nomen,
363 3202 439 3251 Litai
455 3212 505 3264 pro
525 3200 660 3261 insipiente
681 3200 805 3251 adoerius
824 3202 941 3252 Amslmi'
958 3206 986 3250 tii
1008 3204 1141 3266 Proilopi'o

69 3277 306 3326 rottoctnuttonem.
328 3272 359 3324 El
380 3279 470 3323 tamen
483 3276 605 3321 unctum
618 3266 718 3319 Doctor
735 3272 833 3323 obiecit
851 3273 921 3323 alind
940 3287 1019 3337 opus,
1032 3272 1075 3323 cui
1096 3288 1142 3324 iio-

71 3363 145 3405 inen,
167 3349 240 3398 liber
259 3348 431 3411 apolopetlcur
449 3350 541 3395 contra
561 3343 743 3395 Guuni'lonem.

109 3420 121 3455 ²
140 3420 271 3483 Proalop„
291 3434 316 3469 o.
329 3420 357 3469 1.
372 3416 448 3469 llonc
467 3421 558 3469 autem
578 3419 701 3465 sanctum
723 3412 862 3467 Ductorem
877 3417 910 3467 ab
923 3414 1058 3481 Ontologis
1074 3418 1144 3469 inter

72 3506 137 3543 snae
162 3494 310 3543 sententiae
334 3492 453 3542 lautores
478 3488 612 3539 immerito
637 3486 806 3538 adnumerari
831 3491 935 3553 egregie
954 3490 1143 3540 demonstrarit

73 3564 167 3628 lesepli
187 3563 275 3615 Prisco
289 3567 314 3615 in
328 3561 443 3628 llpliem.
457 3566 493 3614 ba
506 3564 613 3613 Sasima
627 3575 641 3609 ii
653 3561 679 3610 lii
694 3558 1045 3627 riaenoixxxiitttapoii
1064 3564 1141 3613 taor.

109 3638 258 3701 'princip
277 3639 355 3702 phil,
376 3652 402 3701 p.
425 3633 445 3694 l,
467 3652 493 3687 n.
519 3630 611 3684 it.-⁴
629 3634 819 3700 Μοηαάοῑορίο,
840 3639 855 3694 s
876 3630 954 3690 xliv.
