2475 3909
108 123 177 194 ’80
516 146 716 200 noercsa

96 221 220 294 Deinde
243 228 347 307 illud,
373 228 461 316 quod
485 252 541 318 per
564 235 800 323 experientiam
828 255 865 300 co
909 236 999 310 orit,
1022 253 1084 320 ope
1106 233 1153 300 in·

95 309 257 377 ductionis
281 311 390 379 reddit
418 315 623 396 universale,
652 332 748 403 atque
777 317 821 382 ita
849 319 1153 416 a'propositiones

96 392 294 460 universales
340 394 535 482 regreditur,
558 420 639 486 quas
661 411 825 484 tamquam
847 420 1007 497 prrncrpra
1025 399 1156 466 demon-

95 475 261 541 strationis
283 499 300 542 a
325 477 423 544 hihet.
446 477 594 566 Denique
621 505 663 548 ex
688 481 739 547 his
767 483 938 567 principiis
959 494 1004 548 rta
1025 503 1156 567 compa-

95 557 174 621 ratis
195 559 433 626 conclusionem
455 564 665 630 scientificam
693 583 754 661 ope
781 564 956 651 syllogismi
984 564 1152 631 deducit¹.

95 637 255 725 Exemplo
278 665 343 708 rem
366 643 586 710 declaremus:
611 648 644 713 Si
689 667 739 710 urs
762 647 981 730 cognitionem
1002 648 1159 714 scientifi-

96 739 166 782 cam
188 720 285 788 huius
308 727 474 801 veritatis,
496 727 646 792 Homines
667 667 810 792 iilertate
834 727 987 810 quodem,
1015 728 1156 814 adipisci

96 800 183 880 velit,
207 803 252 870 ita
276 807 452 874 seeundum
474 809 559 894 leges
582 808 722 876 methodi
748 810 1158 897 psp'chologicorationalis

95 884 248 969 progredi
269 890 374 956 dehet.
398 892 508 956 Primo
530 895 707 968 Socratem,
731 891 913 968 Platonem,
935 893 1155 972 Aristotelem,

96 965 241 1051 aliosque
262 971 446 1050 observans,
462 973 672 1060 deprehendit
687 994 743 1038 eos
757 974 859 1040 lihere
874 995 982 1060 agere,
997 986 1030 1042 et
1043 976 1159 1043 statuit

95 1046 177 1112 hanc
198 1057 444 1138 experientiam:
462 1055 573 1121 Plures
593 1056 731 1122 domines
751 1055 890 1120 libertate
910 1059 1052 1139 gaudem.
1067 1059 1158 1136 Quia

97 1140 205 1196 autem
228 1137 261 1199 in
282 1140 405 1204 cunctis
431 1137 638 1218 hominibus,
668 1141 725 1236 qui
754 1138 818 1203 sihi
845 1151 1040 1218 occurrunt,
1065 1141 1158 1208 idem

95 1224 278 1284 constanter
298 1221 474 1306 perspicit,
500 1242 540 1284 ex
563 1222 783 1308 propositione
806 1222 994 1305 particulari
1023 1242 1160 1309 progre-

96 1291 187 1361 ditur
208 1299 248 1363 ad
270 1303 350 1367 hanc
370 1303 605 1367 universalem:
631 1304 743 1369 Omnes
765 1303 901 1367 domim
923 1303 1060 1370 libertate
1080 1325 1160 1387 gnu-

95 1375 175 1442 dent.
199 1379 320 1448 Eadem
341 1385 466 1450 ratione
488 1384 551 1449 sibi
574 1394 740 1470 comparat
758 1385 838 1449 hano
853 1386 988 1450 alteram
1009 1389 1160 1473 proposi—

96 1459 217 1525 tionem
238 1466 465 1532 universalem:
483 1467 595 1532 Omnes
618 1466 754 1531 homines
768 1478 840 1530 sunt
854 1467 954 1532 intelli
973 1471 1056 1534 sntio
1064 1490 1161 1553 prue-

96 1540 166 1606 dt'ti·
189 1541 314 1614 Deinde
336 1546 532 1630 expendens,
555 1547 641 1612 unde
665 1548 697 1611 in
719 1547 902 1644 hominibus
925 1488 1160 1617 liiiertnsoria-

95 1633 161 1703 tur,
185 1623 280 1696 facile
303 1631 459 1716 perspicit
478 1649 621 1706 causam,
645 1649 704 1694 cur
723 1629 868 1696 homrncs
882 1631 1032 1700 libertate
1046 1633 1163 1699 iruan-

96 1713 161 1784 tur,
185 1710 218 1774 in
240 1733 279 1777 eo
302 1711 435 1799 positam
458 1731 542 1786 esse,
562 1710 652 1797 quod
673 1713 887 1794 intelligentia
908 1724 983 1780 sunt
1003 1714 1158 1801 praediti.

96 1785 166 1853 ldae
177 1810 284 1872 causa,
296 1808 459 1881 tamquam
475 1793 581 1858 medio
594 1794 745 1869 termino,
758 1794 876 1871 utitur,
887 1807 924 1861 ut
934 1797 1160 1884 syllogismum

96 1871 266 1956 conficiat,
289 1877 373 1944 unde
394 1875 613 1960 cognitionem
636 1875 846 1940 scientificum
867 1878 1026 1946 libertatis
1052 1880 1161 1945 homi-

70 1973 77 1990 ·
96 1971 175 2016 num
197 1962 308 2037 eruit,
330 1958 550 2025 ratiocinando
571 1957 657 2022 hunc
680 1957 714 2021 in
736 1956 890 2022 modum:
916 1961 1054 2037 Omnia,
1080 1982 1160 2048 poue

95 2033 301 2134 intelligentia
321 2053 392 2106 sum
411 2041 565 2128 praedito,
585 2039 725 2104 libertate
735 2039 1005 2136 [mortuumque
1019 2045 1160 2109 homines

95 2130 166 2182 sunt
189 2124 392 2208 intelligentia
408 2122 560 2209 praediti‚·
573 2141 643 2204 crgo
657 2120 791 2186 homenes
805 2121 947 2188 libertate
958 2127 1026 2209 [rui
1039 2126 1158 2192 meent.

139 2202 187 2268 16.
211 2202 251 2268 Ut
272 2219 379 2272 autem
402 2224 552 2292 germana
573 2204 670 2268 huius
687 2201 829 2270 methodi
844 2207 933 2272 notio
953 2207 1158 2294 adquiratur,

95 2283 175 2350 haec
195 2306 325 2354 monere
349 2308 407 2373 par
427 2296 486 2352 est:

139 2363 171 2432 1⁰
186 2369 366 2435 &curidum
381 2365 566 2436 methodum
582 2365 1006 2454 psychologico-rationalem
1021 2373 1160 2438 scientia

97 2449 138 2513 ab
158 2454 362 2537 experientia
384 2473 446 2516 non
468 2450 627 2526 sllicitum
650 2469 724 2512 nam
754 2451 955 2534 experientia
980 2474 1039 2518 nos
1064 2454 1162 2521 docet

97 2553 166 2598 rem
187 2554 268 2614 esse,
292 2533 347 2600 sed
369 2555 510 2608 causam,
533 2553 574 2596 ex
595 2552 660 2616 qua
682 2542 812 2608 rcsest,
834 2553 898 2597 non
920 2535 1115 2603 manifestat.

137 2611 172 2678 2⁰
194 2615 242 2683 Ne
265 2619 426 2703 principia
448 2614 580 2701 quidem
600 2613 809 2678 scientiarum
829 2615 870 2679 ah
891 2619 1093 2702 experientia
1108 2618 1161 2684 ef-

97 2697 263 2775 ficiuntur3
287 2721 357 2764 nam
383 2697 544 2785 principia
564 2707 639 2762 sunt
660 2695 870 2772 universalia,
884 2701 1085 2784 experientia
1100 2721 1162 2766 au-

97 2793 162 2846 tem
186 2783 311 2846 nonnisi
332 2782 420 2851 ¹cirea
443 2778 618 2863 singularia
640 2788 796 2842 versatur.
820 2779 903 2844 lllud
925 2782 1022 2847 etiam
1043 2781 1161 2848 adrer-

97 2860 230 2929 tendum
244 2875 303 2941 cst,
320 2865 481 2948 principia
499 2861 709 2926 scientiarum
723 2880 763 2925 ne
779 2882 836 2948 per
848 2862 1160 2931 demonstrationem

96 2943 228 3031 quidem
250 2947 431 3031 comparari
455 2963 560 3029 posse,
581 2943 672 3027 quia,
688 2961 763 3006 cum
776 2944 912 3030 exipsis
926 2943 1162 3013 demonstratio

97 3027 278 3105 alliciatur,
301 3029 366 3092 iam
388 3037 460 3093 ante
480 3023 786 3091 demonstrationem
807 3046 880 3091 com
904 3038 993 3095 arata
1014 3050 1083 3095 esse
1103 3027 1164 3094 de·

96 3109 182 3177 hent.
207 3109 414 3195 Quapropter
435 3107 611 3194 principia,
634 3118 671 3173 ut
691 3106 846 3186 diximus,
862 3047 903 3178 ah
916 3111 1082 3177 intellectu
1100 3131 1162 3196 per

97 3191 316 3259 inductionem
338 3191 559 3258 eliormantur.

137 3274 171 3342 3⁰
193 3277 263 3342 Etsi
284 3297 324 3340 ex
349 3273 485 3348 orientia
508 3292 569 3338 nou
592 3274 634 3337 sit
654 3272 786 3369 proprie
807 3294 903 3338 causa
924 3277 1094 3350 scientiae,
1113 3283 1163 3339 ta-

97 3377 171 3424 men
186 3371 313 3446 estque
335 3354 483 3422 ammodo
497 3375 593 3420 causa
607 3355 774 3430 scientiae,
788 3355 849 3420 hoc
862 3365 910 3422 est
922 3358 1052 3422 initium
1073 3358 1160 3432 riae,

97 3461 181 3527 quae
207 3440 245 3506 ad
270 3441 439 3507 scientiam
467 3437 568 3503 ducit.
598 3439 728 3502 Etenim
755 3439 889 3505 scientia
922 3461 963 3505 ex
990 3438 1163 3525 principiis

134 3632 142 3666 ¹
164 3624 198 3682 tt
214 3644 237 3680 s.
257 3624 362 3688 Thom,
385 3631 415 3680 ta
433 3629 478 3680 tu.
501 3630 527 3679 11
548 3631 647 3680 Poster.
668 3588 753 3684 unul..
774 3626 839 3680 lect.
860 3621 918 3677 xx.
