2475 3909
586 190 627 202 -
648 176 684 220 ῃ
706 192 746 203 -

131 282 268 352 naviter
290 280 451 351 studeant
473 279 691 371 doprnaticac
712 281 909 371 theoloqiae
931 279 1126 367 ceterisque
1142 298 1201 347 sa-

131 394 203 462 cris
218 394 425 483 disciplinis,
446 395 508 463 tali
525 396 636 463 antico
651 393 792 463 foedere
807 394 1058 483 philosophicis
1072 414 1200 463 conso-

130 505 246 589 ciatis,
261 515 298 575 ut
314 503 534 593 philosophia
546 502 742 595 theologiae
758 502 887 571 ancilla
902 503 979 571 iura
1002 501 1195 588 meritoque

130 615 327 703 appelletur
343 622 377 681 et
392 613 450 681 sit.
470 611 612 681 Accedit
628 665 636 694 ,
660 609 753 699 quod
767 611 812 678 iis
826 663 834 693 ‚
855 612 913 699 qui
933 610 1194 681 ecclesiasticae

128 726 274 794 militiae
291 746 415 795 nomen
430 724 611 807 dederuut,
626 746 713 814 opus
727 733 781 792 est
795 724 1061 813 philosophandi
1072 747 1199 797 norma

127 836 238 907 latine
265 847 422 921 exarata,
445 837 671 927 praeambula
695 836 739 907 ad
761 857 883 907 sacras
909 838 1101 923 scientias;
1129 840 1200 909 hac

128 951 334 1035 praesertim
355 960 573 1037 tempestate,
590 969 658 1036 qua
673 949 940 1038 protestantium
962 948 1105 1037 placita,
1131 971 1199 1039 per

129 1062 322 1131 studiorum
342 1062 617 1141 luniversitateS‚
644 1062 767 1148 lycea,
791 1061 930 1129 scholas
952 1060 1197 1149 pervadentia,

128 1175 275 1242 latinum
298 1192 491 1241 sermonem
515 1171 560 1240 ah
582 1173 687 1252 omni,
708 1172 814 1240 etiarn
834 1190 970 1251 sacrae,
986 1169 1197 1260 disciplinae

132 1283 350 1363 institutione
366 1294 494 1374 copunt
510 1284 684 1354 exsulare.

175 1396 265 1463 llaec
279 1395 397 1464 omnia
412 1395 524 1463 auimo
541 1406 710 1483 reputans
721 1396 981 1467 amantissimus
992 1397 1052 1466 illc
1064 1397 1201 1467 studio-

128 1527 190 1576 sae
204 1508 397 1579 iuventutis
408 1508 592 1576 Caietauus
604 1508 851 1589 Sanseverino‚
864 1507 993 1576 Nuntio
1004 1508 1200 1597 Sipnoriel-

128 1618 178 1701 lo,
198 1629 280 1688 tunc
295 1619 334 1687 in
348 1618 638 1707 archiepiscopali
655 1619 876 1709 neapolitano
891 1619 992 1707 lyceo
1008 1619 1145 1709 lopicae
1160 1634 1198 1688 et

129 1726 388 1816 metaphysicae
411 1728 637 1809 antecessori,
661 1744 869 1813 suorumque
892 1728 1086 1799 studiorum
1108 1750 1200 1799 con-

128 1838 346 1909 stantissimo
358 1837 580 1928 couleqaeac
591 1849 713 1928 postea
725 1840 936 1911 Canonicatu
947 1843 985 1909 in
994 1840 1116 1911 eadem
1127 1843 1201 1911 lle-

127 1951 341 2039 tropolitana
364 1950 519 2021 Ecclesia
542 1951 702 2036 adaucto,
727 1954 945 2042 provinciam
968 1954 1197 2027 demandavit

128 2061 299 2131 eiusmodi
317 2062 561 2150 compendium
576 2084 619 2131 ex
635 2064 703 2144 his,
721 2084 809 2150 quae
825 2064 940 2135 fusius
954 2068 991 2136 in
1008 2068 1198 2139 Elemeatis

128 2172 174 2240 ah
190 2194 227 2240 se
245 2172 386 2243 lucrant
400 2178 630 2259 pertractata,
649 2174 881 2244 exscribendi.
907 2179 1044 2249 Utinam
1060 2183 1200 2269 potuis-

128 2294 181 2351 set
198 2305 304 2373 opuS,
327 2293 399 2351 tam
422 2282 510 2351 hene
533 2281 727 2368 inceptum,
753 2285 950 2358 ahsolutum
970 2293 1197 2380 conspicere!

127 2399 269 2481 Verum,
284 2416 327 2465 ex
341 2414 410 2481 quo
424 2402 490 2462 tem
494 2412 579 2480 pore
593 2393 686 2462 Deus
700 2394 864 2466 solertem
875 2402 931 2469 sui
952 2401 1198 2475 administrum

126 2532 147 2577 e
164 2518 259 2579 terra
275 2504 620 2587 sustulit‚hdissi1nus
634 2507 711 2575 eius
725 2506 873 2594 adiutor,
891 2514 1113 2604 Siquoriello
1128 2540 1198 2586 nec

126 2620 253 2703 labori,
272 2642 335 2689 nec
350 2618 542 2687 industriae
565 2638 738 2706 percara,
754 2621 999 2713 Philosophiae
1022 2628 1198 2698 Christia-

126 2757 193 2804 nae
211 2733 442 2804 iustitutionis
458 2729 697 2819 compendium
713 2752 754 2800 eo
774 2734 1004 2821 perfectionis
1018 2738 1200 2810 adducere

127 2846 228 2914 nisus
249 2853 316 2927 est,
333 2852 371 2911 ut
387 2862 457 2912 nou
473 2840 573 2911 modo
590 2840 705 2910 lamae
721 2842 917 2914 consuleret
932 2849 1036 2935 primi
1051 2852 1107 2919 sui
1123 2851 1200 2922 Au-

127 2960 372 3039 ctoris3verum
384 2956 488 3023 etiam
504 2964 596 3022 esset
609 2952 848 3041 philosophiae
860 2954 1010 3030 alumnis
1023 2982 1199 3053 perquam

126 3066 433 3140 accommodatum.

92 3186 95 3192 '
173 3182 296 3251 Totum
312 3178 420 3268 ipitur
436 3194 524 3264 opus
538 3174 574 3243 iu
590 3170 659 3243 duo
673 3172 852 3244 volumina
869 3176 1091 3269 dispescitur,
1109 3206 1200 3271 quo-

125 3316 203 3365 rum
219 3312 326 3363 uuum
340 3289 545 3359 subiectione
568 3284 808 3374 philosophiae
824 3290 1037 3364 theoreticae
1052 3312 1195 3386 parma,

126 3402 274 3471 alterum
297 3400 483 3469 obiectc'vus
504 3394 628 3465 refert.
646 3393 741 3469 Quae
757 3400 945 3471 secundum
959 3406 1197 3481 Scholastica-

124 3534 222 3596 rum,
239 3513 276 3582 in
299 3512 489 3600 primisque
513 3507 627 3577 sancti
642 3506 794 3577 Thomas
817 3519 1138 3602 arputnentatioues
1160 3546 1199 3592 a.

44 3694 52 3709 ,
125 3621 327 3702 volvuntur,
345 3620 393 3687 ita
409 3627 522 3689 tamen
539 3625 575 3683 ut
592 3614 660 3682 hae
682 3636 727 3684 ex
742 3615 799 3699 iis,
814 3638 904 3704 quaa
920 3642 941 3691 a
959 3625 1123 3697 Patribus
1138 3631 1196 3700 di-
