2475 3909
488 201 760 251 amnnononuom
1050 189 1110 269 187

84 282 164 348 tiam
186 280 402 365 completam,
425 303 481 349 seu
503 285 719 368 compositum
742 285 968 366 substantiale,
991 291 1077 374 quod
1099 288 1149 353 di-

82 364 170 428 citur
191 363 300 440 bomo,
322 364 474 431 alliciunt.
502 368 601 450 Atqui
627 387 763 452 persona
786 367 882 435 debet
906 391 974 434 esse
1003 371 1148 438 substan-

84 448 131 512 tia
145 444 316 533 completa,
338 465 394 511 seu
418 448 560 534 perlecta
576 451 600 526 ¹;
616 449 815 518 substantiae
838 462 945 517 autom
972 453 1149 539 incomple-

84 540 135 593 tae
150 528 182 592 in
199 530 378 614 composito
399 529 600 596 substantiali
623 531 845 680 perficiuntur.
863 535 950 619 Ergo
972 555 1012 599 ex
1027 533 1147 610 anima,

83 622 116 676 et
137 632 271 697 corpore
295 611 391 677 unica
415 633 549 698 persona
572 616 605 679 in
650 617 759 680 omine
780 616 954 682 efficitur&

113 744 182 796 Aur.
205 744 422 798 lt-nonnuns
443 750 568 800 adsersus
588 749 769 814 Philosophus,
789 753 980 804 accidentalem
1000 753 1114 808 animae.

280 825 308 870 ct
326 823 445 883 corporis
465 826 588 873 unionem
608 832 766 882 asserentes,
787 829 946 876 surrotsntur

124 926 157 992 8.
181 925 269 990 inter
288 939 412 993 veteres
435 928 653 1014 Philosophus,
674 930 731 1014 qui
753 930 906 995 unionem
929 931 1056 994 animae
1074 950 1147 994 eum

83 1027 220 1092 corpore
243 1006 342 1072 veluti
365 1010 596 1077 accidentalem
632 1011 799 1088 habuere,
821 1011 999 1098 praecipue
1028 1031 1150 1077 memo·

83 1100 178 1154 ratur
197 1089 300 1155 Plato.
323 1093 404 1158 Sane
429 1094 496 1177 ipse
517 1093 613 1170 dixit,
638 1096 775 1160 animam
798 1115 872 1158 cum
895 1114 1042 1179 corpore,
1066 1109 1147 1162 tam-

85 1193 184 1258 quam
206 1187 364 1240 motorem
393 1196 467 1239 cnm
494 1175 630 1253 mobili,
653 1178 830 1261 coniungi,
853 1197 955 1263 eoque
982 1188 1145 1261 tamquam
1216 1195 1218 1203 ⁸

84 1255 199 1320 berum
227 1275 343 1332 servo,
366 1257 525 1324 artilicem
554 1259 792 1334 instrumento,
816 1258 865 1323 vel
890 1259 1049 1323 musicum
1079 1259 1147 1346 lyra

83 1339 147 1404 nti.
170 1337 255 1402 lliuo
276 1339 438 1405 bominem
462 1362 523 1404 non
545 1361 615 1405 esse
637 1340 744 1418 alind,
767 1341 828 1405 nisi
851 1342 1015 1416 animam,
1038 1340 1145 1404 sensit.

125 1422 159 1486 9.
181 1419 233 1483 Ex
254 1420 363 1486 multis
384 1423 601 1508 argumentis,
624 1423 743 1509 quibus
765 1443 790 1486 s.
814 1421 952 1486 Thomas
972 1421 1056 1485 bunc
1077 1421 1150 1486 Pla-

84 1504 188 1579 tonis,
210 1503 346 1588 einsque
368 1515 562 1571 sectatorum
584 1525 730 1570 errorem
752 1504 955 1580 confutavit,
983 1503 1061 1568 baec
1083 1501 1147 1566 dno

84 1585 267 1650 afferemus:
292 1585 325 1651 1⁰
346 1586 471 1672 Corpus
495 1589 529 1652 in
551 1586 679 1651 bomine
706 1587 850 1673 speciem
876 1605 967 1649 snam
990 1585 1089 1649 sumit
1107 1584 1147 1648 ab

85 1667 206 1741 anima,
226 1688 299 1732 cum
320 1689 384 1753 qna
407 1668 589 1755 copulatum
612 1670 719 1754 ipsum
741 1670 828 1734 enirn
850 1687 970 1744 exeo,
993 1665 1079 1752 quod
1096 1665 1154 1730 ooss

84 1747 217 1835 pulatnr
237 1771 311 1814 cum
333 1753 466 1827 anima,
489 1773 507 1816 a
529 1753 646 1817 ceteris
673 1750 865 1838 corporibus
893 1751 1001 1836 speeie
1024 1748 1146 1827 dinen,

84 1843 181 1918 atque
203 1833 372 1897 homonum
392 1845 537 1898 vocatur.
554 1833 666 1917 Atqui,
682 1833 710 1897 si
730 1833 838 1897 anima
859 1829 899 1896 ad
922 1852 1052 1916 corpus,
1068 1844 1149 1897 tam-

83 1935 182 1999 qnam
204 1925 310 1981 motor
331 1914 370 1979 ad
393 1913 525 1990 mobile,
541 1935 574 1979 se
589 1914 734 1991 baberet,
751 1933 868 2000 corpus
890 1913 932 1979 ab
954 1916 1061 1979 anima
1077 1935 1149 2000 spe-

83 1996 168 2061 ciem
190 2016 280 2061 snam
302 2017 429 2061 sumere
452 2017 514 2061 non
536 2007 659 2082 posset,
677 2003 849 2082 propterea
871 1996 958 2082 quod
981 2005 1087 2061 motor
1100 2007 1148 2062 est

85 2089 178 2145 extra
200 2077 341 2155 mobile,
364 2077 444 2142 illud
466 2089 591 2155 autern,
615 2099 634 2142 a
655 2099 719 2162 quo
747 2099 799 2144 res
820 2099 834 2142 s
858 2079 961 2145 eciem
984 2098 1074 2142 suam
1096 2099 1151 2144 su·

85 2161 169 2236 mit,
191 2160 360 2226 essentiam
382 2161 429 2224 rei
452 2161 643 2238 constitnit,
666 2181 703 2225 ac
726 2162 818 2247 proin
842 2181 860 2225 e
881 2163 1077 2228 intrinsecus
1097 2163 1147 2226 rei

85 2245 190 2307 inesse
210 2241 315 2307 dehet.
337 2244 426 2327 Ergo
446 2243 554 2306 anima
575 2241 616 2306 ad
638 2261 767 2328 corpus,
792 2253 957 2330 tamquam
980 2253 1085 2308 motor
1106 2240 1148 2307 ad

85 2323 221 2400 mobile,
242 2345 311 2389 sesa
333 2322 450 2388 habere
473 2326 595 2410 nequit.

123 2406 160 2470 2⁰
182 2405 305 2472 Mobile
333 2425 397 2469 non
424 2407 468 2472 ita
490 2427 508 2469 a
530 2416 655 2472 motore
682 2405 822 2489 pendet,
847 2419 884 2475 nt
910 2428 967 2493 per
990 2407 1144 2473 unionem

84 2509 161 2553 cnm
183 2490 254 2575 ipso
275 2489 411 2574 incipiat
431 2508 511 2564 esse,
534 2497 567 2552 et
587 2507 647 2572 per
668 2490 904 2573 separationem
928 2489 969 2554 ab
993 2491 1062 2574 ipso
1077 2507 1146 2552 esse

84 2569 221 2636 desinat.
243 2572 342 2657 Atqui
365 2590 483 2654 corpus
504 2569 681 2634 humanum
703 2592 745 2635 ex
767 2591 817 2646 eo,
833 2571 917 2657 qnod
942 2593 1016 2636 oum
1038 2573 1147 2634 anima

83 2653 303 2739 coniungitur,
326 2671 395 2718 esse
417 2651 551 2736 incipit,
574 2662 606 2717 et
629 2653 794 2717 stationae
816 2653 924 2718 anima
949 2653 989 2718 ab
1013 2653 1083 2738 ipso
1099 2671 1148 2716 se-

84 2746 228 2835 paratur,
251 2734 381 2801 desinit.
402 2733 490 2819 Ergo
504 2753 617 2798 rursus
640 2743 727 2820 patet
749 2735 891 2800 animam
913 2758 987 2802 cnm
1009 2755 1145 2820 corpore

82 2841 119 2885 rn
140 2816 269 2884 bomine
302 2838 365 2882 non
392 2816 438 2883 ita
465 2835 498 2880 se
524 2813 666 2894 babere,
688 2817 772 2884 sicut
798 2828 904 2884 mutor
929 2839 962 2884 se
988 2815 1082 2882 babet
1103 2814 1144 2880 acl

85 2899 209 2966 mobile
223 2901 247 2963 ⁸.
434 2965 437 2968 ,

122 3020 131 3056 ¹
152 3015 188 3071 Gi
203 3021 301 3078 optol„
322 3021 375 3070 loc.
394 3020 455 3077 eit,
474 3033 501 3083 p.
523 3019 617 3069 tio-tt.

120 3090 135 3127 ²
154 3112 165 3137 ι
183 3090 211 3144 ln
229 3095 303 3156 puris
322 3091 472 3142 hominihus
491 3105 523 3141 ex
543 3091 641 3141 unione
659 3091 773 3152 animae,
793 3093 820 3142 et
839 3090 958 3155 eorporis
976 3086 1150 3139 constituitur

84 3176 196 3231 persons
219 3185 243 3225 ι,
264 3162 310 3225 ΙΙΙ,
330 3179 358 3230 q.
379 3162 413 3224 ll,
433 3178 460 3215 a.
480 3165 497 3214 a
516 3163 548 3213 arl
570 3165 596 3213 Ι.

122 3236 133 3272 ³
153 3239 239 3289 Contr.
261 3239 346 3296 Grai..
365 3237 412 3288 lib.
429 3233 462 3294 ΙΙ,
483 3251 508 3289 o.
530 3237 576 3287 ar.
597 3232 664 3285 lliutl
682 3237 762 3285 etiam
782 3230 908 3286 adnotare
927 3235 1057 3298 praesist,
1077 3231 1149 3294 quoti

83 3324 117 3362 ex
136 3321 179 3368 eo,
199 3309 269 3374 qnod
288 3311 375 3360 snima
395 3322 517 3372 corpore,
537 3309 618 3359 veluti
639 3308 830 3366 instrumento,
844 3309 939 3365 utitor,
954 3305 1069 3356 animam
1088 3315 1150 3353 cor-

85 3383 156 3448 pori,
177 3383 258 3434 reinti
277 3386 407 3432 motorem
421 3382 523 3440 mobili,
537 3381 661 3444 coniungi
676 3393 811 3442 perperam
827 3380 948 3429 infertur.
962 3373 1040 3435 Nam,
1054 3389 1149 3440 quam-

84 3456 128 3505 rls
146 3467 243 3518 eorpus
261 3455 342 3518 possit
361 3455 413 3505 diei
433 3458 639 3506 instrumentum
658 3454 773 3511 animae,
787 3453 847 3515 quia
861 3453 949 3502 anima
962 3449 1067 3513 organis
1079 3448 1150 3499 iliius

83 3527 120 3578 ari
139 3527 304 3589 operationes
323 3528 499 3589 rcqetmiras,
519 3532 547 3577 st
565 3527 704 3576 sensitiras
721 3523 863 3575 exurendas
882 3525 981 3580 utitur;
1002 3528 1090 3572 tamen
1111 3524 1150 3570 to-

83 3598 203 3652 nantium
221 3606 261 3650 est
278 3613 385 3664 corpus,
406 3605 435 3651 ut
453 3615 476 3651 s.
497 3595 612 3650 'l'bomns
632 3598 746 3650 stlrertit
757 3593 816 3668 (ΙΙΙ,
831 3611 858 3662 q.
873 3593 907 3656 ll,
921 3611 947 3648 s.
961 3596 978 3646 ii
992 3595 1024 3646 stl
1037 3592 1076 3664 l),
1097 3604 1149 3644 non

85 3683 146 3727 esse
164 3672 389 3738 instrumentum,
408 3674 478 3745 quoi
497 3685 545 3742 per
563 3671 686 3726 accidens
704 3685 766 3728 uum
785 3669 874 3727 mima
893 3669 1080 3740 coniungitur,
1103 3664 1149 3720 ssi
