2475 3909
492 180 678 237 erroneum
1036 164 1077 233 65

50 289 165 337 causae
188 270 301 335 saltem
325 286 463 333 numero
484 266 641 354 distingui
665 291 683 333 a
703 279 817 335 natura
838 267 981 343 euectus,
996 276 1030 333 et
1042 289 1118 334 cau-

51 376 131 429 sam,
146 353 173 416 sl
196 372 261 416 non
283 358 429 435 tempore,
446 346 561 414 saltem
582 362 707 428 notura,
724 362 761 416 ut
774 369 851 414 mox
865 348 1116 435 explicabimus,

51 432 243 521 praecedere
265 432 418 509 effectui,
441 452 515 495 nam
537 432 565 496 si
588 453 691 499 unum
719 454 761 498 ex
781 429 830 497 his
851 430 978 497 dnolms
1006 431 1115 509 desit,

49 516 177 601 concipi
201 535 263 578 non
287 525 419 599 posset,
442 512 607 598 quomodo
630 514 764 581 effeetus
785 535 803 578 a
825 534 921 579 causa
955 512 1094 600 pendeat
1107 533 1116 589 ;

50 596 85 661 2⁰
106 596 186 662 haec
207 596 272 659 duo
295 595 335 658 ad
358 597 522 660 notionem
538 596 691 681 principii
708 618 769 661 non
793 596 1006 682 expostulari,
1022 595 1118 679 qnip-

49 698 88 763 pe
108 678 197 763 quod
220 680 253 741 in
276 697 315 740 ea
337 697 400 742 non
417 675 599 761 productio,
612 678 668 743 sed
683 676 851 745 dumtaxat
869 679 963 764 origo
978 676 1118 742 alicuius

49 759 530 826 mmmmmfflk·

90 841 160 907 175.
192 852 288 926 taque
310 842 439 905 nemine
461 861 569 903 enneae
592 840 770 925 generatim
797 850 949 927 acceptae
970 838 1119 927 designa·

49 934 102 988 tur
122 923 216 998 illud,
238 921 325 1007 quod
347 921 455 1009 aliqua
479 922 604 987 ratione
650 921 806 1008 uidquam
833 921 959 989 confert
979 921 1021 986 ad
1041 922 1120 987 alte·

50 1004 119 1068 rins
141 1003 404 1091 productionem,
428 943 702 1091 quemadmodum
728 1005 873 1070 vicissim
896 1005 1028 1071 nemine
1051 1003 1120 1088 effe·

47 1096 118 1149 ctus
139 1097 273 1153 vocatur
295 1085 389 1165 illud,
412 1087 500 1171 quod
522 1085 633 1174 aliqua
655 1088 781 1152 ratione
807 1109 826 1153 a
847 1107 943 1152 cansa
965 1084 1120 1173 produci·

48 1178 113 1247 tur,
137 1168 177 1233 alr
199 1189 302 1256 eaque
325 1168 453 1255 pendet.

265 1295 333 1349 ilar.
349 1294 395 1347 tv.
409 1323 441 1333 -·
458 1294 494 1345 lle
513 1310 657 1347 cansarum
676 1298 757 1349 variis
775 1298 914 1361 speciebus

88 1406 158 1470 176.
184 1404 288 1469 Causa
310 1403 355 1467 ita
378 1422 396 1466 a
417 1402 589 1480 Patribus,
611 1413 644 1468 et
664 1403 869 1470 Scholasticis
890 1402 1117 1487 distinguitur,

47 1498 85 1553 ut
107 1488 171 1551 alin
193 1486 335 1571 efficiens,
358 1484 423 1548 alia
449 1486 635 1562 materialia,
651 1484 714 1549 alia
727 1486 880 1571 formalis,
897 1484 962 1549 alia
977 1485 1118 1571 deniqne

45 1568 153 1654 finalis
174 1568 342 1633 dicatur².
367 1567 496 1631 Etenim
525 1568 635 1632 nnllus
665 1567 799 1635 elleetns
853 1566 967 1634 reduci
991 1579 1119 1653 potest,

47 1654 109 1717 nisi
132 1651 175 1716 sit
196 1648 326 1736 aliquod
348 1670 427 1725 ene,
452 1670 470 1713 a
492 1670 558 1735 quo
581 1648 788 1733 producatur.
843 1674 878 1716 ns
900 1648 1009 1728 istud,
1032 1649 1118 1795 (huod

47 1736 168 1799 virtute
192 1752 251 1798 sua
271 1730 422 1795 effectum
445 1730 610 1817 producit,
634 1733 806 1817 ipsumque
825 1734 1041 1817 apotentiaa
1086 1753 1120 1796 a·

46 1826 136 1880 etum
158 1811 333 1890 transfert,
357 1812 488 1957 ripoinus
520 1833 617 1878 causa
650 1828 797 1879 vocatur.
820 1815 889 1878 lam
921 1834 998 1878 vero
1028 1812 1119 1879 nulla

46 1904 156 1962 creata
178 1896 239 1974 via,
255 1905 291 1961 ut
305 1916 364 1959 suo
391 1916 450 1959 oco
472 1894 669 1971 videbimus,
685 1905 791 1981 potest
810 1893 934 1981 aliquid
958 1917 999 1959 ex
1015 1893 1119 1959 nihilo

47 1977 249 2065 producere,
274 1998 311 2041 ac
334 1976 468 2060 proinde
494 1977 634 2043 alliciens
662 1998 759 2042 causa
786 1990 894 2043 creata
924 1997 987 2040 non
1015 1985 1120 2061 pptest

45 2063 114 2125 vim
136 2080 228 2123 suam
251 2078 414 2133 exercere,
439 2061 500 2124 nisi
517 2058 701 2123 subiectum
718 2058 850 2143 aliquod
867 2061 1062 2144 reperiatur,
1078 2080 1119 2124 ex

45 2164 113 2227 quo
134 2142 267 2206 ellectus
289 2138 460 2205 formetur.
477 2142 546 2205 lloc
561 2139 744 2205 subiectum
767 2144 912 2217 moterlo,
934 2143 1003 2206 sive
1024 2162 1119 2205 conen

46 2223 220 2287 materialis
241 2222 434 2308 appellatur.
458 2226 501 2289 nt
524 2224 655 2287 moterlo
676 2222 715 2285 ad
736 2224 797 2287 hoc
811 2225 934 2309 potius,
956 2243 1056 2309 quam
1078 2221 1119 2286 ad

45 2306 138 2371 alind
161 2326 222 2367 esse
245 2301 470 2389 recipiendum
492 2314 540 2369 est
563 2303 772 2384 indillerens3
795 2316 998 2391 quapropter
1022 2325 1119 2390 opor-

46 2400 92 2453 tet
115 2388 286 2451 materiam
307 2408 366 2471 per
388 2386 512 2469 aliquid
534 2385 763 2464 determinari,
796 2397 834 2453 nt
854 2396 963 2451 certus
983 2386 1118 2470 aliquis,

44 2468 284 2551 distinctusque
307 2468 441 2531 allectus
463 2468 599 2532 oriatur.
625 2466 682 2545 ld,
705 2469 794 2553 quod
823 2471 993 2534 materiam
1016 2467 1120 2533 dotes

43 2552 162 2627 minat,
184 2572 278 2614 causo
296 2550 438 2631 formalis
457 2560 591 2616 vocatur
606 2550 629 2612 ⁸.
653 2548 802 2636 Denique
825 2548 949 2635 aliquid
972 2571 1041 2615 esse
1064 2550 1120 2615 de-

434 2681 762 2699 w

81 2762 92 2801 ¹
113 2762 311 2814 advertendum
325 2767 366 2814 est
378 2776 440 2813 cunr
454 2775 476 2811 s.
491 2758 676 2813 Beneventum
690 2761 735 2831 (ln
747 2764 791 2813 na.
809 2766 917 2824 isene,
936 2763 1004 2817 nist,
1017 2763 1116 2829 xxtx,

42 2850 70 2886 a.
96 2837 121 2895 l,
142 2849 169 2899 q.
191 2832 201 2884 l
220 2838 255 2884 nd
274 2832 357 2901 erp),
378 2835 482 2885 nullom
501 2847 559 2884 esse
578 2836 605 2885 in
624 2835 704 2885 rebus
729 2838 827 2886 creatis
846 2837 1027 2902 principium,
1048 2841 1119 2905 qnod

42 2908 126 2958 simol
144 2920 226 2957 cansa
246 2908 363 2957 nonsit:
385 2909 411 2956 in
430 2907 461 2956 iis
479 2907 549 2955 enim
569 2907 696 2971 quidquid
715 2920 748 2958 en
766 2910 856 2972 aliquo
877 2912 1008 2974 principle
1021 2914 1119 2973 oritur,

42 2994 152 3043 semper
169 2984 293 3029 naturam
313 2980 347 3029 ab
366 2980 438 3028 illins
456 2983 551 3028 natura
577 2982 672 3029 saltem
698 2993 810 3030 nomem
835 2981 987 3033 distinctam
1012 2986 1118 3046 recipit,

41 3054 209 3116 protndeqne
228 3052 261 3101 ab
279 3052 373 3102 eodem
398 3051 539 3114 dependet.
567 3048 596 3099 ln
614 3048 716 3101 liirinls
740 3057 830 3103 erstem
856 3052 934 3105 Pater
958 3056 1121 3119 principium

41 3124 115 3184 Filii,
136 3132 164 3173 et
183 3122 269 3183 Pater,
290 3131 317 3173 et
336 3121 418 3174 Fillus
437 3124 597 3185 prirrctpiom
617 3122 728 3187 Spiritus
747 3123 836 3176 Sancti
857 3134 942 3188 recte,
965 3133 993 3178 et
1011 3130 1120 3191 proprie

41 3200 181 3255 dicuntur,
200 3196 330 3259 siquidem
357 3196 514 3260 principium
533 3196 642 3245 denotat
660 3197 779 3247 ordinem
801 3199 925 3260 originis,
945 3203 1010 3263 quin
1035 3200 1121 3249 ullarn

40 3269 242 3320 distinctionem
261 3276 384 3329 naturae,
404 3271 542 3331 ullamque
562 3270 730 3331 prioritatem
748 3272 803 3321 sire
829 3276 956 3332 naturae,
978 3274 1032 3321 sire
1051 3280 1122 3322 tem-

40 3343 117 3405 poris
135 3340 265 3391 includat.

77 3413 92 3451 ²
112 3408 149 3465 Cl
165 3408 251 3463 Clem.
278 3408 369 3474 Alex„
388 3416 498 3471 Strom„
523 3411 571 3461 ttn.
592 3410 674 3473 Vlll,
694 3429 720 3463 c.
741 3414 778 3474 9,
798 3419 825 3465 et
844 3430 866 3465 e.
889 3411 997 3477 l'lrom„
1018 3417 1047 3466 2²
1067 3415 1119 3478 2²⁶,

40 3502 70 3550 q.
93 3482 205 3546 llllVll,
226 3486 284 3537 nil
304 3500 330 3537 c.

78 3558 91 3594 ³
111 3552 199 3609 Caum
217 3556 346 3617 efficiens,
366 3570 435 3621 quae
454 3555 593 3609 intellectu
609 3558 703 3620 pollet,
717 3559 809 3621 nequit
821 3558 927 3611 effectui
941 3574 990 3613 nuo
1003 3562 1119 3613 turmam

39 3633 203 3695 impertire,
223 3632 272 3680 atsi
291 3644 351 3681 eam
370 3644 418 3683 sun
437 3631 598 3694 cogitatione
617 3632 762 3694 concipiat.
784 3628 855 3682 llaec
875 3634 981 3695 torma,
1002 3650 1071 3699 qnae
1091 3636 1119 3686 ln

118 3720 229 3773 Parnon.
243 3714 353 3773 Gnnrsr.
365 3723 504 3785 compend.
522 3718 556 3773 ΙΙ.
973 3726 1010 3774 5⁶
