2475 3909
398 163 585 211 insomnis
609 164 797 213 servanus
1048 152 1110 220 299

71 262 157 318 mus;
180 253 210 307 et
234 243 389 328 quoniam
413 248 500 312 inter
514 249 724 314 existentiam
739 248 813 325 Dei,
829 260 860 315 et
875 251 956 315 Eius
975 255 1148 319 essentiam

70 326 240 391 distinctio
263 328 398 393 rationis
421 328 623 395 admittenda
646 344 705 405 est,
729 333 852 417 optime
874 352 1044 416 possumus
1060 335 1146 399 illam

70 428 279 489 cognoscere,
302 410 382 491 quin
405 411 486 475 hanc
506 412 670 498 adaequate
691 434 933 497 cognoscamus.

113 493 144 555 6.
168 492 267 576 Prop.
283 491 331 556 2¹.
351 493 448 556 Deum
464 498 595 558 existere
616 497 674 557 etsi
695 496 736 559 sit
759 495 874 559 veritos
887 518 944 580 per
959 518 987 560 se
1003 508 1087 575 noto,
1103 512 1148 563 to-

71 594 143 635 men
163 586 205 637 est
221 596 282 659 per
295 596 325 638 se
339 587 411 639 noto
426 588 547 640 tontum
569 578 737 642 seeundum
752 599 794 651 se,
811 596 872 640 non
892 601 962 643 cero
981 582 1073 644 etiam
1095 604 1150 643 nr}-

72 656 170 733 tnnc
225 658 313 722 oinde
328 658 444 739 indipet
460 661 734 734 demonstratione,
747 672 782 723 ut
796 680 815 721 o
829 660 916 725 nolis
935 674 1145 743 eopnosootur.

115 678 282 804 Prolotur.
313 740 487 817 Quaelibet
510 742 712 827 propositio,
736 743 828 804 cuius
856 743 1077 827 praedicatum
1101 758 1148 811 est

72 824 109 885 in
133 825 255 887 ratione
278 822 428 897 subiecti,
448 845 505 908 per
526 845 555 886 se
576 838 648 888 stota
669 824 801 888 dicitur.
825 824 891 887 lam
910 828 1148 911 propositiones

69 926 128 989 per
149 926 180 967 ae
201 918 287 969 notae
310 907 358 970 vel
383 906 567 971 huiusmodi
592 917 677 982 sunt,
695 919 729 972 ut
744 914 890 970 constent
914 909 1062 972 terminis
1089 912 1146 973 im-

74 986 214 1052 mediate
238 990 321 1053 notis
342 988 427 1067 apud
451 1010 585 1061 omnes,
609 1006 639 1050 e.
665 1009 709 1071 g„
733 1008 819 1052 omne
841 1000 938 1051 totum
971 1002 1014 1053 est
1042 992 1149 1054 moins

73 1091 133 1133 suo
152 1083 263 1152 porte;
287 1070 336 1135 vel
359 1070 568 1145 huiusmodi,
593 1078 629 1132 ut
651 1090 763 1133 earum
788 1070 916 1136 termini
943 1090 1003 1134 non
1027 1072 1092 1138 sint
1116 1095 1149 1136 a-

75 1150 143 1235 pud
166 1173 280 1216 omnes
295 1156 375 1227 noti;
393 1154 479 1217 unde
495 1154 571 1217 licet
587 1152 809 1238 praedicatum
826 1150 865 1213 ad
883 1154 1056 1229 rationem,
1080 1156 1147 1218 sim

74 1235 248 1299 essentiam
271 1235 408 1300 subiecti
432 1236 604 1321 pertincat;
630 1246 747 1307 tamen,
769 1234 846 1317 quia
869 1231 1016 1299 definitio
1039 1235 1147 1300 subie-

73 1317 119 1381 cti
143 1337 204 1379 non
228 1328 277 1381 est
297 1316 451 1383 omnibus
474 1327 560 1390 nota,
583 1336 711 1381 necesse
735 1336 798 1379 non
828 1324 876 1379 est
898 1315 976 1379 tales
1000 1322 1149 1403 proposi-

74 1398 177 1464 tiones
200 1400 241 1463 ab
264 1398 417 1465 omnibns
438 1398 584 1473 concedi,
607 1419 637 1462 e.
662 1419 707 1481 g„
729 1418 830 1460 omnes
852 1399 932 1460 recti
952 1399 1061 1480 onpuli
1075 1412 1147 1464 snm

74 1480 222 1566 aequales.
247 1481 329 1547 lstae
353 1503 465 1566 perse
488 1493 582 1546 notae
604 1480 810 1565 appellantur
832 1488 955 1544 tantum
977 1482 1146 1544 seeundum

74 1582 117 1637 se,
138 1575 172 1628 et
191 1583 253 1626 ooo
273 1565 374 1647 quood
393 1584 473 1637 oos3
499 1563 572 1626 illae
596 1570 810 1648 persenniae
834 1559 989 1626 dicuntur
1012 1582 1076 1625 non
1099 1584 1150 1626 sn-

75 1645 145 1709 lum
165 1646 332 1710 secuudum
353 1668 394 1721 ae,
418 1646 471 1710 sed
494 1645 593 1711 etiam
615 1645 715 1729 quood
733 1664 800 1707 nos.
819 1644 888 1707 lloc
906 1645 1021 1726 posito,
1039 1646 1083 1709 ita
1100 1666 1149 1707 ar-

76 1736 329 1806 gumentamur:
354 1728 541 1813 Propositio
563 1746 622 1809 per
643 1746 677 1789 se
701 1736 775 1790 nota
791 1726 960 1789 seeundum
975 1746 1004 1787 ae
1019 1737 1078 1803 est,
1095 1746 1149 1790 cu-

75 1811 128 1874 ius
150 1809 374 1892 praedicatum
397 1808 577 1875 includitur
591 1808 624 1871 in
640 1808 765 1872 ratione
781 1804 938 1880 subiecti,
963 1818 1059 1892 atque
1077 1828 1151 1892 pro-

76 1892 197 1975 positio
219 1912 279 1974 per
299 1912 333 1957 se
355 1903 430 1958 nota
452 1891 553 1978 quood
572 1911 627 1953 nos
647 1900 708 1961 est,
731 1889 826 1953 cuius
854 1886 1078 1974 praedicatum
1101 1893 1150 1954 in-

75 1971 217 2038 volvitur
240 1974 272 2037 in
297 1974 424 2039 ratione
446 1971 595 2045 subiecti,
614 1982 646 2036 et
661 1970 756 2035 nobis
772 1971 945 2036 innotescit
966 1972 1051 2035 ratio
1074 1971 1149 2036 suls

75 2054 167 2128 ionii,
189 2064 221 2119 et
241 2055 433 2139 praedicati.
458 2056 559 2139 Atqui
583 2058 615 2117 in
638 2055 697 2117 hac
720 2054 955 2137 propositione,
981 2053 1061 2116 Deus
1081 2055 1149 2116 eni-

75 2137 154 2209 stit,
178 2134 401 2210 praedicatum
425 2136 606 2203 includitur
630 2136 661 2199 in
685 2136 809 2201 ratione
833 2133 995 2209 subiecti3
1020 2155 1094 2199 cum
1117 2156 1151 2196 r-

77 2217 146 2280 nim
168 2219 258 2282 Deus
279 2219 322 2283 sit
343 2239 438 2283 sunm
460 2241 532 2293 esse,
558 2219 731 2283 existentia
753 2215 792 2281 ad
818 2217 922 2300 ipsam
945 2218 1026 2279 Eius
1042 2236 1149 2281 essen-

76 2298 155 2362 tiam
176 2309 310 2385 spectat3
334 2298 427 2365 nohis
450 2311 558 2365 tamen
581 2308 656 2363 nota
679 2309 813 2364 nonest
836 2298 920 2363 ratio
945 2296 1095 2375 subiecti,
1118 2310 1151 2363 et

77 2379 279 2463 praedicati:
304 2402 378 2445 nam
410 2383 565 2447 terminos
586 2379 764 2445 secundum
795 2380 963 2466 propriam
986 2382 1149 2445 rationem

77 2481 142 2525 non
163 2461 459 2548 apprehendimus,
482 2474 579 2547 atque
603 2460 675 2525 illos
697 2462 838 2526 invicem
868 2462 1050 2525 necessario
1073 2482 1152 2525 con-

77 2547 178 2617 necti,
200 2546 266 2607 sire
287 2565 346 2607 esse
367 2543 408 2609 ad
432 2545 537 2631 ipsam
551 2542 612 2607 Dei
628 2546 802 2609 essentiam
824 2542 1001 2629 pertinere,
1025 2542 1150 2627 simpli-

77 2622 109 2686 ci
131 2625 247 2690 mentis
267 2624 382 2691 obtutu
405 2647 469 2690 non
491 2626 728 2710 cognoscimus.
752 2627 841 2710 Ergo
862 2623 938 2688 haee
955 2625 1148 2709 propositio,

77 2703 163 2770 Deus
183 2706 304 2781 existit,
326 2716 375 2773 est
396 2728 457 2792 per
477 2726 512 2773 se
533 2714 608 2771 nota
636 2707 814 2772 secundum
843 2726 903 2782 se,
926 2705 1021 2771 nobis
1043 2717 1151 2771 tamen

77 2806 143 2851 non
165 2798 214 2854 est
235 2800 445 2874 persennia,
465 2788 520 2855 sed
535 2786 789 2857 demonstrativo
811 2788 961 2853 discursu
984 2786 1110 2873 indiget
1125 2790 1148 2851 ¹.

114 2990 123 3024 ¹
147 2986 167 3045 l,
181 3004 210 3053 q.
225 2987 259 3048 tt,
273 2992 329 3041 a.i
351 3005 377 3041 c.
398 2988 573 3042 Existentiam
592 2989 639 3043 liei
658 2993 715 3042 sine
735 2992 789 3041 uiis
809 2992 1034 3045 demonstratione
1053 2993 1152 3042 admit-

78 3062 187 3111 tendam
205 3075 264 3112 esse
284 3060 408 3120 llantius,
429 3061 580 3115 Friderteus
600 3062 699 3121 laoobi,
714 3068 794 3127 atque
814 3060 1014 3115 Lamennaisius
1034 3064 1085 3113 alia
1107 3078 1150 3113 ra-

78 3134 150 3182 tione
170 3138 289 3185 tuentur.
309 3132 422 3187 llantius
439 3137 522 3194 enim,
544 3141 574 3185 ut
591 3137 653 3185 aiibi
674 3137 788 3188 diximus
806 3132 961 3200 (estimet,
976 3151 1002 3187 o.
1019 3134 1065 3196 ΙΙΙ,
1080 3150 1106 3187 a.
1124 3138 1150 3194 t,

79 3220 107 3269 p.
122 3205 188 3263 ΙΙΙ),
207 3209 262 3257 rol.
278 3205 311 3273 l),
329 3206 376 3258 llel
394 3209 563 3259 existentiam
585 3210 687 3258 ratione
706 3209 844 3257 tmorsrtoo
863 3209 970 3270 probari
991 3220 1043 3257 non
1063 3220 1150 3269 posse,

78 3278 126 3328 sed
149 3282 287 3342 tamqnam
314 3281 424 3330 rationis
446 3284 577 3343 prosaicos
600 3280 767 3343 postulatum
794 3279 844 3329 tide
869 3281 965 3330 morali
986 3281 1023 3330 iiii
1043 3280 1151 3330 veritati

78 3349 244 3401 eredendum
262 3352 339 3400 nobis
356 3365 414 3403 ease
433 3356 568 3401 autumat.
588 3348 676 3401 iacobi
695 3356 796 3407 entem,
812 3350 954 3403 hodiernae
974 3352 1082 3403 scholae
1093 3366 1154 3402 seu·

80 3424 291 3473 ttmenmitstiooe
308 3429 413 3483 auctor,
434 3420 518 3473 Deum
538 3438 554 3473 a
574 3422 649 3473 nobis
668 3424 790 3482 dornosoi
810 3426 949 3475 contendit
967 3438 1019 3476 non
1038 3428 1151 3483 ratione,

80 3494 129 3545 sed
148 3496 286 3551 testinata.
307 3509 403 3558 nempe
422 3510 499 3546 seusu
516 3497 639 3545 interiori
659 3496 820 3553 invincibili,
841 3498 885 3559 qni
906 3503 962 3547 tuna
982 3498 1151 3548 existentiam

82 3564 142 3620 liei,
164 3570 220 3614 tum
239 3568 292 3615 aiia
312 3568 435 3628 docmata
455 3567 637 3619 edmundum
658 3566 852 3630 intelligibilem
872 3572 1032 3631 spectantia,
1050 3582 1153 3619 necnon

83 3637 176 3691 mundi
195 3638 297 3690 sensitis
315 3640 486 3691 existentiam
504 3640 579 3696 uobis
598 3640 699 3693 revelat
719 3635 800 3709 (rid.
820 3642 957 3697 sermome
975 3644 1006 3695 da
1024 3644 1154 3710 liettptoue
