2475 3909
448 193 722 242 nnruaononoors
1015 177 1077 246 229

50 300 131 365 pore
152 299 215 344 non
237 275 367 364 pendet,
390 275 479 341 nullo
502 284 596 361 pacto
618 273 681 340 dici
705 284 818 361 polest.
842 278 900 342 Est
921 287 1030 344 autem
1050 281 1118 346 ani-

50 383 104 425 ma
127 371 193 427 tota
215 363 249 426 in
270 356 416 444 qualibet
437 371 527 444 parte
550 359 696 444 corporis
719 358 872 424 totalitate
893 361 1060 428 essentiae.
1084 363 1117 429 Si

48 444 139 508 enim
161 443 260 509 etiam
292 441 416 507 formae
441 440 646 526 corporales,
670 462 698 504 e.
723 461 754 588 p.
778 439 915 518 albedo,
942 443 1117 509 secundum

49 537 151 591 totam
178 546 269 591 suam
301 524 474 588 essentiam
501 526 636 590 suntin
662 543 724 608 qua
743 521 810 588 ibet
836 534 927 610 parte
951 529 1118 600 nratcriae,

50 607 172 692 potiori
197 608 267 672 iure
290 605 321 669 id
345 605 384 670 dc
405 607 514 670 anima
538 604 713 672 tenendum
735 617 784 672 est
798 607 822 669 ¹.

91 689 144 756 93.
168 691 232 755 Pro
259 687 330 755 .3².
347 689 461 752 Animo
480 689 661 771 {ariopolis
678 687 825 773 portibus
846 691 986 774 corporis
1000 709 1061 753 non
1075 703 1120 754 est

48 784 115 837 toto
137 792 211 835 recu
250 793 303 834 um
325 782 418 834 toturn
440 792 529 834 suum
555 776 711 835 uirtutem.

92 853 262 918 Probatur.
286 853 498 937 operationes
520 853 704 929 sensitivae,
728 863 759 918 et
781 853 977 938 vegetativae
1000 873 1057 938 per
1070 854 1118 918 di·

49 956 144 1000 versa
166 957 286 1020 organa
308 935 455 1020 corporis
481 947 690 1013 exercentur,
714 935 757 999 ita
784 947 820 1001 ut
842 934 989 1002 diversae
1013 948 1120 1022 partes

48 1019 199 1103 corporis
213 1020 406 1084 conveniant
427 1015 565 1082 diversis
588 1016 835 1103 operationibus
850 1019 978 1084 animae
991 1020 1015 1082 ⁸.
1032 1020 1119 1104 Ergo

50 1102 162 1166 anima
176 1100 352 1167 secundnm
370 1099 458 1164 illam
474 1101 650 1186 potentiam
674 1111 796 1166 tantum
810 1112 857 1166 cst
873 1101 905 1164 in
922 1101 1029 1187 aliqua
1047 1123 1121 1187 par-

51 1195 98 1260 te,
119 1204 203 1267 qnae
223 1183 359 1264 respicit
379 1181 419 1247 ad
441 1183 676 1267 operationem,
700 1201 782 1265 quae
804 1203 862 1268 per
884 1181 973 1246 illam
996 1194 1120 1269 partem

47 1267 200 1352 corporis
221 1276 404 1331 exercetur.
427 1266 467 1331 E.
483 1284 536 1412 p,
558 1266 668 1329 anima
690 1274 750 1341 est,
773 1287 790 1327 r
814 1262 992 1360 secundum
1016 1267 1120 1332 visum

49 1349 86 1413 in
108 1347 221 1426 ocnlo,
243 1345 419 1413 secundnm
440 1368 483 1413 au
506 1347 589 1413 itum
611 1347 646 1410 in
667 1366 768 1421 aure,
790 1357 824 1410 et
844 1366 892 1409 sic
913 1345 951 1410 de
972 1346 1046 1412 aliis
1062 1347 1073 1384 ⁸
1090 1373 1117 1409 n.

210 1473 276 1527 bar.
293 1471 340 1525 ΙΙΙ.
355 1502 388 1512 -
402 1472 624 1527 Adversarlorum
643 1473 805 1523 abiectiones
824 1475 963 1523 diluuntur

93 1583 147 1650 st.
170 1579 278 1651 Obiic.
304 1577 338 1644 1⁰
359 1579 563 1666 Comprensa,
586 1577 636 1644 vel
659 1575 840 1663 putrefacta
864 1575 1008 1643 medulla
1031 1599 1121 1647 cere-

50 1665 128 1743 bri,
155 1674 251 1749 atque
271 1661 440 1727 laborante
465 1661 624 1738 cerebro,
649 1659 696 1725 vel
724 1681 823 1724 nervo
851 1660 936 1726 inter
961 1681 1121 1728 eranum

49 1746 258 1823 sensorium,
287 1756 321 1812 et
347 1742 540 1822 cerebrum,
567 1744 765 1810 sensationes
793 1743 926 1808 omnino
953 1681 1120 1812 dedciunt.

51 1829 153 1915 Atqui
175 1827 253 1892 baec
273 1826 493 1893 demonstrant
519 1826 716 1891 sensationes
738 1826 884 1889 exerceri
909 1827 941 1890 in
964 1826 1119 1904 cerebro,

53 1935 94 1978 ac
139 1906 253 1976 roinde
274 1909 417 1973 animam
440 1907 588 1972 nonnisi
614 1909 647 1972 in
670 1905 803 1972 cerebro
825 1928 906 1972 esse.
929 1910 974 1974 Er
997 1930 1028 1973 o.

137 1991 266 2079 .ilcsp.
289 1991 358 2074 Nep
384 1992 461 2056 min.
485 1988 590 2075 quoad
619 1999 790 2074 utramque
820 2002 957 2077 partem.
1011 1993 1123 2075 equi-

53 2076 132 2142 dem
153 2095 242 2151 vera,
265 2074 299 2137 in
322 2074 449 2158 primis,
471 2094 513 2137 ex
535 2071 642 2137 allatis
663 2074 896 2156 experimentis
920 2071 1013 2152 illud,
1033 2075 1121 2158 quod

52 2161 121 2224 iam
149 2155 368 2232 ostendimus,
401 2156 598 2220 sensationes
625 2174 742 2240 nempe
768 2155 801 2220 in
827 2154 966 2242 singulis
993 2159 1123 2240 organis

52 2239 138 2316 lieri,
159 2239 244 2304 baud
268 2239 436 2304 evertitur.
453 2238 581 2304 Etenim
596 2250 777 2322 opportuna
799 2258 912 2302 eorum
934 2238 1124 2322 phaenome-

54 2343 172 2388 norum
194 2321 278 2387 ratio
299 2341 341 2385 ex
362 2341 403 2384 eo
429 2319 589 2398 redditur,
612 2317 699 2405 quod
723 2341 797 2385 cnm
819 2319 990 2386 cerebrum
1013 2323 1053 2386 sit
1073 2345 1123 2387 re-

54 2403 117 2473 luti
140 2415 289 2470 centrum
315 2404 414 2469 totins
435 2403 613 2490 systematis
637 2403 758 2480 neraei,
781 2403 981 2488 quinimmo
1004 2405 1124 2490 princi·

56 2488 162 2574 pium,
184 2506 202 2549 a
224 2505 289 2570 qun
310 2505 421 2550 ornnes
442 2497 618 2552 nascantur
636 2485 739 2561 nervi,
754 2486 810 2570 qni
825 2486 1000 2550 sensationi
1022 2487 1123 2554 inser-

54 2570 160 2645 viunt,
183 2566 328 2655 prolecto
349 2569 442 2634 nervi
462 2567 601 2633 sensilici
618 2580 695 2633 tune
717 2567 883 2654 propriam
906 2578 1055 2634 naturam
1074 2593 1123 2637 re·

54 2649 230 2730 tinebant,
253 2647 279 2714 si
302 2659 335 2716 et
354 2669 447 2714 snam
468 2649 637 2717 cerebrum
660 2651 854 2726 retinuerit3
877 2669 914 2714 ac
937 2650 1073 2737 proinde
1095 2657 1122 2720 si

53 2734 300 2820 comprimitur,
322 2743 379 2798 ant
400 2731 530 2818 putrefit
550 2731 691 2799 medulla
713 2732 855 2810 cerebri,
878 2732 930 2798 vel
952 2734 1124 2803 cerebrum

54 2815 197 2892 laborat,
211 2815 302 2880 nervi
317 2824 465 2880 naturam
485 2815 674 2884 sensiieram
690 2817 853 2892 amittunt,
869 2825 965 2903 atquc
987 2817 1124 2885 iunctio-

53 2921 132 2966 nem
153 2895 316 2966 referendi
333 2897 578 2984 impressionem
592 2897 742 2966 sensilem
758 2896 851 2964 obire
863 2913 1041 2986 nequeunt.
1064 2903 1124 2969 Ce-

54 3081 185 3132 dirlslone
199 3077 328 3135 contioni,
342 3078 411 3128 elcut
423 3076 516 3126 albedo
531 3090 578 3140 pcr
590 3077 746 3128 divisionem
760 3075 911 3142 superficiei
925 3095 949 3136 η
962 3079 1010 3142 Qq.
1024 3079 1122 3144 dispp.‚

53 3167 160 3275 *tls
173 3153 330 3283 telis:
349 3163 380 3271 l
397 3143 758 3282 tesselini:
776 3165 806 3288 l.
821 3151 973 3286 {stris
988 3165 1122 3288 ltu,

93 3297 106 3333 ²
123 3295 197 3362 Quod
216 3300 320 3359 spectat
338 3295 371 3344 ad
385 3295 497 3344 virtuter
517 3294 712 3354 intellectiva,
733 3295 800 3352 has,
821 3301 912 3359 utpote
931 3293 1006 3344 nullo
1024 3309 1124 3360 organo

55 3375 173 3427 amotos,
193 3381 323 3432 numnam
341 3366 461 3429 corporis
479 3379 536 3418 csse
555 3367 697 3418 dicendam
718 3373 769 3419 est.
792 3367 999 3420 «Potentlarnm
1020 3370 1126 3418 anlrnao

55 3442 187 3508 quaedam
206 3446 267 3492 runt
282 3441 307 3491 ln
320 3453 367 3495 ea.
386 3439 533 3490 wenndnm
551 3439 622 3504 qnod
641 3441 747 3491 excedit
765 3445 849 3493 totam
868 3441 1044 3504 capacltatam
1065 3455 1126 3492 cor-

55 3515 139 3581 poris.
154 3515 256 3565 scilieet
275 3513 426 3563 intellectus
443 3515 471 3562 et
484 3515 606 3564 voluntas
618 3514 687 3565 unde
701 3515 850 3566 huiusmodi
866 3514 998 3578 potentiae
1013 3515 1038 3568 in
1052 3515 1126 3569 nulla

58 3593 135 3656 parte
153 3587 272 3650 corporis
283 3598 341 3636 ease
354 3584 479 3635 dicuntur
495 3604 520 3647 ·;
534 3583 557 3646 l,
570 3601 598 3651 q.
614 3583 731 3648 bllb'lll,
744 3603 772 3639 a.
792 3587 809 3640 8
828 3587 861 3639 ad
879 3587 907 3642 4.

95 3659 108 3698 ⁸
127 3657 149 3722 l,
167 3673 196 3726 q.
216 3654 333 3721 lxxvi,
352 3672 380 3710 a.
400 3657 417 3708 8
436 3672 463 3710 e.
