2475 3909
430 241 433 248 Δ
482 185 564 234 rans
585 187 707 236 renna
1056 170 1099 236 85

69 274 212 358 gnilione
235 267 453 358 progreditur,
475 289 542 352 neg.
565 272 659 348 moi.,·
681 291 765 335 conc.
782 270 861 335 min.
885 271 964 352 Nep.
988 291 1071 334 cons.
1095 270 1140 335 Et

69 377 167 434 sane,
191 355 217 419 si
240 353 385 439 cognitio
407 372 518 416 rerum
548 354 653 438 priori
683 350 780 417 modo
808 363 995 450 spectetur,
1023 349 1138 436 procul

67 436 167 502 dubio
190 435 333 520 cognitio
355 453 432 497 vera
454 451 523 498 esse
547 455 608 498 non
636 444 762 520 potest,
791 454 854 498 msr
884 453 975 498 mens
1002 453 1073 497 rem
1102 433 1139 497 in

66 539 102 582 eo
130 517 248 582 ordine
276 537 345 581 esse
375 523 567 611 cognoscat,
596 535 693 599 quern
722 515 756 579 in
784 536 896 580 rerum
925 513 1137 579 universitate

67 599 183 678 habet,
207 599 284 684 quie
307 597 451 683 cognitio
472 606 548 660 tune
573 617 648 661 vera
672 606 741 673 εει,
771 618 847 661 curn
873 593 1137 661 conformitatem

67 679 161 748 lrabet
184 701 258 746 cum
281 700 327 755 re,
344 688 442 763 prout
461 676 540 741 haec
564 678 596 740 in
621 698 654 742 se
676 689 733 743 est.
758 679 797 742 Ε.
815 698 860 762 g.‚
884 697 959 742 cum
983 695 1080 741 causa
1095 678 1140 741 sit

66 773 179 828 natura
203 782 260 825 sua
283 761 374 847 prior
395 759 537 835 ellectu,
563 759 708 842 cognitio
738 779 852 823 causae
882 778 955 822 vera
987 777 1050 822 non
1077 770 1137 832 εει,

67 844 127 908 nisi
151 853 318 927 tamqnam
344 842 432 929 prior
454 839 573 906 ellectu
600 850 823 926 cognoscatur.
847 841 929 905 ltem
951 838 1080 915 Deum,
1105 851 1140 904 et

68 945 116 988 res
131 924 173 988 ab
189 925 238 988 Eo
252 934 376 989 creatas
396 942 473 987 vere
489 943 552 986 non
568 923 703 997 scimus,
719 921 782 985 nisi
798 920 1017 1005 intelligamus
1031 920 1137 985 Deum

67 1024 133 1070 esse
154 1005 301 1070 Primam
323 1005 419 1080 Rern,
434 1012 466 1068 et
482 1002 631 1067 Primum
652 998 876 1088 lntelligibile.
892 1005 936 1067 At
948 1000 976 1065 si
991 1003 1137 1088 cognitio

68 1107 174 1152 rerum
198 1087 372 1170 posteriori
396 1082 492 1150 modo
513 1081 750 1160 consideretur,
765 1085 869 1149 maior
881 1092 930 1149 est
944 1081 1037 1147 falsa.
1053 1084 1137 1149 Nam

67 1169 163 1244 ordo,
187 1188 255 1251 quo
278 1188 368 1231 mens
392 1167 425 1230 in
447 1187 557 1230 rerum
580 1166 768 1251 cognitione
791 1164 950 1253 procedit,
972 1176 1139 1230 consenta-

68 1270 142 1313 neus
169 1269 237 1314 esse
265 1247 363 1315 debet
388 1258 524 1312 naturae
555 1247 659 1332 ipsius
687 1247 937 1332 cognoscentis,
966 1268 1029 1312 non
1058 1269 1137 1312 vero

67 1339 201 1396 naturae
226 1331 371 1415 ipsarum
398 1349 509 1393 rerum
538 1328 770 1413 cognitarum,
797 1331 875 1414 quie
903 1328 1046 1414 cognitio
1074 1350 1139 1393 non

66 1421 111 1476 est
134 1412 264 1477 affectio
286 1430 397 1476 rernm
420 1411 651 1495 cognitarum,
672 1409 729 1474 sed
750 1409 881 1476 mentis'
898 1411 1134 1494 cognoscentis.

66 1494 164 1578 Atqui
188 1511 277 1558 mens
298 1501 407 1557 nostru
429 1491 475 1558 ita
497 1501 615 1556 notura
636 1512 695 1557 sua
716 1499 902 1577 comparata
925 1500 990 1566 est,
1013 1502 1049 1555 ut
1072 1511 1137 1556 non

66 1577 164 1658 possit
185 1593 382 1661 cognoscere
405 1571 457 1649 id,
479 1569 565 1668 quod
588 1581 637 1637 est
681 1573 751 1638 rius
772 1583 911 1647 natura,
934 1573 997 1637 nisi
1020 1594 1062 1637 ex
1083 1593 1135 1652 eo,

64 1653 146 1739 quod
170 1666 220 1720 εει
241 1666 355 1720 natura
377 1664 551 1738 posterius,
567 1595 722 1737 quialmc
737 1657 840 1741 magis
855 1663 968 1719 notum
992 1653 1052 1738 ipsi
1074 1665 1136 1730 est,

65 1757 164 1822 quam
185 1735 278 1802 illud.
302 1737 391 1820 Ergo
413 1734 516 1811 ordo,
546 1754 612 1819 quo
641 1757 733 1800 mens
753 1735 786 1799 in
810 1735 995 1820 cognitione
1024 1756 1136 1799 rerum

66 1817 289 1903 progreditur,
309 1816 493 1880 contrarius
514 1837 582 1881 esse
604 1815 703 1883 debet
725 1816 848 1893 ordini,
863 1836 960 1900 quem
976 1817 1066 1902 ipsae
1082 1838 1136 1882 res

63 1909 185 1965 tenent.
210 1899 348 1981 Exque
370 1898 582 1982 consequitur
597 1910 737 1965 mentem
760 1906 903 1963 nostram
925 1897 1069 1979 primurn
1084 1919 1138 1963 co-

64 2001 220 2064 gnoscere
242 1979 388 2055 ellectus,
408 1987 440 2042 et
460 1999 502 2042 er
524 1980 641 2045 horum
657 1979 844 2065 cognitione
860 1976 900 2043 ad
916 1979 1137 2063 cognitionem

61 2081 175 2127 causae
222 2062 382 2135 ervenire,
400 2069 432 2124 ει
450 2059 587 2145 proinde
611 2061 650 2125 ad
674 2060 733 2125 Dei
756 2059 904 2125 notitiam
920 2080 983 2124 non
998 2063 1061 2126 nisi
1077 2081 1137 2147 per

62 2163 111 2208 res
133 2143 177 2210 ab
231 2162 251 2205 o
273 2152 398 2208 creatas
419 2161 598 2226 assurgere.
622 2144 735 2227 Neque
763 2141 829 2206 dici
859 2149 963 2226 potest
984 2141 1066 2207 hanc
1087 2144 1137 2209 in·

60 2227 246 2291 versionem
273 2221 401 2288 ordinis
431 2223 613 2309 impedire,
643 2223 818 2309 quominus
845 2243 936 2288 mens
962 2244 1000 2288 co
1026 2238 1137 2292 noscat

61 2327 177 2372 rerum
206 2303 380 2382 ordinem,
409 2323 505 2387 quem
534 2327 587 2370 res
614 2306 701 2372 inter
727 2325 797 2370 sese
825 2303 954 2370 habent.
1016 2327 1135 2391 amque

61 2408 176 2464 mens,
203 2396 374 2472 postquam
403 2407 445 2450 ex
471 2387 658 2471 cognitione
685 2387 819 2453 effectus
846 2384 888 2450 ad
915 2387 1135 2472 cognitionem

61 2489 179 2534 causae
203 2487 373 2551 progressa
389 2476 448 2543 εει,
465 2477 569 2552 polest
584 2468 766 2554 intelligere
787 2487 918 2532 causam
931 2489 1002 2532 esse
1017 2479 1133 2536 natura

61 2571 115 2616 sua
138 2548 269 2632 aliquid
294 2548 398 2634 prius,
421 2568 519 2632 quem
541 2548 706 2625 ellectum,
728 2561 762 2615 ει
778 2556 953 2694 postgnam
969 2568 1059 2613 mens
1074 2571 1134 2648 per

61 2643 226 2697 creaturas
250 2629 289 2695 nd
313 2629 374 2693 Dei
404 2649 442 2692 co
467 2630 627 2696 nitionem
654 2642 823 2715 pervenit,
867 2630 950 2695 acite
979 2631 1136 2718 intelligit

62 2711 166 2778 Deum
189 2732 259 2777 esse
281 2711 426 2775 Primam
445 2649 548 2788 llere,
571 2722 604 2777 ει
625 2732 677 2776 res
699 2713 840 2796 reliques
862 2733 932 2776 εεεε
954 2713 1003 2778 Eo
1025 2728 1134 2797 poste·

62 2796 176 2869 riores3
198 2803 295 2878 atque
320 2793 365 2856 ita
387 2813 499 2856 verum
523 2792 686 2870 ordinem,
708 2813 773 2879 quo
796 2813 847 2858 res
870 2792 955 2860 inter
976 2815 1045 2860 sese
1067 2798 1134 2863 ool·

65 2874 219 2960 ligantur,
241 2893 437 2956 cognoscere
460 2882 576 2959 potest.

96 2959 147 3024 29.
174 2955 253 3020 Ιιιει.
275 2954 331 3020 2⁰:
356 2955 420 3018 Res
442 2965 516 3020 sunt
542 2953 769 3052 intelligibiles
796 2977 839 3022 ex
866 2977 928 3031 eo,
958 2975 1018 3038 per
1044 2959 1132 3042 quod

62 3055 127 3102 oue
149 3047 237 3102 sunt.
261 3037 360 3134 Atqui
384 3035 473 3100 Deus
494 3045 543 3102 est
564 3037 778 3123 principium,
794 3059 853 3122 per
874 3037 961 3122 quod
986 3059 1037 3104 res
1059 3051 1134 3104 acte

62 3129 142 3185 sunt„
168 3120 257 3203 Ergo
277 3129 375 3184 etrum
397 3116 575 3182 secundum
597 3117 843 3214 ordinemque
864 3141 954 3185 mens
970 3121 1004 3185 in
1020 3141 1131 3186 rerum

61 3202 245 3286 cognitione
267 3197 489 3296 progreditur,
509 3197 597 3264 Deus
620 3211 669 3266 est
690 3201 905 3287 principium,
927 3222 969 3267 ex
991 3222 1056 3286 quo
1081 3223 1132 3268 res

60 3279 97 3346 ab
119 3283 170 3347 Eo
191 3289 318 3346 creatae
342 3279 581 3365 intelliguntur.

82 3363 146 3458 fill.
172 3361 394 3458 Resp.,·lli3st3
415 3365 504 3439 moi.;
528 3361 625 3458 ⁸l.id’
648 3382 706 3446 per
726 3361 816 3448 quod
837 3371 911 3458 ectu
931 3377 1023 3440 sunt,
1045 3365 1134 3429 acci-

60 3443 418 3606 ttrtplttffitl't
434 3442 1131 3610 ltlltrltrt-“ttttl0,tillut

58 3573 216 3686 semele:
237 3575 305 3690 neg.
325 3573 430 3684 miei’3
453 3575 910 3694 esr'pnnctpium''etneiens,
929 3547 1022 3675 ¹doec.
1050 3608 1129 3671 mio.
