2475 3909
511 200 694 249 onroaoora
1075 179 1096 243 5

67 310 152 373 quae
175 287 423 432 complectitur,
446 286 615 352 evotvitur.
641 284 740 368 Atqui
765 284 854 348 notio
875 281 970 357 entis,
992 302 1078 377 cnm,
1102 294 1138 349 ut

70 390 147 433 naon
170 368 243 433 vide
270 370 365 444 imus,
388 368 429 433 sit
452 370 570 453 prima,
586 380 618 435 et
640 365 900 452 simplicissima,
924 385 964 426 ex
990 361 1138 448 pluribus

67 451 235 516 elementis
257 472 320 514 noa
342 460 475 515 constat.
500 451 586 531 Ergo
603 450 690 514 notio
712 447 796 512 entis
819 466 881 509 non
900 456 950 510 est
962 466 1063 530 capax
1082 443 1136 509 de-

68 530 226 597 finitionis
242 534 372 619 proprie
389 545 524 599 sumtae.
549 529 634 597 Hinc
656 530 696 594 ad
723 528 947 593 declarandam
972 528 1138 592 notionem

65 615 150 677 entis
171 634 235 676 non
258 614 346 679 atiud
371 614 463 679 nobis
484 623 659 698 superest,
683 612 746 676 nisi
770 621 805 675 ut
831 609 978 673 dicamus
1006 609 1137 673 nomine

65 694 150 760 entis
172 694 335 779 designari
364 695 525 779 quidquid
548 715 754 779 quocumque
781 690 877 756 modo
898 704 957 767 cst,
984 695 1072 766 sire,
1099 705 1137 755 ut

65 777 210 839 strictius
243 798 317 842 cam
346 800 370 842 s.
399 777 522 843 Thema
552 777 749 862 loquamur,
773 775 818 851 id,
849 775 941 840 cuius
973 784 1059 837 octus
1092 786 1137 836 est

64 878 131 921 esse
147 858 171 932 ¹,
195 858 244 921 vei
267 858 426 945 quidquid
449 858 545 925 habet
565 871 670 923 ectum
691 857 810 921 essendi
824 858 849 919 ².

104 940 137 1003 7.
161 938 255 1015 Quod
278 942 304 1005 si
328 962 385 1006 ens
406 952 454 1008 est
476 939 568 1018 ittud,
583 939 669 1026 quod
692 958 898 1025 quocumque
922 935 1018 1000 modo
1040 934 1137 1001 habet

62 1028 170 1083 actum
192 1023 323 1098 essendi,
346 1042 401 1087 ens
422 1020 597 1088 dicandum
619 1034 667 1087 est
691 1044 765 1087 cum
791 1018 894 1093 illud,
916 1018 1003 1101 quod
1026 1027 1136 1081 actum

63 1101 190 1167 essendi
215 1106 279 1169 iam
302 1117 373 1170 ectu
388 1104 494 1179 habet,
512 1115 579 1170 tum
602 1103 697 1181 iilud,
713 1100 799 1188 quod
819 1113 926 1166 actum
942 1098 1064 1163 essendi
1081 1098 1135 1162 ha-

63 1182 118 1248 bet
139 1184 308 1251 dumtaxat
330 1188 363 1249 in
386 1188 537 1271 potentia.
559 1187 767 1271 Quapropter
789 1206 845 1249 ens
867 1185 900 1247 in
923 1182 1054 1256 actuale,
1075 1202 1134 1245 seu

61 1265 155 1342 reate,
178 1279 209 1333 et
227 1268 374 1353 possibile
394 1267 567 1333 dividitur.
590 1270 657 1333 Eos
680 1278 845 1350 tamquam
864 1264 1011 1351 possibile
1039 1263 1135 1327 intei-

61 1343 202 1431 ligitnr,
225 1362 323 1436 prout
344 1349 474 1417 denotat
500 1359 625 1414 tantum
647 1347 866 1434 aptitudinem
899 1345 940 1409 ad
972 1345 1136 1429 recipien-

60 1426 141 1491 dum
157 1429 190 1493 in
206 1451 238 1494 se
252 1443 368 1507 actum,
384 1432 445 1497 hoo
471 1440 519 1497 est
543 1431 687 1514 aliquam
715 1430 960 1516 perfectionem,
986 1446 1043 1490 seu
1066 1426 1134 1491 ior-

61 1528 164 1585 mam3
190 1520 355 1597 tamquam
377 1512 495 1577 aetnae
516 1523 652 1590 autem,
682 1522 779 1598 prout
808 1512 898 1575 illam
918 1507 1133 1593 aptitudinem

67 1591 133 1655 iam
161 1592 202 1655 ab
233 1606 307 1659 actu
335 1595 606 1667 determinatam,
629 1615 688 1659 seu
711 1592 887 1678 perfectam
908 1592 1005 1656 habet
1026 1592 1048 1652 ⁸.

99 1672 132 1738 8.
157 1675 208 1739 Ex
230 1677 279 1740 his
302 1676 391 1741 vides
409 1674 556 1759 possibile
580 1674 660 1740 iilud
682 1696 764 1751 esse,
780 1673 866 1761 qnod
890 1683 964 1738 actu
986 1684 1131 1744 nonest,

58 1753 115 1817 sed
138 1766 184 1821 est
205 1778 309 1842 capax
338 1778 396 1842 pro
439 1754 568 1821 odiendi
591 1756 631 1820 ad
654 1767 780 1834 actum,
802 1778 858 1821 seu
879 1765 953 1820 actu
975 1774 1044 1817 esse
1067 1775 1133 1818 non

59 1850 231 1923 repugnat,
253 1850 285 1903 et
307 1840 398 1924 proin
422 1860 439 1903 e
462 1836 711 1923 possibilitatem
737 1840 913 1903 consistere
936 1836 969 1898 in
997 1857 1059 1899 non
1081 1858 1132 1899 re-

82 1922 238 2013 ugnantia
261 1920 299 1985 ad
322 1943 383 1985 esse
409 1931 481 1985 actu
497 1922 522 1983 ⁸.
546 1920 627 1985 Cum
650 1920 728 1984 haee
749 1921 792 1985 sit
814 1921 902 1985 notio
923 1917 1008 1982 entis
1030 1918 1133 2001 possi·

57 1936 159 2075 dias,
183 2001 286 2087 iiquet
307 2002 494 2099 impossibile
519 2000 600 2066 illud
626 2023 717 2078 csse,
738 2002 824 2086 quod
854 2022 917 2066 noa
938 1998 1044 2062 sotum
1066 2021 1130 2063 non

56 2094 108 2146 est
127 2094 210 2159 actu,
234 2083 412 2152 sedetiam
435 2098 508 2148 ectu
531 2105 588 2147 ease
612 2094 783 2181 repugnat.

96 2166 128 2258 9.
153 2163 326 2243 Possibiie,
349 2177 398 2242 et,
420 2164 508 2250 quod
530 2168 560 2230 ei
583 2175 777 2262 opponitur,
801 2161 1003 2263 impossibiie
1027 2160 1061 2225 in
1082 2161 1131 2225 ιἰι-

55 2254 238 2322 ιιιιιιιιιιιιι,
262 2260 293 2313 et
314 2250 523 2311 extrinsecum
543 2245 712 2313 dividitur.
728 2245 887 2312 Possibde
904 2248 1128 2321 intrinsecum,

55 2326 123 2391 sive
138 2326 312 2392 obsoletum
327 2328 448 2394 dicitur
462 2327 554 2406 iilud,
570 2330 664 2393 cuins
685 2329 814 2394 termini
835 2324 1022 2393 huiusmodi
1041 2336 1127 2399 sunt,

53 2418 92 2473 ut
114 2428 223 2473 secum
246 2412 395 2495 componi
419 2411 554 2495 possint,
577 2432 606 2475 e.
631 2432 676 2495 g„
698 2412 817 2475 animat
837 2407 1006 2483 rationein
1030 2420 1127 2492 atque

52 2489 255 2573 impossibiie
278 2492 516 2566 intrinsecum,
539 2493 607 2557 sive
629 2490 813 2557 absolutum
836 2490 934 2566 ittud,
958 2493 1051 2555 cuius
1066 2500 1127 2555 ter-

53 2572 136 2637 mini
160 2592 193 2635 se
217 2572 303 2660 ipsos
325 2574 465 2639 invicem
490 2571 679 2650 destruunt,
700 2596 729 2638 e.
756 2594 808 2659 g.‚
830 2574 970 2638 circulus
993 2572 1126 2657 quadro-

91 2770 101 2807 Ι
124 2773 163 2822 De
181 2774 255 2831 Bato,
276 2780 298 2823 ιι
317 2775 437 2831 essentia,
459 2772 580 2823 Prooem.
593 2770 649 2810 -2
670 2775 699 2821 tn
719 2774 765 2823 itt.
786 2774 811 2825 Χ
828 2773 960 2835 Metapa..
982 2772 1046 2821 tect.
1067 2768 1101 2821 ii.

88 2844 101 2881 ⁸
122 2844 210 2893 t'otest
228 2845 310 2893 ctiam
334 2859 380 2895 cna
399 2844 561 2895 considerari
585 2850 665 2908 prout
683 2854 741 2895 aeta
760 2847 786 2895 io
806 2850 894 2894 mente
920 2850 1024 2894 tantum
1044 2846 1126 2906 riget.

51 2918 108 2968 sire
128 2920 207 2978 prout
225 2916 259 2965 ab
278 2916 571 2980 tntctteotucogitator.
593 2914 647 2966 tam
666 2929 713 2966 ens
731 2916 782 2967 hac
802 2917 904 2966 ratione
923 2922 1072 2979 spectatum
1087 2916 1127 2964 dt-

52 2992 124 3040 cttur
145 2990 237 3047 tdcato,
257 2994 285 3038 ot
303 2988 418 3051 duplicis
441 2990 545 3053 generto
564 2992 615 3047 est,
636 2988 677 3038 ret
697 3002 793 3052 nempe
813 2988 981 3046 huiusmodi,
1001 2994 1030 3038 ut
1048 2993 1125 3038 extra

53 3063 172 3111 mentem
195 3062 278 3122 ipsam
297 3061 422 3119 existere,
438 3062 492 3112 ιιιιι
506 3061 615 3123 produci
639 3062 732 3124 possit,
747 3062 789 3111 ret
808 3062 844 3110 tta
863 3062 897 3110 ιιι
909 3059 1047 3112 intctiectu
1062 3074 1123 3123 pen·

49 3134 107 3189 det,
128 3136 158 3180 ut
177 3132 210 3180 ιιι
231 3132 276 3182 ttto
297 3132 353 3182 coto
373 3133 553 3196 producatur,
578 3134 603 3183 ιιι
622 3146 708 3197 eoque
728 3137 881 3192 remaneat,
902 3146 988 3197 aeque
1008 3134 1066 3183 stne
1085 3133 1126 3182 tn-

50 3204 162 3255 tettectu
182 3206 315 3268 cogitante
340 3206 415 3255 utttbt
440 3218 499 3256 crae
524 3204 615 3269 pouit.
637 3203 663 3257 St
683 3205 835 3257 susidente
858 3205 909 3254 hoc
935 3208 1018 3255 attero
1044 3217 1124 3254 seusu

47 3278 212 3337 aectptatur,
232 3292 278 3327 eur
296 3280 406 3329 rationis
423 3279 514 3329 vocari
538 3277 627 3338 tolet,
647 3282 729 3343 atque
748 3278 802 3328 aas
820 3278 969 3328 notionibus
988 3277 1124 3338 convenit,

46 3362 118 3413 quaa
148 3348 176 3399 tn
197 3350 289 3412 Loptco
308 3344 357 3417 (p.
380 3346 407 3409 Ι,
426 3366 452 3401 c.
474 3348 495 3409 i,
515 3363 543 3401 a.
566 3350 597 3408 ι,
618 3364 645 3413 p.
668 3350 718 3409 to,
738 3354 795 3400 not.
819 3350 843 3409 t,
864 3348 918 3400 ιοΙ.
940 3345 971 3418 1)
999 3352 1124 3399 secunao·

48 3421 254 3484 appetiuimus.
275 3416 309 3470 lt.
329 3435 368 3483 g..
389 3426 462 3471 notio
485 3425 586 3485 penoris
604 3435 652 3471 eos
669 3424 781 3473 rationis
799 3422 916 3481 exhibet,
927 3426 990 3485 quia
1010 3420 1076 3471 nihii
1094 3422 1121 3472 in

49 3505 143 3543 rernm
164 3496 259 3542 natura
278 3496 365 3555 potest
385 3494 543 3558 respondere
563 3495 664 3556 generi,
685 3499 763 3557 prout
781 3507 864 3556 κιιιιιι
882 3494 1043 3557 concipitur.

85 3562 96 3599 ⁴
117 3562 191 3614 idaco
210 3564 370 3628 possibiliter
389 3566 494 3617 nomine
512 3571 643 3629 potentiae
661 3567 757 3634 topicae
776 3565 817 3617 ret
832 3566 965 3619 obtectione
983 3580 1121 3632 nuncupa·

46 3637 69 3690 ri
89 3638 170 3691 tolet.
