<?xml version="1.0" encoding="UTF-8"?>
<!DOCTYPE html PUBLIC "-//W3C//DTD XHTML 1.0 Transitional//EN"
    "http://www.w3.org/TR/xhtml1/DTD/xhtml1-transitional.dtd">
<html xmlns="http://www.w3.org/1999/xhtml" xml:lang="en" lang="en">
 <head>
  <title>
</title>
<meta http-equiv="Content-Type" content="text/html;charset=utf-8" />
  <meta name='ocr-system' content='tesseract 3.04.00' />
  <meta name='ocr-capabilities' content='ocr_page ocr_carea ocr_par ocr_line ocrx_word'/>
</head>
<body>
  <div class='ocr_page' id='page_1' title='image "./philosophiachri00sansgoog_0269.png"; bbox 0 0 2475 3909; ppageno 0'>
   <div class='ocr_carea' id='block_1_1' title="bbox 449 208 1088 276">
    <p class='ocr_par' dir='ltr' id='par_1_1' title="bbox 449 208 1088 276">
     <span class='ocr_line' id='line_1_1' title="bbox 449 208 1088 276; baseline 0 0"><span class='ocrx_word' id='word_1_1' title='bbox 449 224 701 276; x_wconf 80' lang='lat' dir='ltr'>carrcmoaocm</span> <span class='ocrx_word' id='word_1_2' title='bbox 1022 208 1088 276; x_wconf 67' lang='lat'>257</span> 
     </span>
    </p>
   </div>
   <div class='ocr_carea' id='block_1_2' title="bbox 60 310 1133 1789">
    <p class='ocr_par' dir='ltr' id='par_1_2' title="bbox 63 310 1130 716">
     <span class='ocr_line' id='line_1_2' title="bbox 67 310 1129 458; baseline -0.005 -78"><span class='ocrx_word' id='word_1_3' title='bbox 67 310 216 390; x_wconf 79' lang='lat' dir='ltr'>maximc;</span> <span class='ocrx_word' id='word_1_4' title='bbox 233 311 318 377; x_wconf 88' lang='lat' dir='ltr'>unde</span> <span class='ocrx_word' id='word_1_5' title='bbox 340 331 566 458; x_wconf 84' lang='lat' dir='ltr'>quaecumque</span> <span class='ocrx_word' id='word_1_6' title='bbox 588 312 675 377; x_wconf 88' lang='lat' dir='ltr'>Deus</span> <span class='ocrx_word' id='word_1_7' title='bbox 698 315 831 390; x_wconf 78' lang='lat' dir='ltr'>revelat,</span> <span class='ocrx_word' id='word_1_8' title='bbox 854 315 1049 381; x_wconf 75' lang='lat' dir='ltr'><strong>certitudine</strong></span> <span class='ocrx_word' id='word_1_9' title='bbox 1072 313 1129 377; x_wconf 78' lang='lat' dir='ltr'>ali-</span> 
     </span>
     <span class='ocr_line' id='line_1_3' title="bbox 64 394 1129 481; baseline -0.002 -20"><span class='ocrx_word' id='word_1_10' title='bbox 64 398 164 461; x_wconf 87' lang='lat' dir='ltr'>solute</span> <span class='ocrx_word' id='word_1_11' title='bbox 188 395 405 481; x_wconf 73' lang='lat' dir='ltr'>metaphysica</span> <span class='ocrx_word' id='word_1_12' title='bbox 439 414 502 477; x_wconf 80' lang='lat' dir='ltr'>gau</span> <span class='ocrx_word' id='word_1_13' title='bbox 527 406 581 461; x_wconf 87' lang='lat' dir='ltr'>ent</span> <span class='ocrx_word' id='word_1_14' title='bbox 597 396 620 457; x_wconf 79' lang='lat'>¹.</span> <span class='ocrx_word' id='word_1_15' title='bbox 654 394 702 459; x_wconf 81' lang='lat' dir='ltr'>lle</span> <span class='ocrx_word' id='word_1_16' title='bbox 727 396 917 461; x_wconf 87' lang='lat' dir='ltr'>auctoritate</span> <span class='ocrx_word' id='word_1_17' title='bbox 940 406 1048 463; x_wconf 85' lang='lat' dir='ltr'>autem</span> <span class='ocrx_word' id='word_1_18' title='bbox 1069 397 1129 461; x_wconf 92' lang='lat' dir='ltr'>hu-</span> 
     </span>
     <span class='ocr_line' id='line_1_4' title="bbox 65 474 1130 561; baseline 0 -21"><span class='ocrx_word' id='word_1_19' title='bbox 65 498 170 552; x_wconf 90' lang='lat' dir='ltr'>mana,</span> <span class='ocrx_word' id='word_1_20' title='bbox 193 497 275 561; x_wconf 89' lang='lat' dir='ltr'>quae</span> <span class='ocrx_word' id='word_1_21' title='bbox 298 475 524 559; x_wconf 72' lang='lat' dir='ltr'>complectitur</span> <span class='ocrx_word' id='word_1_22' title='bbox 545 474 710 561; x_wconf 82' lang='lat' dir='ltr'>dogmata,</span> <span class='ocrx_word' id='word_1_23' title='bbox 733 477 812 542; x_wconf 87' lang='lat' dir='ltr'>alibi</span> <span class='ocrx_word' id='word_1_24' title='bbox 835 497 940 543; x_wconf 83' lang='lat' dir='ltr'>sermo</span> <span class='ocrx_word' id='word_1_25' title='bbox 963 477 1058 542; x_wconf 87' lang='lat' dir='ltr'>nobis</span> <span class='ocrx_word' id='word_1_26' title='bbox 1077 499 1130 543; x_wconf 92' lang='lat' dir='ltr'>oc-</span> 
     </span>
     <span class='ocr_line' id='line_1_5' title="bbox 63 556 1129 657; baseline 0 -35"><span class='ocrx_word' id='word_1_27' title='bbox 63 567 182 623; x_wconf 83' lang='lat' dir='ltr'>curret.</span> <span class='ocrx_word' id='word_1_28' title='bbox 212 556 432 634; x_wconf 84' lang='lat' dir='ltr'>Quamobrem</span> <span class='ocrx_word' id='word_1_29' title='bbox 459 557 499 623; x_wconf 91' lang='lat' dir='ltr'>dc</span> <span class='ocrx_word' id='word_1_30' title='bbox 526 559 719 625; x_wconf 85' lang='lat' dir='ltr'>auctoritate</span> <span class='ocrx_word' id='word_1_31' title='bbox 741 559 899 636; x_wconf 89' lang='lat' dir='ltr'>bumana,</span> <span class='ocrx_word' id='word_1_32' title='bbox 924 569 1020 657; x_wconf 90' lang='lat' dir='ltr'>prout</span> <span class='ocrx_word' id='word_1_33' title='bbox 1042 560 1129 623; x_wconf 87' lang='lat' dir='ltr'>circa</span> 
     </span>
     <span class='ocr_line' id='line_1_6' title="bbox 65 637 1032 716; baseline 0 -13"><span class='ocrx_word' id='word_1_34' title='bbox 65 641 148 704; x_wconf 85' lang='lat' dir='ltr'>sacta</span> <span class='ocrx_word' id='word_1_35' title='bbox 171 652 330 716; x_wconf 82' lang='lat' dir='ltr'>versatur,</span> <span class='ocrx_word' id='word_1_36' title='bbox 353 640 405 703; x_wconf 89' lang='lat' dir='ltr'>hic</span> <span class='ocrx_word' id='word_1_37' title='bbox 427 637 595 706; x_wconf 83' lang='lat' dir='ltr'>dumtaxat</span> <span class='ocrx_word' id='word_1_38' title='bbox 615 638 834 705; x_wconf 90' lang='lat' dir='ltr'>disserendum</span> <span class='ocrx_word' id='word_1_39' title='bbox 858 641 952 705; x_wconf 78' lang='lat' dir='ltr'>nobis</span> <span class='ocrx_word' id='word_1_40' title='bbox 973 652 1032 707; x_wconf 91' lang='lat' dir='ltr'>est.</span> 
     </span>
    </p>

    <p class='ocr_par' dir='ltr' id='par_1_3' title="bbox 60 719 1133 1789">
     <span class='ocr_line' id='line_1_7' title="bbox 101 719 1130 801; baseline -0.002 -16"><span class='ocrx_word' id='word_1_41' title='bbox 101 723 152 787; x_wconf 84' lang='grc'>78.</span> <span class='ocrx_word' id='word_1_42' title='bbox 177 721 244 784; x_wconf 93' lang='lat' dir='ltr'>lam</span> <span class='ocrx_word' id='word_1_43' title='bbox 268 731 375 797; x_wconf 88' lang='lat' dir='ltr'>testes,</span> <span class='ocrx_word' id='word_1_44' title='bbox 422 722 455 785; x_wconf 93' lang='lat' dir='ltr'>ui</span> <span class='ocrx_word' id='word_1_45' title='bbox 478 719 602 786; x_wconf 85' lang='lat' dir='ltr'>lactum</span> <span class='ocrx_word' id='word_1_46' title='bbox 624 734 767 801; x_wconf 89' lang='lat' dir='ltr'>narrant,</span> <span class='ocrx_word' id='word_1_47' title='bbox 786 724 834 787; x_wconf 86' lang='lat' dir='ltr'>vel</span> <span class='ocrx_word' id='word_1_48' title='bbox 857 724 985 799; x_wconf 63' lang='lat' dir='ltr'>comati,</span> <span class='ocrx_word' id='word_1_49' title='bbox 1002 722 1051 786; x_wconf 88' lang='lat' dir='ltr'>vel</span> <span class='ocrx_word' id='word_1_50' title='bbox 1074 742 1130 783; x_wconf 89' lang='lat' dir='ltr'>au-</span> 
     </span>
     <span class='ocr_line' id='line_1_8' title="bbox 62 741 1130 889; baseline 0 -24"><span class='ocrx_word' id='word_1_51' title='bbox 62 803 120 865; x_wconf 89' lang='lat' dir='ltr'>riti</span> <span class='ocrx_word' id='word_1_52' title='bbox 142 813 237 878; x_wconf 92' lang='lat' dir='ltr'>suat,</span> <span class='ocrx_word' id='word_1_53' title='bbox 260 813 359 889; x_wconf 90' lang='lat' dir='ltr'>prout</span> <span class='ocrx_word' id='word_1_54' title='bbox 379 741 461 868; x_wconf 88' lang='lat' dir='ltr'>illud</span> <span class='ocrx_word' id='word_1_55' title='bbox 482 804 534 867; x_wconf 88' lang='lat' dir='ltr'>vel</span> <span class='ocrx_word' id='word_1_56' title='bbox 556 804 661 867; x_wconf 91' lang='lat' dir='ltr'>oculis</span> <span class='ocrx_word' id='word_1_57' title='bbox 687 805 755 869; x_wconf 89' lang='lat' dir='ltr'>suis</span> <span class='ocrx_word' id='word_1_58' title='bbox 775 816 993 889; x_wconf 89' lang='lat' dir='ltr'>usurparunt,</span> <span class='ocrx_word' id='word_1_59' title='bbox 1017 803 1066 869; x_wconf 87' lang='lat' dir='ltr'>vel</span> <span class='ocrx_word' id='word_1_60' title='bbox 1089 803 1130 866; x_wconf 93' lang='lat' dir='ltr'>ab</span> 
     </span>
     <span class='ocr_line' id='line_1_9' title="bbox 63 883 1132 971; baseline 0.003 -24"><span class='ocrx_word' id='word_1_61' title='bbox 63 883 137 947; x_wconf 86' lang='lat' dir='ltr'>aliis</span> <span class='ocrx_word' id='word_1_62' title='bbox 159 894 365 971; x_wconf 88' lang='lat' dir='ltr'>acceperunt.</span> <span class='ocrx_word' id='word_1_63' title='bbox 389 884 534 961; x_wconf 83' lang='lat' dir='ltr'>Rursus,</span> <span class='ocrx_word' id='word_1_64' title='bbox 556 886 583 949; x_wconf 93' lang='lat' dir='ltr'>si</span> <span class='ocrx_word' id='word_1_65' title='bbox 605 886 746 962; x_wconf 87' lang='lat' dir='ltr'>sactum,</span> <span class='ocrx_word' id='word_1_66' title='bbox 768 885 855 969; x_wconf 93' lang='lat' dir='ltr'>quod</span> <span class='ocrx_word' id='word_1_67' title='bbox 879 898 1023 963; x_wconf 89' lang='lat' dir='ltr'>narrant,</span> <span class='ocrx_word' id='word_1_68' title='bbox 1046 886 1132 951; x_wconf 88' lang='lat' dir='ltr'>acci-</span> 
     </span>
     <span class='ocr_line' id='line_1_10' title="bbox 62 966 1129 1053; baseline 0.001 -25"><span class='ocrx_word' id='word_1_69' title='bbox 62 966 110 1030; x_wconf 91' lang='lat' dir='ltr'>dit</span> <span class='ocrx_word' id='word_1_70' title='bbox 133 986 173 1029; x_wconf 93' lang='lat' dir='ltr'>eo</span> <span class='ocrx_word' id='word_1_71' title='bbox 196 976 358 1052; x_wconf 90' lang='lat' dir='ltr'>tempore,</span> <span class='ocrx_word' id='word_1_72' title='bbox 381 987 448 1051; x_wconf 95' lang='lat' dir='ltr'>quo</span> <span class='ocrx_word' id='word_1_73' title='bbox 475 968 484 1030; x_wconf 94' lang='lat' dir='ltr'>i</span> <span class='ocrx_word' id='word_1_74' title='bbox 511 968 539 1031; x_wconf 93' lang='lat' dir='ltr'>si</span> <span class='ocrx_word' id='word_1_75' title='bbox 561 966 723 1043; x_wconf 82' lang='lat' dir='ltr'>vivebant,</span> <span class='ocrx_word' id='word_1_76' title='bbox 746 970 897 1053; x_wconf 81' lang='lat' dir='ltr'>aequales,</span> <span class='ocrx_word' id='word_1_77' title='bbox 921 972 990 1035; x_wconf 89' lang='lat' dir='ltr'>sive</span> <span class='ocrx_word' id='word_1_78' title='bbox 1013 968 1129 1045; x_wconf 63' lang='lat' dir='ltr'>coaeve</span> 
     </span>
     <span class='ocr_line' id='line_1_11' title="bbox 61 986 1128 1126; baseline 0.003 -16"><span class='ocrx_word' id='word_1_79' title='bbox 61 1050 112 1110; x_wconf 86' lang='lat' dir='ltr'>sin</span> <span class='ocrx_word' id='word_1_80' title='bbox 135 1045 256 1114; x_wconf 86' lang='lat' dir='ltr'>lactum</span> <span class='ocrx_word' id='word_1_81' title='bbox 289 1050 398 1114; x_wconf 83' lang='lat' dir='ltr'>evenit</span> <span class='ocrx_word' id='word_1_82' title='bbox 428 986 547 1114; x_wconf 88' lang='lat' dir='ltr'>mullos</span> <span class='ocrx_word' id='word_1_83' title='bbox 573 1060 647 1114; x_wconf 87' lang='lat' dir='ltr'>ante</span> <span class='ocrx_word' id='word_1_84' title='bbox 677 1069 799 1126; x_wconf 88' lang='lat' dir='ltr'>annos,</span> <span class='ocrx_word' id='word_1_85' title='bbox 823 1060 953 1117; x_wconf 81' lang='lat' dir='ltr'>recentes</span> <span class='ocrx_word' id='word_1_86' title='bbox 980 1048 1128 1115; x_wconf 90' lang='lat' dir='ltr'>audiunt.</span> 
     </span>
     <span class='ocr_line' id='line_1_12' title="bbox 62 1128 1132 1230; baseline 0.004 -39"><span class='ocrx_word' id='word_1_87' title='bbox 62 1128 173 1193; x_wconf 87' lang='lat' dir='ltr'>llledia</span> <span class='ocrx_word' id='word_1_88' title='bbox 195 1140 317 1207; x_wconf 89' lang='lat' dir='ltr'>autem,</span> <span class='ocrx_word' id='word_1_89' title='bbox 340 1152 399 1215; x_wconf 93' lang='lat' dir='ltr'>per</span> <span class='ocrx_word' id='word_1_90' title='bbox 420 1149 504 1213; x_wconf 87' lang='lat' dir='ltr'>quac</span> <span class='ocrx_word' id='word_1_91' title='bbox 527 1131 747 1197; x_wconf 91' lang='lat' dir='ltr'>testimonium</span> <span class='ocrx_word' id='word_1_92' title='bbox 770 1132 938 1197; x_wconf 90' lang='lat' dir='ltr'>hominum</span> <span class='ocrx_word' id='word_1_93' title='bbox 962 1131 1001 1197; x_wconf 90' lang='lat' dir='ltr'>ad</span> <span class='ocrx_word' id='word_1_94' title='bbox 1024 1143 1132 1230; x_wconf 89' lang='lat' dir='ltr'>postc-</span> 
     </span>
     <span class='ocr_line' id='line_1_13' title="bbox 62 1211 1133 1289; baseline 0.007 -17"><span class='ocrx_word' id='word_1_95' title='bbox 62 1232 115 1274; x_wconf 92' lang='lat' dir='ltr'>ros</span> <span class='ocrx_word' id='word_1_96' title='bbox 139 1214 379 1289; x_wconf 84' lang='lat' dir='ltr'>transmittitur,</span> <span class='ocrx_word' id='word_1_97' title='bbox 402 1223 477 1276; x_wconf 90' lang='lat' dir='ltr'>sunt</span> <span class='ocrx_word' id='word_1_98' title='bbox 498 1211 655 1289; x_wconf 82' lang='lat' dir='ltr'>Traditio,</span> <span class='ocrx_word' id='word_1_99' title='bbox 678 1222 711 1279; x_wconf 88' lang='lat' dir='ltr'>ct</span> <span class='ocrx_word' id='word_1_100' title='bbox 732 1212 892 1278; x_wconf 84' lang='lat' dir='ltr'>Historia.</span> <span class='ocrx_word' id='word_1_101' title='bbox 916 1214 1062 1280; x_wconf 80' lang='lat' dir='ltr'>Traditio</span> <span class='ocrx_word' id='word_1_102' title='bbox 1084 1225 1133 1279; x_wconf 91' lang='lat' dir='ltr'>est</span> 
     </span>
     <span class='ocr_line' id='line_1_14' title="bbox 62 1292 1132 1380; baseline 0.002 -25"><span class='ocrx_word' id='word_1_103' title='bbox 62 1292 140 1358; x_wconf 84' lang='lat' dir='ltr'>lacti</span> <span class='ocrx_word' id='word_1_104' title='bbox 164 1297 322 1371; x_wconf 89' lang='lat' dir='ltr'>narratio,</span> <span class='ocrx_word' id='word_1_105' title='bbox 345 1315 429 1373; x_wconf 89' lang='lat' dir='ltr'>quac</span> <span class='ocrx_word' id='word_1_106' title='bbox 452 1312 511 1378; x_wconf 89' lang='lat' dir='ltr'>per</span> <span class='ocrx_word' id='word_1_107' title='bbox 533 1314 596 1359; x_wconf 90' lang='lat' dir='ltr'>non</span> <span class='ocrx_word' id='word_1_108' title='bbox 621 1296 835 1380; x_wconf 85' lang='lat' dir='ltr'>interruptam</span> <span class='ocrx_word' id='word_1_109' title='bbox 858 1298 977 1360; x_wconf 89' lang='lat' dir='ltr'>seriem</span> <span class='ocrx_word' id='word_1_110' title='bbox 1000 1297 1132 1361; x_wconf 90' lang='lat' dir='ltr'>testium</span> 
     </span>
     <span class='ocr_line' id='line_1_15' title="bbox 60 1374 1131 1471; baseline 0 -32"><span class='ocrx_word' id='word_1_111' title='bbox 60 1397 165 1471; x_wconf 88' lang='lat' dir='ltr'>usque</span> <span class='ocrx_word' id='word_1_112' title='bbox 188 1374 228 1440; x_wconf 88' lang='lat' dir='ltr'>ad</span> <span class='ocrx_word' id='word_1_113' title='bbox 252 1398 310 1440; x_wconf 90' lang='lat' dir='ltr'>nos</span> <span class='ocrx_word' id='word_1_114' title='bbox 331 1396 387 1442; x_wconf 91' lang='lat' dir='ltr'>ore</span> <span class='ocrx_word' id='word_1_115' title='bbox 409 1376 596 1441; x_wconf 88' lang='lat' dir='ltr'>transmissa</span> <span class='ocrx_word' id='word_1_116' title='bbox 625 1387 689 1453; x_wconf 79' lang='lat' dir='ltr'>est3</span> <span class='ocrx_word' id='word_1_117' title='bbox 712 1388 807 1461; x_wconf 92' lang='lat' dir='ltr'>atque</span> <span class='ocrx_word' id='word_1_118' title='bbox 830 1377 965 1445; x_wconf 87' lang='lat' dir='ltr'>historia</span> <span class='ocrx_word' id='word_1_119' title='bbox 988 1387 1037 1442; x_wconf 92' lang='lat' dir='ltr'>est</span> <span class='ocrx_word' id='word_1_120' title='bbox 1059 1397 1131 1440; x_wconf 91' lang='lat' dir='ltr'>nar-</span> 
     </span>
     <span class='ocr_line' id='line_1_16' title="bbox 60 1457 1131 1542; baseline -0.002 -20"><span class='ocrx_word' id='word_1_121' title='bbox 60 1471 144 1522; x_wconf 81' lang='lat' dir='ltr'>ratio</span> <span class='ocrx_word' id='word_1_122' title='bbox 166 1458 351 1532; x_wconf 80' lang='lat' dir='ltr'>factorum,</span> <span class='ocrx_word' id='word_1_123' title='bbox 374 1476 458 1542; x_wconf 89' lang='lat' dir='ltr'>quac</span> <span class='ocrx_word' id='word_1_124' title='bbox 489 1459 554 1522; x_wconf 91' lang='lat' dir='ltr'>scri</span> <span class='ocrx_word' id='word_1_125' title='bbox 580 1460 622 1521; x_wconf 91' lang='lat' dir='ltr'>tis</span> <span class='ocrx_word' id='word_1_126' title='bbox 653 1459 847 1525; x_wconf 88' lang='lat' dir='ltr'>continetur.</span> <span class='ocrx_word' id='word_1_127' title='bbox 878 1460 975 1524; x_wconf 88' lang='lat' dir='ltr'>lliscc</span> <span class='ocrx_word' id='word_1_128' title='bbox 1002 1457 1131 1523; x_wconf 91' lang='lat' dir='ltr'>duobus</span> 
     </span>
     <span class='ocr_line' id='line_1_17' title="bbox 62 1478 1131 1625; baseline -0.001 -21"><span class='ocrx_word' id='word_1_129' title='bbox 62 1542 289 1604; x_wconf 86' lang='lat' dir='ltr'>instrumentis</span> <span class='ocrx_word' id='word_1_130' title='bbox 312 1539 387 1605; x_wconf 92' lang='lat' dir='ltr'>addi</span> <span class='ocrx_word' id='word_1_131' title='bbox 410 1547 514 1624; x_wconf 89' lang='lat' dir='ltr'>potest</span> <span class='ocrx_word' id='word_1_132' title='bbox 533 1478 641 1615; x_wconf 83' lang='lat' dir='ltr'>aliud,</span> <span class='ocrx_word' id='word_1_133' title='bbox 665 1562 780 1625; x_wconf 90' lang='lat' dir='ltr'>nempe</span> <span class='ocrx_word' id='word_1_134' title='bbox 803 1542 1024 1618; x_wconf 85' lang='lat' dir='ltr'>Monumenta,</span> <span class='ocrx_word' id='word_1_135' title='bbox 1047 1560 1131 1625; x_wconf 89' lang='lat' dir='ltr'>quae</span> 
     </span>
     <span class='ocr_line' id='line_1_18' title="bbox 61 1618 1130 1707; baseline -0.001 -21"><span class='ocrx_word' id='word_1_136' title='bbox 61 1634 137 1687; x_wconf 93' lang='lat' dir='ltr'>sunt</span> <span class='ocrx_word' id='word_1_137' title='bbox 159 1620 319 1706; x_wconf 84' lang='lat' dir='ltr'>quaedam</span> <span class='ocrx_word' id='word_1_138' title='bbox 340 1624 430 1707; x_wconf 81' lang='lat' dir='ltr'>signa</span> <span class='ocrx_word' id='word_1_139' title='bbox 447 1618 576 1705; x_wconf 88' lang='lat' dir='ltr'>publica</span> <span class='ocrx_word' id='word_1_140' title='bbox 599 1621 757 1687; x_wconf 89' lang='lat' dir='ltr'>destinata</span> <span class='ocrx_word' id='word_1_141' title='bbox 778 1622 817 1686; x_wconf 91' lang='lat' dir='ltr'>ad</span> <span class='ocrx_word' id='word_1_142' title='bbox 832 1624 971 1691; x_wconf 84' lang='lat' dir='ltr'>alicuius</span> <span class='ocrx_word' id='word_1_143' title='bbox 996 1623 1130 1689; x_wconf 86' lang='lat' dir='ltr'>illustris</span> 
     </span>
     <span class='ocr_line' id='line_1_19' title="bbox 60 1701 646 1789; baseline -0.002 -22"><span class='ocrx_word' id='word_1_144' title='bbox 60 1704 140 1768; x_wconf 83' lang='lat' dir='ltr'>lacti</span> <span class='ocrx_word' id='word_1_145' title='bbox 163 1705 355 1768; x_wconf 87' lang='lat' dir='ltr'>memoriam</span> <span class='ocrx_word' id='word_1_146' title='bbox 379 1701 646 1789; x_wconf 86' lang='lat' dir='ltr'>perpetuandam.</span> 
     </span>
    </p>
   </div>
   <div class='ocr_carea' id='block_1_3' title="bbox 188 1826 1005 1895">
    <p class='ocr_par' dir='ltr' id='par_1_4' title="bbox 188 1826 1005 1895">
     <span class='ocr_line' id='line_1_20' title="bbox 188 1826 1005 1895; baseline 0.001 -16"><span class='ocrx_word' id='word_1_147' title='bbox 188 1826 255 1879; x_wconf 77' lang='lat' dir='ltr'>dur.</span> <span class='ocrx_word' id='word_1_148' title='bbox 279 1827 311 1878; x_wconf 93' lang='lat' dir='ltr'>ll.</span> <span class='ocrx_word' id='word_1_149' title='bbox 325 1856 353 1863; x_wconf 82' lang='lat'>—</span> <span class='ocrx_word' id='word_1_150' title='bbox 372 1826 408 1878; x_wconf 77' lang='lat' dir='ltr'>tta</span> <span class='ocrx_word' id='word_1_151' title='bbox 427 1827 545 1878; x_wconf 83' lang='lat' dir='ltr'>humano</span> <span class='ocrx_word' id='word_1_152' title='bbox 564 1830 715 1879; x_wconf 85' lang='lat' dir='ltr'>testimonio</span> <span class='ocrx_word' id='word_1_153' title='bbox 734 1835 853 1892; x_wconf 87' lang='lat' dir='ltr'>spectato</span> <span class='ocrx_word' id='word_1_154' title='bbox 874 1832 900 1881; x_wconf 90' lang='lat' dir='ltr'>ia</span> <span class='ocrx_word' id='word_1_155' title='bbox 919 1831 1005 1895; x_wconf 80' lang='lat' dir='ltr'>seipso</span> 
     </span>
    </p>
   </div>
   <div class='ocr_carea' id='block_1_4' title="bbox 53 1934 1133 3019">
    <p class='ocr_par' dir='ltr' id='par_1_5' title="bbox 56 1934 1132 2106">
     <span class='ocr_line' id='line_1_21' title="bbox 97 1934 1132 2014; baseline 0.001 -13"><span class='ocrx_word' id='word_1_156' title='bbox 97 1934 387 2004; x_wconf 68' lang='lat' dir='ltr'>astumatum</span> <span class='ocrx_word' id='word_1_157' title='bbox 419 1935 453 1998; x_wconf 91' lang='lat' dir='ltr'>in</span> <span class='ocrx_word' id='word_1_158' title='bbox 481 1940 538 2000; x_wconf 88' lang='lat' dir='ltr'>hac</span> <span class='ocrx_word' id='word_1_159' title='bbox 564 1936 786 2001; x_wconf 85' lang='lat' dir='ltr'>controversia</span> <span class='ocrx_word' id='word_1_160' title='bbox 819 1935 1053 2014; x_wconf 89' lang='lat' dir='ltr'>adhibeamus,</span> <span class='ocrx_word' id='word_1_161' title='bbox 1082 1956 1132 2002; x_wconf 91' lang='lat' dir='ltr'>sc-</span> 
     </span>
     <span class='ocr_line' id='line_1_22' title="bbox 56 2018 670 2106; baseline -0.003 -22"><span class='ocrx_word' id='word_1_162' title='bbox 56 2028 195 2106; x_wconf 90' lang='lat' dir='ltr'>qucntes</span> <span class='ocrx_word' id='word_1_163' title='bbox 215 2018 391 2082; x_wconf 88' lang='lat' dir='ltr'>statuimus</span> <span class='ocrx_word' id='word_1_164' title='bbox 413 2018 670 2100; x_wconf 88' lang='lat' dir='ltr'>propositiones:</span> 
     </span>
    </p>

    <p class='ocr_par' dir='ltr' id='par_1_6' title="bbox 57 2098 1133 2330">
     <span class='ocr_line' id='line_1_23' title="bbox 100 2098 1133 2185; baseline -0.001 -20"><span class='ocrx_word' id='word_1_165' title='bbox 100 2103 199 2184; x_wconf 89' lang='lat' dir='ltr'>Prop.</span> <span class='ocrx_word' id='word_1_166' title='bbox 231 2098 275 2163; x_wconf 84' lang='lat'>1⁸.</span> <span class='ocrx_word' id='word_1_167' title='bbox 307 2098 450 2163; x_wconf 80' lang='lat' dir='ltr'>Plurimi</span> <span class='ocrx_word' id='word_1_168' title='bbox 477 2108 587 2175; x_wconf 85' lang='lat' dir='ltr'>testes,</span> <span class='ocrx_word' id='word_1_169' title='bbox 613 2099 671 2185; x_wconf 88' lang='lat' dir='ltr'>qui</span> <span class='ocrx_word' id='word_1_170' title='bbox 696 2100 888 2164; x_wconf 81' lang='lat' dir='ltr'>concorditer</span> <span class='ocrx_word' id='word_1_171' title='bbox 914 2112 1046 2163; x_wconf 85' lang='lat' dir='ltr'>uarruut</span> <span class='ocrx_word' id='word_1_172' title='bbox 1072 2100 1133 2165; x_wconf 86' lang='lat' dir='ltr'>ali-</span> 
     </span>
     <span class='ocr_line' id='line_1_24' title="bbox 57 2180 1131 2271; baseline 0.001 -25"><span class='ocrx_word' id='word_1_173' title='bbox 57 2183 143 2271; x_wconf 88' lang='lat' dir='ltr'>quod</span> <span class='ocrx_word' id='word_1_174' title='bbox 163 2188 280 2265; x_wconf 68' lang='lat' dir='ltr'>{aetram</span> <span class='ocrx_word' id='word_1_175' title='bbox 301 2180 453 2263; x_wconf 73' lang='lat' dir='ltr'>simplex,</span> <span class='ocrx_word' id='word_1_176' title='bbox 471 2182 649 2263; x_wconf 74' lang='lat' dir='ltr'>publicum,</span> <span class='ocrx_word' id='word_1_177' title='bbox 679 2191 705 2245; x_wconf 88' lang='lat' dir='ltr'>et</span> <span class='ocrx_word' id='word_1_178' title='bbox 727 2181 870 2261; x_wconf 85' lang='lat' dir='ltr'>illustre,</span> <span class='ocrx_word' id='word_1_179' title='bbox 892 2182 980 2267; x_wconf 79' lang='lat' dir='ltr'>fidem</span> <span class='ocrx_word' id='word_1_180' title='bbox 997 2202 1131 2267; x_wconf 85' lang='lat' dir='ltr'>prorsus</span> 
     </span>
     <span class='ocr_line' id='line_1_25' title="bbox 57 2279 231 2330; baseline -0.011 -1"><span class='ocrx_word' id='word_1_181' title='bbox 57 2279 231 2330; x_wconf 82' lang='lat' dir='ltr'>merentur.</span> 
     </span>
    </p>

    <p class='ocr_par' dir='ltr' id='par_1_7' title="bbox 53 2344 1133 3019">
     <span class='ocr_line' id='line_1_26' title="bbox 101 2344 1131 2423; baseline -0.005 -10"><span class='ocrx_word' id='word_1_182' title='bbox 101 2347 265 2413; x_wconf 76' lang='lat' dir='ltr'>Probatur</span> <span class='ocrx_word' id='word_1_183' title='bbox 279 2353 389 2409; x_wconf 92' lang='lat' dir='ltr'>contra</span> <span class='ocrx_word' id='word_1_184' title='bbox 405 2344 561 2409; x_wconf 85' lang='lat' dir='ltr'>Lockium</span> <span class='ocrx_word' id='word_1_185' title='bbox 575 2347 600 2421; x_wconf 81' lang='lat'>²,</span> <span class='ocrx_word' id='word_1_186' title='bbox 617 2344 822 2412; x_wconf 87' lang='lat' dir='ltr'>Genucnscm</span> <span class='ocrx_word' id='word_1_187' title='bbox 834 2347 857 2423; x_wconf 86' lang='lat'>⁸,</span> <span class='ocrx_word' id='word_1_188' title='bbox 874 2345 1085 2411; x_wconf 89' lang='lat' dir='ltr'>La-Placcum</span> <span class='ocrx_word' id='word_1_189' title='bbox 1101 2348 1131 2423; x_wconf 74' lang='lat'>⁴,</span> 
     </span>
     <span class='ocr_line' id='line_1_27' title="bbox 56 2426 1130 2515; baseline -0.005 -20"><span class='ocrx_word' id='word_1_190' title='bbox 56 2430 222 2515; x_wconf 87' lang='lat' dir='ltr'>aliosque,</span> <span class='ocrx_word' id='word_1_191' title='bbox 246 2428 302 2511; x_wconf 92' lang='lat' dir='ltr'>qui</span> <span class='ocrx_word' id='word_1_192' title='bbox 325 2438 493 2493; x_wconf 85' lang='lat' dir='ltr'>autumant</span> <span class='ocrx_word' id='word_1_193' title='bbox 514 2448 556 2492; x_wconf 87' lang='lat' dir='ltr'>ex</span> <span class='ocrx_word' id='word_1_194' title='bbox 578 2428 765 2493; x_wconf 88' lang='lat' dir='ltr'>testimonio</span> <span class='ocrx_word' id='word_1_195' title='bbox 792 2426 932 2493; x_wconf 91' lang='lat' dir='ltr'>humano</span> <span class='ocrx_word' id='word_1_196' title='bbox 961 2430 1130 2503; x_wconf 86' lang='lat' dir='ltr'>maiorem,</span> 
     </span>
     <span class='ocr_line' id='line_1_28' title="bbox 56 2507 1133 2607; baseline -0.002 -32"><span class='ocrx_word' id='word_1_197' title='bbox 56 2511 109 2576; x_wconf 86' lang='lat' dir='ltr'>vel</span> <span class='ocrx_word' id='word_1_198' title='bbox 126 2513 287 2575; x_wconf 87' lang='lat' dir='ltr'>minorem</span> <span class='ocrx_word' id='word_1_199' title='bbox 332 2507 573 2574; x_wconf 88' lang='lat' dir='ltr'>robabilitatem</span> <span class='ocrx_word' id='word_1_200' title='bbox 596 2511 762 2607; x_wconf 74' lang='lat' dir='ltr'>progigni,</span> <span class='ocrx_word' id='word_1_201' title='bbox 778 2530 957 2593; x_wconf 89' lang='lat' dir='ltr'>numquam</span> <span class='ocrx_word' id='word_1_202' title='bbox 973 2530 1048 2575; x_wconf 87' lang='lat' dir='ltr'>vero</span> <span class='ocrx_word' id='word_1_203' title='bbox 1063 2530 1133 2574; x_wconf 89' lang='lat' dir='ltr'>cer-</span> 
     </span>
     <span class='ocr_line' id='line_1_29' title="bbox 55 2590 1131 2660; baseline -0.005 0"><span class='ocrx_word' id='word_1_204' title='bbox 55 2595 247 2660; x_wconf 89' lang='lat' dir='ltr'>titudinem.</span> <span class='ocrx_word' id='word_1_205' title='bbox 268 2595 295 2655; x_wconf 83' lang='grc' dir='ltr'>Α</span> <span class='ocrx_word' id='word_1_206' title='bbox 332 2590 429 2656; x_wconf 86' lang='lat' dir='ltr'>tidem</span> <span class='ocrx_word' id='word_1_207' title='bbox 444 2590 574 2655; x_wconf 89' lang='lat' dir='ltr'>cuidam</span> <span class='ocrx_word' id='word_1_208' title='bbox 597 2592 784 2658; x_wconf 78' lang='lat' dir='ltr'>testimonio</span> <span class='ocrx_word' id='word_1_209' title='bbox 806 2590 1044 2656; x_wconf 91' lang='lat' dir='ltr'>conciliandam</span> <span class='ocrx_word' id='word_1_210' title='bbox 1066 2592 1131 2655; x_wconf 94' lang='lat' dir='ltr'>duo</span> 
     </span>
     <span class='ocr_line' id='line_1_30' title="bbox 53 2672 1131 2760; baseline -0.003 -18"><span class='ocrx_word' id='word_1_211' title='bbox 53 2674 321 2760; x_wconf 79' lang='lat' dir='ltr'>expostulentur,</span> <span class='ocrx_word' id='word_1_212' title='bbox 337 2694 452 2757; x_wconf 86' lang='lat' dir='ltr'>nempe</span> <span class='ocrx_word' id='word_1_213' title='bbox 474 2682 511 2739; x_wconf 92' lang='lat' dir='ltr'>ut</span> <span class='ocrx_word' id='word_1_214' title='bbox 533 2683 629 2739; x_wconf 88' lang='lat' dir='ltr'>testes</span> <span class='ocrx_word' id='word_1_215' title='bbox 650 2692 754 2758; x_wconf 91' lang='lat' dir='ltr'>neque</span> <span class='ocrx_word' id='word_1_216' title='bbox 778 2672 1002 2759; x_wconf 91' lang='lat' dir='ltr'>decipiantur,</span> <span class='ocrx_word' id='word_1_217' title='bbox 1026 2694 1131 2760; x_wconf 88' lang='lat' dir='ltr'>neque</span> 
     </span>
     <span class='ocr_line' id='line_1_31' title="bbox 55 2755 1133 2840; baseline -0.003 -18"><span class='ocrx_word' id='word_1_218' title='bbox 55 2760 272 2824; x_wconf 88' lang='lat' dir='ltr'>mentiantur.</span> <span class='ocrx_word' id='word_1_219' title='bbox 296 2756 394 2840; x_wconf 76' lang='lat' dir='ltr'>atqui</span> <span class='ocrx_word' id='word_1_220' title='bbox 420 2755 552 2840; x_wconf 91' lang='lat' dir='ltr'>plurimi</span> <span class='ocrx_word' id='word_1_221' title='bbox 582 2764 678 2821; x_wconf 85' lang='lat' dir='ltr'>testes</span> <span class='ocrx_word' id='word_1_222' title='bbox 705 2755 791 2821; x_wconf 89' lang='lat' dir='ltr'>circa</span> <span class='ocrx_word' id='word_1_223' title='bbox 819 2756 939 2821; x_wconf 87' lang='lat' dir='ltr'>factum</span> <span class='ocrx_word' id='word_1_224' title='bbox 967 2756 1133 2840; x_wconf 87' lang='lat' dir='ltr'>quoddam</span> 
     </span>
     <span class='ocr_line' id='line_1_32' title="bbox 54 2837 1133 2927; baseline -0.003 -23"><span class='ocrx_word' id='word_1_225' title='bbox 54 2842 214 2927; x_wconf 82' lang='lat' dir='ltr'>simplex,</span> <span class='ocrx_word' id='word_1_226' title='bbox 240 2837 432 2920; x_wconf 85' lang='lat' dir='ltr'>publicum,</span> <span class='ocrx_word' id='word_1_227' title='bbox 455 2848 488 2902; x_wconf 91' lang='lat' dir='ltr'>et</span> <span class='ocrx_word' id='word_1_228' title='bbox 512 2837 637 2904; x_wconf 91' lang='lat' dir='ltr'>illustre</span> <span class='ocrx_word' id='word_1_229' title='bbox 660 2838 767 2922; x_wconf 90' lang='lat' dir='ltr'>decipi</span> <span class='ocrx_word' id='word_1_230' title='bbox 790 2849 979 2923; x_wconf 88' lang='lat' dir='ltr'>nequeunt,</span> <span class='ocrx_word' id='word_1_231' title='bbox 1003 2840 1133 2924; x_wconf 88' lang='lat' dir='ltr'>decipe-</span> 
     </span>
     <span class='ocr_line' id='line_1_33' title="bbox 56 2919 1131 3019; baseline -0.001 -33"><span class='ocrx_word' id='word_1_232' title='bbox 56 2944 93 2987; x_wconf 90' lang='lat' dir='ltr'>re</span> <span class='ocrx_word' id='word_1_233' title='bbox 116 2932 230 2987; x_wconf 87' lang='lat' dir='ltr'>autem</span> <span class='ocrx_word' id='word_1_234' title='bbox 252 2920 334 2985; x_wconf 90' lang='lat' dir='ltr'>alios</span> <span class='ocrx_word' id='word_1_235' title='bbox 367 2939 425 2982; x_wconf 90' lang='lat' dir='ltr'>nec</span> <span class='ocrx_word' id='word_1_236' title='bbox 447 2919 583 2995; x_wconf 86' lang='lat' dir='ltr'>volunt,</span> <span class='ocrx_word' id='word_1_237' title='bbox 613 2941 672 2984; x_wconf 91' lang='lat' dir='ltr'>nec</span> <span class='ocrx_word' id='word_1_238' title='bbox 704 2924 848 3004; x_wconf 87' lang='lat' dir='ltr'>possunt.</span> <span class='ocrx_word' id='word_1_239' title='bbox 872 2923 960 3007; x_wconf 81' lang='lat' dir='ltr'>Ergo</span> <span class='ocrx_word' id='word_1_240' title='bbox 995 2922 1131 3019; x_wconf 80' lang='lat' dir='ltr'>plurimi</span> 
     </span>
    </p>
   </div>
   <div class='ocr_carea' id='block_1_5' title="bbox 55 3000 1131 3161">
    <p class='ocr_par' dir='ltr' id='par_1_8' title="bbox 55 3000 1131 3161">
     <span class='ocr_line' id='line_1_34' title="bbox 55 3000 1131 3091; baseline -0.003 -20"><span class='ocrx_word' id='word_1_241' title='bbox 55 3014 175 3082; x_wconf 87' lang='lat' dir='ltr'>testes,</span> <span class='ocrx_word' id='word_1_242' title='bbox 208 3024 283 3067; x_wconf 91' lang='lat' dir='ltr'>cum</span> <span class='ocrx_word' id='word_1_243' title='bbox 312 3000 433 3066; x_wconf 86' lang='lat' dir='ltr'>lactum</span> <span class='ocrx_word' id='word_1_244' title='bbox 459 3002 622 3085; x_wconf 81' lang='lat' dir='ltr'>simplex,</span> <span class='ocrx_word' id='word_1_245' title='bbox 650 3001 843 3088; x_wconf 89' lang='lat' dir='ltr'>publicum,</span> <span class='ocrx_word' id='word_1_246' title='bbox 876 3014 909 3069; x_wconf 91' lang='lat' dir='ltr'>et</span> <span class='ocrx_word' id='word_1_247' title='bbox 929 3024 1038 3091; x_wconf 80' lang='lat' dir='ltr'>magur</span> <span class='ocrx_word' id='word_1_248' title='bbox 1063 3025 1131 3068; x_wconf 90' lang='lat' dir='ltr'>mo-</span> 
     </span>
     <span class='ocr_line' id='line_1_35' title="bbox 56 3083 797 3161; baseline -0.005 -10"><span class='ocrx_word' id='word_1_249' title='bbox 56 3089 163 3152; x_wconf 89' lang='lat' dir='ltr'>menti</span> <span class='ocrx_word' id='word_1_250' title='bbox 185 3097 328 3161; x_wconf 87' lang='lat' dir='ltr'>narmnt,</span> <span class='ocrx_word' id='word_1_251' title='bbox 352 3104 481 3147; x_wconf 91' lang='lat' dir='ltr'>omnem</span> <span class='ocrx_word' id='word_1_252' title='bbox 503 3083 599 3148; x_wconf 89' lang='lat' dir='ltr'>fidem</span> <span class='ocrx_word' id='word_1_253' title='bbox 623 3096 797 3150; x_wconf 91' lang='lat' dir='ltr'>merentur.</span> 
     </span>
    </p>
   </div>
   <div class='ocr_carea' id='block_1_6' title="bbox 54 3249 1135 3462">
    <p class='ocr_par' dir='ltr' id='par_1_9' title="bbox 54 3249 1135 3462">
     <span class='ocr_line' id='line_1_36' title="bbox 94 3249 1135 3307; baseline 0.004 -4"><span class='ocrx_word' id='word_1_254' title='bbox 94 3256 103 3290; x_wconf 86' lang='lat'><em>¹</em></span> <span class='ocrx_word' id='word_1_255' title='bbox 126 3252 201 3303; x_wconf 87' lang='lat' dir='ltr'>ldem</span> <span class='ocrx_word' id='word_1_256' title='bbox 215 3253 247 3303; x_wconf 87' lang='lat' dir='ltr'>de</span> <span class='ocrx_word' id='word_1_257' title='bbox 260 3255 420 3303; x_wconf 85' lang='lat' dir='ltr'>auctoritate</span> <span class='ocrx_word' id='word_1_258' title='bbox 435 3249 589 3303; x_wconf 86' lang='lat' dir='ltr'>Catholicae</span> <span class='ocrx_word' id='word_1_259' title='bbox 603 3252 741 3303; x_wconf 83' lang='lat' dir='ltr'>Ecclesiae</span> <span class='ocrx_word' id='word_1_260' title='bbox 756 3254 897 3303; x_wconf 85' lang='lat' dir='ltr'>dicendum</span> <span class='ocrx_word' id='word_1_261' title='bbox 912 3260 963 3304; x_wconf 85' lang='lat' dir='ltr'>cst.</span> <span class='ocrx_word' id='word_1_262' title='bbox 977 3251 1048 3305; x_wconf 77' lang='lat' dir='ltr'>Daue</span> <span class='ocrx_word' id='word_1_263' title='bbox 1062 3256 1135 3307; x_wconf 88' lang='lat' dir='ltr'>euim</span> 
     </span>
     <span class='ocr_line' id='line_1_37' title="bbox 54 3326 1134 3390; baseline 0.002 -13"><span class='ocrx_word' id='word_1_264' title='bbox 54 3328 147 3390; x_wconf 79' lang='lat' dir='ltr'>ipsam</span> <span class='ocrx_word' id='word_1_265' title='bbox 167 3327 308 3375; x_wconf 85' lang='lat' dir='ltr'>constituit</span> <span class='ocrx_word' id='word_1_266' title='bbox 326 3334 391 3375; x_wconf 75' lang='lat' dir='ltr'>sare</span> <span class='ocrx_word' id='word_1_267' title='bbox 409 3327 580 3376; x_wconf 78' lang='lat' dir='ltr'>revelationis</span> <span class='ocrx_word' id='word_1_268' title='bbox 599 3326 748 3383; x_wconf 83' lang='lat' dir='ltr'>custodem,</span> <span class='ocrx_word' id='word_1_269' title='bbox 769 3327 935 3389; x_wconf 78' lang='lat' dir='ltr'>magistram,</span> <span class='ocrx_word' id='word_1_270' title='bbox 950 3330 977 3377; x_wconf 86' lang='lat' dir='ltr'>ot</span> <span class='ocrx_word' id='word_1_271' title='bbox 989 3327 1134 3389; x_wconf 63' lang='lat' dir='ltr'>Vindicem,</span> 
     </span>
     <span class='ocr_line' id='line_1_38' title="bbox 54 3398 1132 3462; baseline 0.005 -16"><span class='ocrx_word' id='word_1_272' title='bbox 54 3402 213 3462; x_wconf 60' lang='lat' dir='ltr'>tupiterque</span> <span class='ocrx_word' id='word_1_273' title='bbox 232 3398 256 3447; x_wconf 85' lang='lat' dir='ltr'>ei</span> <span class='ocrx_word' id='word_1_274' title='bbox 276 3398 396 3454; x_wconf 63' lang='lat' dir='ltr'>assultu</span> <span class='ocrx_word' id='word_1_275' title='bbox 417 3405 580 3461; x_wconf 86' lang='lat' dir='ltr'>quapropter</span> <span class='ocrx_word' id='word_1_276' title='bbox 604 3401 626 3449; x_wconf 83' lang='lat' dir='ltr'>ci</span> <span class='ocrx_word' id='word_1_277' title='bbox 653 3404 775 3455; x_wconf 85' lang='lat' dir='ltr'>erraret,</span> <span class='ocrx_word' id='word_1_278' title='bbox 803 3398 845 3448; x_wconf 81' lang='lat' dir='ltr'>rel</span> <span class='ocrx_word' id='word_1_279' title='bbox 870 3399 1004 3462; x_wconf 86' lang='lat' dir='ltr'>deciperet</span> <span class='ocrx_word' id='word_1_280' title='bbox 1029 3403 1055 3449; x_wconf 86' lang='lat' dir='ltr'>tn</span> <span class='ocrx_word' id='word_1_281' title='bbox 1081 3403 1132 3460; x_wconf 85' lang='lat' dir='ltr'>his,</span> 
     </span>
    </p>
   </div>
   <div class='ocr_carea' id='block_1_7' title="bbox 52 3469 1136 3535">
    <p class='ocr_par' dir='ltr' id='par_1_10' title="bbox 52 3469 1136 3535">
     <span class='ocr_line' id='line_1_39' title="bbox 52 3469 1136 3535; baseline 0.002 -14"><span class='ocrx_word' id='word_1_282' title='bbox 52 3486 127 3534; x_wconf 77' lang='lat' dir='ltr'>quae</span> <span class='ocrx_word' id='word_1_283' title='bbox 148 3472 183 3521; x_wconf 75' lang='lat' dir='ltr'>cd</span> <span class='ocrx_word' id='word_1_284' title='bbox 203 3470 299 3530; x_wconf 84' lang='lat' dir='ltr'>tidem,</span> <span class='ocrx_word' id='word_1_285' title='bbox 320 3484 460 3534; x_wconf 83' lang='lat' dir='ltr'>moresque</span> <span class='ocrx_word' id='word_1_286' title='bbox 481 3472 635 3534; x_wconf 82' lang='lat' dir='ltr'>pertinent,</span> <span class='ocrx_word' id='word_1_287' title='bbox 656 3472 710 3535; x_wconf 87' lang='lat' dir='ltr'>lpse</span> <span class='ocrx_word' id='word_1_288' title='bbox 732 3469 801 3521; x_wconf 82' lang='lat' dir='ltr'>Deus</span> <span class='ocrx_word' id='word_1_289' title='bbox 820 3470 896 3527; x_wconf 80' lang='lat' dir='ltr'>salli,</span> <span class='ocrx_word' id='word_1_290' title='bbox 917 3478 963 3522; x_wconf 84' lang='lat' dir='ltr'>aut</span> <span class='ocrx_word' id='word_1_291' title='bbox 983 3471 1076 3525; x_wconf 79' lang='lat' dir='ltr'>tallere</span> <span class='ocrx_word' id='word_1_292' title='bbox 1096 3476 1136 3523; x_wconf 84' lang='lat' dir='ltr'>di-</span> 
     </span>
    </p>
   </div>
   <div class='ocr_carea' id='block_1_8' title="bbox 53 3544 1131 3825">
    <p class='ocr_par' dir='ltr' id='par_1_11' title="bbox 53 3544 1131 3825">
     <span class='ocr_line' id='line_1_40' title="bbox 53 3544 261 3593; baseline -0.01 0"><span class='ocrx_word' id='word_1_293' title='bbox 53 3544 161 3593; x_wconf 83' lang='lat' dir='ltr'>eeadus</span> <span class='ocrx_word' id='word_1_294' title='bbox 180 3547 261 3592; x_wconf 82' lang='lat' dir='ltr'>esset.</span> 
     </span>
     <span class='ocr_line' id='line_1_41' title="bbox 91 3612 1131 3680; baseline 0.002 -16"><span class='ocrx_word' id='word_1_295' title='bbox 91 3617 106 3650; x_wconf 68' lang='lat'><em>²</em></span> <span class='ocrx_word' id='word_1_296' title='bbox 126 3618 178 3677; x_wconf 86' lang='lat' dir='ltr'>Op.</span> <span class='ocrx_word' id='word_1_297' title='bbox 201 3618 258 3671; x_wconf 66' lang='lat' dir='ltr'>ctt„</span> <span class='ocrx_word' id='word_1_298' title='bbox 280 3615 324 3663; x_wconf 86' lang='lat' dir='ltr'>tib.</span> <span class='ocrx_word' id='word_1_299' title='bbox 346 3612 393 3671; x_wconf 76' lang='grc' dir='ltr'>Ν,</span> <span class='ocrx_word' id='word_1_300' title='bbox 414 3630 439 3665; x_wconf 87' lang='lat' dir='ltr'>c.</span> <span class='ocrx_word' id='word_1_301' title='bbox 464 3616 507 3672; x_wconf 82' lang='lat'>15.</span> <span class='ocrx_word' id='word_1_302' title='bbox 529 3618 544 3677; x_wconf 78' lang='lat' dir='ltr'>S</span> <span class='ocrx_word' id='word_1_303' title='bbox 563 3616 653 3665; x_wconf 78' lang='lat' dir='ltr'>l.-³</span> <span class='ocrx_word' id='word_1_304' title='bbox 676 3618 745 3668; x_wconf 78' lang='lat' dir='ltr'>Artis</span> <span class='ocrx_word' id='word_1_305' title='bbox 758 3618 923 3680; x_wconf 75' lang='lat' dir='ltr'>lupico-crit,</span> <span class='ocrx_word' id='word_1_306' title='bbox 939 3618 984 3667; x_wconf 89' lang='lat' dir='ltr'>lib.</span> <span class='ocrx_word' id='word_1_307' title='bbox 1001 3615 1047 3675; x_wconf 85' lang='lat' dir='ltr'>tv.</span> <span class='ocrx_word' id='word_1_308' title='bbox 1063 3634 1088 3668; x_wconf 93' lang='lat' dir='ltr'>c.</span> <span class='ocrx_word' id='word_1_309' title='bbox 1106 3618 1131 3666; x_wconf 73' lang='lat' dir='ltr'>d.</span> 
     </span>
     <span class='ocr_line' id='line_1_42' title="bbox 93 3686 1060 3755; baseline 0.002 -18"><span class='ocrx_word' id='word_1_310' title='bbox 93 3686 105 3723; x_wconf 73' lang='lat'><strong>⁴</strong></span> <span class='ocrx_word' id='word_1_311' title='bbox 126 3688 219 3738; x_wconf 76' lang='lat' dir='ltr'>Erratr</span> <span class='ocrx_word' id='word_1_312' title='bbox 235 3687 301 3750; x_wconf 82' lang='lat' dir='ltr'>plut.</span> <span class='ocrx_word' id='word_1_313' title='bbox 321 3702 367 3735; x_wconf 84' lang='lat' dir='ltr'>rur</span> <span class='ocrx_word' id='word_1_314' title='bbox 386 3690 424 3738; x_wconf 80' lang='lat' dir='ltr'>lar</span> <span class='ocrx_word' id='word_1_315' title='bbox 440 3688 617 3751; x_wconf 81' lang='lat' dir='ltr'>probabilite&#39;r,</span> <span class='ocrx_word' id='word_1_316' title='bbox 638 3690 682 3740; x_wconf 85' lang='lat' dir='ltr'>ed.</span> <span class='ocrx_word' id='word_1_317' title='bbox 703 3690 730 3751; x_wconf 83' lang='lat'>3,</span> <span class='ocrx_word' id='word_1_318' title='bbox 752 3704 779 3755; x_wconf 90' lang='lat' dir='ltr'>p.</span> <span class='ocrx_word' id='word_1_319' title='bbox 802 3688 864 3750; x_wconf 72' lang='lat' dir='ltr'>tau,</span> <span class='ocrx_word' id='word_1_320' title='bbox 885 3687 958 3741; x_wconf 87' lang='lat' dir='ltr'>l‘arls</span> <span class='ocrx_word' id='word_1_321' title='bbox 981 3690 1060 3739; x_wconf 76' lang='lat' dir='ltr'>tato.</span> 
     </span>
     <span class='ocr_line' id='line_1_43' title="bbox 132 3753 1025 3825; baseline 0.003 -18"><span class='ocrx_word' id='word_1_322' title='bbox 132 3757 243 3807; x_wconf 78' lang='lat' dir='ltr'>Putuos.</span> <span class='ocrx_word' id='word_1_323' title='bbox 255 3753 365 3809; x_wconf 79' lang='lat' dir='ltr'>Cuatsr.</span> <span class='ocrx_word' id='word_1_324' title='bbox 377 3763 517 3825; x_wconf 67' lang='lat' dir='ltr'>compend.</span> <span class='ocrx_word' id='word_1_325' title='bbox 534 3760 554 3814; x_wconf 89' lang='lat' dir='ltr'>l.</span> <span class='ocrx_word' id='word_1_326' title='bbox 975 3761 1025 3810; x_wconf 62' lang='lat' dir='ltr'>lli</span> 
     </span>
    </p>
   </div>
   <div class='ocr_carea' id='block_1_9' title="bbox 0 0 1242 3909">
    <p class='ocr_par' dir='ltr' id='par_1_12' title="bbox 0 0 1242 3909">
     <span class='ocr_line' id='line_1_44' title="bbox 0 0 1242 3909; baseline 0 2"><span class='ocrx_word' id='word_1_327' title='bbox 0 0 1242 3909; x_wconf 95' lang='lat' dir='ltr'> </span> 
     </span>
    </p>
   </div>
  </div>
 </body>
</html>
