2475 3909
140 204 206 295 tic,
515 206 743 256 ornamentis

99 304 277 376 adveniret,
300 299 371 364 eius
394 304 505 359 natura
528 299 719 363 centaretum
735 294 784 350 ast
810 281 842 346 id
865 280 935 346 fieri
959 299 1022 342 non
1043 285 1162 374 potest,

99 389 189 474 quia,
213 396 249 450 ut
271 382 349 448 aiibi
373 373 660 447 demonstrabitur,
675 379 828 443 naturae,
844 367 912 428 sive
933 371 1092 426 essentiae
1116 378 1166 422 re-

100 493 173 536 rum
197 477 271 534 sunt
294 459 521 529 immutabiles.

306 601 373 654 Aac.
396 595 528 650 iv.-1›e
548 596 637 648 modo.
656 607 709 657 quo
728 596 804 641 actos
823 586 961 653 sentiendi,

403 673 458 722 sira
476 670 590 733 cognitio
610 667 732 718 sensitiva
753 661 867 712 efficitur

143 799 194 891 t'pd.
221 796 323 940 Proap.¹
345 789 389 854 1⁸.
414 789 487 854 Non
507 797 601 872 potest
624 783 755 849 semotio
769 777 874 842 interi
889 777 953 839 sine
968 791 1081 854 arpano
1092 789 1170 854 pra-

100 897 373 1025 prprgpppprr.1o
394 953 530 1020 Obiecta
553 949 680 1017 sensilia
707 953 783 1011 sunt
804 958 952 1026 corpora.
977 935 1077 1021 Atqui
1099 953 1173 998 cor-

105 1064 184 1129 pora
208 1050 375 1128 nequeunt
389 1039 515 1104 afficere
538 1034 693 1106 animam,
708 1028 771 1092 nisi
794 1039 998 1110 percorpus,
1013 1015 1099 1102 quod
1114 1015 1172 1080 iiia

106 1129 314 1191 coniunctum
337 1123 401 1188 sibi
423 1121 526 1186 habet.
551 1117 639 1200 Ergo
661 1107 871 1176 uthabeatur
892 1100 1055 1177 sensatio,
1078 1119 1173 1184 orga-

106 1229 186 1273 num
208 1227 402 1293 corporeum
429 1198 662 1288 expostulatur.
685 1193 725 1258 2⁰.
742 1192 873 1275 Organa
894 1183 1037 1250 sensoria
1065 1180 1175 1246 direr-

107 1312 175 1356 sam
196 1291 313 1356 habent
334 1298 528 1354 structuram
547 1331 555 1358 ,
571 1290 608 1345 ut
629 1279 756 1343 animae
770 1268 948 1338 inserviant
964 1263 1005 1329 ad
1026 1262 1175 1327 diversas

107 1371 317 1460 excipiendas
349 1371 555 1436 sensationes.
579 1365 668 1448 Ergo
694 1375 824 1423 necesse
845 1365 894 1418 est
914 1349 1034 1432 cuique
1066 1364 1175 1410 sensa-

91 1458 235 1521 'tionum
255 1454 377 1540 speciei
398 1449 571 1539 proprium
592 1462 751 1528 organum
773 1433 912 1522 speciale
934 1449 1003 1494 esse
1025 1429 1048 1489 ¹.

149 1538 199 1602 55.
222 1538 320 1622 Prop.
343 1534 390 1600 2¹¹.
416 1530 558 1616 Cognitis
572 1527 720 1592 sensitiva
739 1523 775 1615 fit
796 1537 852 1603 per
866 1513 990 1597 species,
1009 1512 1071 1573 sire
1095 1515 1178 1572 ima-

111 1623 196 1703 gines
215 1618 491 1704 repraesentativus
512 1631 619 1676 reram
641 1603 815 1671 seneticam.

151 1701 309 1767 Probatur
330 1709 441 1764 contra
463 1692 618 1760 Reidinm
632 1693 658 1768 ²,
674 1699 707 1756 ei
722 1685 789 1749 fere
811 1698 923 1746 omnes
944 1684 1088 1741 recentes
1103 1671 1177 1757 phi-

108 1785 270 1871 losophos.
294 1783 340 1850 Ga
386 1783 446 1846 itio
468 1790 515 1845 est
547 1774 632 1840 actio
654 1778 845 1840 immanens,
868 1762 936 1827 sire
959 1757 1069 1834 actio,
1091 1774 1179 1838 quae

112 1869 287 1933 terminum
309 1866 349 1932 ha
373 1875 404 1931 et
424 1864 458 1928 in
481 1861 553 1947 ipso
574 1855 720 1921 subiecto
741 1856 965 1935 cognoscente,
981 1840 1058 1925 quia
1081 1832 1181 1923 perfi-

111 1952 156 2018 cit
178 1972 241 2015 non
263 1948 439 2024 obiectum,
463 1938 550 2030 quod
564 1936 782 2024 cognoscitur,
797 1929 852 1994 sed
874 1925 1070 1996 subiectum,
1089 1916 1181 2004 quod

114 2034 289 2119 cognoscit.
312 2033 363 2096 Ex
394 2049 460 2115 quo
493 2022 702 2118 consequitur
729 2013 949 2103 cognitionem
979 2000 1092 2070 haberi
1113 2020 1179 2065 non

113 2135 219 2200 posse,
242 2116 305 2180 nisi
329 2112 492 2178 obiectum
514 2116 679 2190 cognitum
701 2121 776 2165 cum
798 2093 951 2160 facultate
966 2093 1180 2171 cognoscente

476 2266 802 2286 W

154 2383 161 2418 ¹
183 2376 221 2431 Ex
240 2379 291 2428 hoe
310 2374 389 2426 facite
415 2366 574 2434 perspicitur
597 2362 751 2411 abnormem
777 2371 834 2408 esse
858 2361 1017 2409 senteutiam
1044 2360 1183 2411 faistai-mn

115 2453 284 2518 magnetismi
304 2446 447 2499 animatis.
470 2440 515 2505 qui
535 2433 695 2501 pertendunt
718 2434 744 2482 in
769 2445 862 2482 somno
888 2434 1038 2496 magnetica
1062 2436 1186 2484 animam

115 2529 205 2579 videre
225 2538 277 2575 non
297 2535 343 2585 per
362 2516 465 2573 ocuios,
485 2512 529 2562 sed
550 2507 680 2574 peratiae
699 2509 788 2568 partes
806 2505 935 2566 corporis,
948 2507 990 2556 rei
1004 2506 1066 2570 quis
1086 2519 1185 2557 novam

116 2603 274 2652 inanitatem
293 2596 420 2645 trientem
441 2590 466 2637 in
486 2597 514 2636 se
533 2581 653 2638 aseivit,
675 2591 744 2640 quae
764 2580 819 2628 sine
839 2579 918 2627 uitina
942 2579 1034 2641 organi
1060 2584 1185 2642 corporei

117 2686 167 2737 cpe
188 2672 269 2728 ridet,
291 2669 331 2720 rei
350 2665 412 2730 quia
433 2662 471 2711 ris
491 2655 592 2708 ridendi
613 2655 640 2702 in
658 2651 737 2701 aiinm
751 2652 870 2712 corporis
889 2655 992 2713 partem
1011 2651 1186 2702 transfertur,

117 2745 186 2797 Saue
205 2744 321 2807 primum
341 2735 484 2790 absurdum
497 2743 553 2780 esse
568 2732 640 2790 patet
655 2730 711 2773 tum
725 2737 756 2772 cx
769 2736 801 2772 eo
814 2723 895 2786 quod,
910 2726 939 2772 ni
952 2724 1005 2772 iam
1019 2723 1191 2775 demonstra.

117 2822 225 2875 rimus,
246 2815 388 2864 fatuitates
407 2811 518 2858 intentes
538 2803 563 2851 in
583 2799 671 2849 anima
690 2808 747 2845 csse
766 2799 911 2858 nequeunt,
932 2797 989 2845 tum
1009 2807 1041 2846 er
1060 2809 1093 2846 eo
1111 2800 1191 2860 quon

117 2893 248 2952 repugnat
267 2887 383 2936 animam
402 2879 491 2930 ridere
512 2887 557 2939 per
575 2871 641 2922 alias
660 2873 747 2932 partes
762 2870 891 2930 carparis,
906 2871 970 2931 quin
984 2869 1034 2917 har
1048 2869 1191 2933 quidpiam

117 2963 151 3011 :ni
171 2963 298 3010 visionem
318 2955 465 3008 conferant.
482 2945 554 3013 Quod
574 2949 665 2994 sutrin
683 2942 716 2991 ad
735 2941 851 2991 aiterum
865 2943 979 3003 spectat,
992 2941 1015 2991 st
1028 2944 1067 2992 vta
1080 2941 1190 2993 ,spondi

116 3038 145 3086 in
165 3035 246 3084 eiiam
264 3036 367 3096 partam
387 3024 505 3087 corporis
525 3015 724 3073 transferretur,
745 3013 811 3064 isac
831 3026 892 3076 pare
912 3017 1074 3064 structuram
1093 3016 1192 3064 ocnio-

118 3122 178 3158 riam
198 3107 360 3170 adquireret.
381 3097 428 3149 Ast
446 3096 472 3145 id
491 3089 681 3146 observationi,
702 3091 729 3136 et
748 3087 842 3137 rationi
862 3093 1002 3150 repugnat.
1016 3085 1083 3138 Nam
1096 3088 1194 3138 obscr-

118 3183 190 3232 vatio
210 3178 347 3244 patefacit,
367 3185 430 3223 cum
449 3170 501 3217 rim
522 3163 625 3214 ridendi
644 3160 678 3209 ab
696 3160 783 3210 ocutis
801 3161 829 3208 in
847 3159 927 3208 aliam
947 3165 1049 3222 partem
1067 3163 1193 3224 corporis

117 3251 302 3306 Iiicsman'stae
321 3243 457 3300 transferri
476 3240 578 3290 dieunt.
595 3233 709 3298 partium
723 3238 886 3282 structuram
905 3233 1016 3282 minime
1034 3234 1145 3292 mutari,
1161 3243 1195 3284 et

118 3330 189 3377 ratio
206 3327 304 3376 evincit
323 3323 392 3373 hauc
411 3314 585 3366 mutationem
606 3320 658 3356 non
678 3318 754 3367 posse
772 3305 841 3362 fieri,
855 3305 917 3367 qnia
937 3305 981 3354 iiia
1002 3311 1143 3355 structura
1169 3322 1189 3358 a

117 3407 243 3453 umorem
262 3397 376 3459 corporis
395 3383 589 3443 humantdun
602 3391 700 3440 corpus
719 3377 866 3427 humanum
885 3382 936 3435 est,
956 3379 1195 3440 pertinetmtura

120 3480 210 3523 autem
229 3471 347 3535 corporis
365 3461 474 3517 humani
495 3453 591 3506 mutari
612 3464 665 3500 non
685 3455 781 3513 potest.
802 3447 892 3500 ifnitn
910 3451 1014 3513 egregia
1034 3451 1067 3501 de
1085 3450 1137 3500 nnc
1157 3467 1190 3502 re

119 3546 210 3596 ridere
229 3546 291 3594 iicet
305 3544 330 3592 in
344 3532 503 3593 libris,Suiia
516 3540 595 3578 cama
607 3525 645 3600 de’
656 3523 785 3585 feramen
796 3524 949 3581 marmensi,
963 3517 1091 3588 [tergam
1106 3524 1195 3588 idid,

122 3615 222 3678 Caroii,
243 3617 292 3670 Dei
312 3613 479 3678 iiapnetisma
497 3598 610 3652 animate
628 3601 682 3647 cic.
707 3593 801 3659 Nepoti
823 3595 904 3646 1859,

157 3690 340 3744 ²1tecierrires
359 3700 404 3736 sar
424 3682 439 3730 i'
452 3676 553 3730 entend.
574 3673 657 3728 ium„
678 3682 703 3718 c.
723 3666 752 3717 2.
