2475 3909
445 161 720 210 anrnaonocuusa
1019 138 1081 207 eat

58 246 127 314 riae
141 243 398 334 proprietatibus
419 243 621 340 adversatum
644 251 843 330 quapropter
857 240 886 306 si
901 244 1035 339 materia
1051 264 1128 328 pos-

58 331 293 478 qqqrqqgitare,
321 348 362 393 cx
388 324 646 412 proprietatibus
672 346 781 389 secum
809 322 1028 410 pugnantibus
1048 347 1124 393 cou-

231 554 298 607 dar.
319 552 364 608 Vl.
378 580 412 591 -
426 550 463 604 us
482 556 588 606 animae
607 555 741 604 bumanae
760 552 950 617 spiritualitate
1066 556 1071 565 '

106 662 176 728 15l.
199 660 352 725 Animam
365 660 539 725 humanam
554 680 619 724 uon
634 678 702 724 csse
726 656 851 743 aliquid
867 668 1054 737 extensum
1069 662 1125 728 sed

59 745 96 810 in
114 763 179 808 una
200 741 353 827 simplici,
376 751 410 806 et
429 739 626 806 indivisibili
649 739 794 806 realitate
817 742 992 807 consistere
1014 754 1126 809 contra

58 844 174 891 ornnes
195 822 481 888 materialistarum
496 822 613 887 classes
627 822 927 889 demonstravimus.
945 824 988 886 Aa
1001 822 1127 909 aliquid

58 905 205 971 nobilius
227 906 289 989 ipsi
311 912 360 969 est
380 902 604 980 tribuendum
624 904 685 969 etsi
708 904 796 969 enim
818 924 937 990 corpus
959 902 1126 983 informet,

59 999 167 1055 tamen
189 984 375 1051 huiusmodi
400 998 470 1061 est,
493 996 531 1050 ut
550 1008 570 1050 a
591 1004 727 1071 corpore
750 985 834 1050 baud
858 983 1016 1069 pendeat3
1040 987 1126 1053 unde

61 1089 128 1133 non
151 1066 255 1132 solum
277 1067 427 1152 simplex,
450 1068 506 1133 sed
527 1068 628 1134 etiam
648 1068 828 1151 spiritualis
850 1067 1043 1154 appellatur.

102 1150 172 1215 155.
196 1150 293 1235 Prop.
318 1151 432 1213 Anima
452 1149 590 1212 bumana
610 1160 654 1213 est
676 1149 869 1231 spiritualis.

101 1230 273 1296 Probatur.
297 1231 512 1316 Operationes
538 1232 691 1317 propriae
712 1231 840 1295 animae
862 1230 1046 1307 humanae,
1068 1250 1127 1297 eae

58 1332 195 1397 nempe,
216 1333 300 1397 quac
327 1311 368 1375 ad
394 1312 611 1387 intellectum,
633 1322 666 1378 ct
687 1309 727 1375 ad
749 1310 946 1377 voluntatem
969 1322 1127 1397 spectant,

57 1394 132 1459 sine
154 1395 284 1479 organis
315 1394 462 1478 corporis
489 1403 703 1469 aucmentum
731 1412 769 1457 ac
813 1390 928 1458 roinde
950 1414 969 1457 a
991 1395 1127 1460 materia

57 1496 128 1539 non
149 1474 300 1560 pendent.
323 1476 422 1559 Atqui
450 1476 600 1540 similiter
625 1495 765 1561 unnmqn
805 1495 861 1621 que
887 1472 973 1539 babet
994 1494 1078 1551 esse,
1099 1488 1127 1539 et

58 1560 277 1641 operationem.
293 1558 382 1640 Ergo
396 1577 458 1621 case
479 1558 606 1621 animae
626 1557 785 1622 humanae
831 1556 994 1622 eiusmodi
1015 1567 1075 1635 est,
1092 1567 1129 1623 ut

59 1640 233 1786 ‘qmatcria
254 1660 318 1702 non
340 1636 491 1721 pendeat,
511 1659 549 1702 ac
571 1637 707 1725 proinde
730 1639 799 1723 ipsa
821 1638 997 1725 spiritualis
1017 1637 1130 1704 diceu-

84 1742 103 1785 a
125 1730 183 1786 cst.
669 1766 673 1777 .

104 1802 173 1867 156.
189 1801 239 1866 Ad
254 1801 384 1865 maioris
399 1802 569 1867 veritatem
585 1800 848 1948 qserspiciendam
863 1802 941 1867 satis
960 1811 1007 1867 est
1022 1813 1126 1867 mente

578 1882 669 1965 'oqio
697 1884 882 1949 statuimus.
905 1884 986 1949 Saue
1014 1902 1130 1967 opera-

60 1968 167 2032 tiones
187 1967 393 2051 cognitrrces,
407 1985 492 2050 quae
514 1964 682 2050 corporcis
704 1964 835 2047 organis
857 1964 1015 2051 indigent,
1039 1964 1080 2029 ad
1095 1987 1129 2030 a·

61 2047 178 2135 liquod
200 2068 302 2134 genus
322 2066 434 2111 rerum
456 2046 677 2111 materialium
707 2045 954 2133 percipiendum
975 2047 1130 2113 determi-

58 2140 193 2195 nantur:
209 2150 315 2213 neque
337 2125 438 2203 aliud,
453 2126 517 2192 nisi
537 2125 625 2213 quod
648 2127 816 2191 materiale
836 2138 895 2206 est,
911 2139 1009 2215 atque
1032 2139 1130 2213 prout

60 2209 305 2278 conditionibus
318 2208 543 2276 materialibus
557 2207 783 2292 adstringitur,
799 2207 1041 2295 apprehendere
1056 2229 1130 2357 qus·

59 2305 151 2370 sunt;
166 2291 252 2359 unde
266 2291 433 2357 obiectum
455 2290 586 2356 illarum
607 2291 778 2376 proprium
802 2310 866 2355 non
888 2292 950 2357 nisi
964 2293 1058 2379 singu
1072 2313 1129 2358 are

59 2395 134 2442 esse
157 2385 286 2471 potest:
313 2393 413 2459 super
439 2374 561 2458 scipsas
586 2371 727 2468 denique
753 2375 898 2441 converti
920 2384 1084 2461 nequeunt
1103 2375 1127 2440 ⁴.

59 2462 166 2555 Atqsu
180 2458 387 2542 operationes
400 2454 625 2520 intellectriccs
646 2474 733 2519 unca
754 2452 923 2540 quodlibet
936 2478 1047 2523 rerum
1062 2476 1130 2521 ma·

59 2539 229 2606 tersalium
246 2557 347 2623 genus
367 2536 491 2605 uersari
514 2544 660 2621 possunt,
683 2556 801 2620 easque
823 2540 995 2621 counitione
1016 2539 1130 2602 imno

60 2620 182 2696 tericli,
195 2618 380 2697 universali,
403 2626 437 2683 et
457 2618 630 2683 neccssaria
652 2617 814 2703 attingunt
827 2620 853 2697 ¹;
878 2630 947 2687 tum
967 2641 1068 2706 super
1081 2640 1131 2683 sc-

58 2705 151 2788 ipsas
166 2700 377 2768 reflectuntur
391 2700 416 2775 ⁸3
432 2710 528 2783 atque
549 2698 588 2763 nd
610 2720 649 2763 ea
671 2720 704 2763 se
720 2701 904 2785 porrigunt,
919 2722 1003 2787 quae
1019 2722 1129 2768 rerum

58 2784 285 2851 materialium
299 2782 449 2848 ordinem
462 2780 649 2846 transiliunt
662 2781 688 2856 ⁴3
704 2781 951 2869 intellectusque
967 2785 1001 2850 in
1014 2804 1129 2850 eorum

59 2866 334 2953 contemplatione
354 2883 456 2949 quam
477 2863 622 2928 maxime
650 2861 831 2929 delectatur
845 2866 869 2943 5;
893 2878 1014 2952 utque,
1036 2884 1130 2933 secus

57 1883 205 1949 recolere
233 1904 271 1948 ea
290 1902 372 1978 quae
393 1883 427 1947 in
447 1883 583 1968 anuma

100 3100 110 3135 ¹
131 3090 468 3161 crepam.,c.1v,s.
491 3094 535 3153 ta,
556 3108 583 3157 p.
606 3092 720 3145 160-161
743 3096 796 3148 rol.
817 3093 838 3145 l.

99 3168 152 3227 ²l,
171 3182 200 3231 q.
221 3163 364 3225 lxxxiii,
383 3179 410 3215 a.
433 3167 445 3215 1
466 3167 499 3216 ad
519 3166 547 3225 1,
568 3162 605 3217 Gi
619 3169 750 3232 llpnum„
769 3167 822 3219 tou.
836 3169 884 3219 ctt.
898 3173 926 3219 at
938 3182 964 3220 a.
980 3168 1007 3229 3,
1023 3184 1048 3233 p.
1066 3169 1128 3221 135.

99 3238 167 3294 ³Ct
181 3241 256 3298 tota,
277 3254 304 3301 p.
327 3239 389 3289 tttl.

99 3311 111 3349 ⁶
130 3314 208 3371 ibid,
228 3327 256 3375 p.
271 3312 334 3361 160.
355 3308 422 3360 Hinc
441 3304 596 3360 Lactantius
609 3311 708 3360 aiebat:
726 3329 736 3356 s
752 3306 862 3362 Nullum
875 3318 915 3363 est
929 3314 1039 3370 animal,
1054 3325 1132 3375 prse-

58 3394 105 3438 ter
123 3384 269 3441 bominem,
284 3384 355 3449 quod
369 3382 465 3432 babeat
484 3383 606 3432 notitiam
624 3384 743 3446 aliquam
756 3380 813 3435 liei.
828 3382 905 3435 Solus
916 3386 988 3436 enim
1001 3384 1130 3447 sapientia

60 3461 210 3511 instructus
227 3462 287 3515 est,
308 3462 337 3506 ut
357 3454 512 3517 religionem
535 3456 607 3505 solus
633 3454 780 3518 intelligata
801 3461 828 3506 et
846 3456 914 3508 bace
937 3461 978 3508 est
1004 3456 1129 3513 bominis,

61 3536 146 3595 atqua
165 3528 302 3578 brutorum
323 3530 365 3579 rel
384 3526 540 3591 praecipua,
560 3528 603 3577 rel
624 3528 680 3578 sola
699 3528 822 3579 distantia
839 3547 863 3586 ι,
879 3531 918 3582 Da
931 3532 973 3581 iro
988 3532 1046 3590 Dei,
1060 3543 1087 3579 u.
1103 3530 1130 3578 l.

99 3594 168 3653 ³Cl
183 3614 205 3651 s.
225 3599 308 3665 Aug„
330 3602 369 3652 lis
387 3600 433 3651 tib.
453 3598 525 3659 urb,
546 3598 593 3650 lib.
613 3598 649 3661 ll,
669 3614 695 3651 c.
718 3602 762 3663 13,
781 3615 810 3653 n.
831 3600 877 3653 36.
