2475 3909
166 196 227 257 310
451 217 635 265 rusotnom
659 218 848 267 nervnstts
1227 264 1228 271 ,

126 288 323 352 creationem
346 295 471 370 mnndi,
495 320 569 363 cum
591 299 688 366 rebus
710 300 822 378 habet,
845 321 912 365 esse
934 300 1070 385 quidem
1095 302 1189 365 reales
1227 286 1228 289 ¹

127 371 160 430 in
174 376 355 463 creaturis,
378 377 432 441 sed
457 381 489 445 in
512 379 580 446 Deo
601 381 770 450 dumtaxat
790 384 917 467 topices,
939 403 997 447 seu
1017 385 1154 449 rationis
1168 388 1188 451 ¹;
1227 392 1228 399 ’

125 470 203 534 quia
219 452 319 531 Deus,
335 478 410 523 cum
431 483 482 527 res
504 475 604 541 creat,
619 464 700 529 nihil
725 468 807 532 entis
830 466 870 529 ab
893 466 974 549 ipsis
989 466 1125 551 accipit,
1141 469 1189 529 sed

126 532 223 627 rebus
247 534 382 621 largitur
408 544 568 629 quidquid
596 548 681 613 entis
702 549 734 613 in
760 550 839 632 ipsis
861 549 946 611 θεῖ’.
971 548 1059 612 Hinc
1081 548 1138 623 fit,
1161 566 1191 614 ul

126 634 217 698 ipsae
239 637 302 681 non
324 624 357 686 in
380 622 460 702 Deo,
476 626 531 692 sed
549 630 580 693 in
596 628 694 693 rebus
717 630 757 694 ab
781 633 828 696 Eo
850 628 1126 715 creatisaliquem
1142 656 1192 696 no
1227 616 1228 697 1

126 718 202 761 vum
225 702 355 766 modum
377 708 507 786 essendi,
529 730 587 774 seu
611 714 822 777 mutationem
845 712 1008 787 denotant,
1031 713 1077 777 ob
1098 734 1191 799 quern
1227 698 1228 789 1

125 780 165 842 de
185 779 255 845 Deo
281 783 347 850 dici
375 790 548 875 incipiunt.
571 816 588 854 ((
610 792 704 869 Quod
735 815 835 877 erge,
862 797 892 858 in
917 796 965 859 uit
987 816 1013 857 s.
1039 800 1191 881 Augusti·
1227 830 1228 839 ¹

125 883 203 940 nus,
227 869 449 952 temporaliter
470 871 535 938 dici
560 875 624 939 inci
653 878 676 939 it
700 872 788 939 Deus
802 924 809 951 ‚
833 814 918 962 (1001
943 887 1036 942 antea
1062 900 1128 943 non
1150 878 1191 942 di·
1227 908 1228 913 ¹

125 946 271 1023 celatur,
294 949 504 1019 manifestum
526 967 574 1021 est
596 898 728 1022 reXalive
751 958 842 1033 ‹lici3
866 980 929 1023 nou
953 971 1061 1023 tamen
1086 982 1191 1025 secun

125 1028 203 1092 dum
225 1031 371 1095 accidens
393 1035 472 1113 Dei,
495 1038 582 1123 quod
605 1040 645 1104 Ei
669 1040 793 1125 aliquid
818 1041 999 1105 acciderit.
1021 1042 1079 1106 sed
1105 1045 1191 1129 plane

125 1109 301 1261 sepunedutm
323 1116 471 1236 apcideus
492 1122 574 1198 eius,
597 1121 637 1184 ad
659 1122 744 1208 quod
767 1122 831 1186 dici
855 1122 978 1209 aliquid
1003 1122 1098 1189 Deus
1120 1126 1191 1189 inci-

136 1218 158 1257 u
196 1213 212 1255 r
245 1215 330 1261 aive
374 1223 402 1263 n.

125 1218 135 1280 1
151 1277 237 1372 Ι1116.
262 1280 562 1350 immutabilitatem
577 1289 786 1383 consequitur
800 1286 977 1350 aeternitas.
996 1288 1067 1350 ianr
1084 1294 1190 1353 Aeter-

126 1371 259 1423 ntalem
282 1362 343 1426 Dei
366 1363 498 1431 Boetius
525 1368 569 1430 ila
591 1366 759 1433 definivit:
785 1394 800 1429 n
827 1367 1084 1433 interminabilis
1112 1373 1190 1436 silae

125 1457 191 1509 tola
213 1444 327 1522 simul,
350 1458 384 1513 et
407 1447 547 1533 perlecta
569 1452 730 1545 possessio
746 1452 758 1487 ⁸
777 1476 804 1513 n.
830 1449 957 1514 Dicitur
976 1455 1136 1534 possessio
1157 1454 1190 1515 ad

125 1528 356 1610 designandam
376 1530 447 1594 eius
469 1529 692 1607 stabilitatem
710 1532 787 1597 illud
812 1536 902 1597 enim
927 1531 1103 1616 possedere
1118 1536 1192 1598 dici·

126 1629 212 1683 mur,
227 1609 314 1694 quod
338 1610 485 1683 firmiter.
508 1624 541 1677 et
560 1615 670 1697 quiete
695 1613 906 1689 hebetasset
929 1634 946 1675 a
970 1635 1037 1699 quo
1062 1616 1194 1681 nullate

126 1714 186 1755 nus
206 1691 365 1759 dimoveri
390 1715 570 1780 possumus.
593 1695 759 1769 sabditos,
776 1708 838 1760 tole
860 1695 972 1769 simul,
998 1708 1034 1760 ut
1056 1702 1192 1763 aeterni·

125 1786 172 1840 las
194 1798 212 1839 a
234 1778 347 1862 quavis
368 1775 537 1842 duratione
560 1790 666 1842 creata
690 1778 917 1863 distinguatur,
941 1798 1085 1862 quarum
1109 1782 1192 1844 nulla

125 1870 190 1922 tola
204 1860 302 1925 simul
324 1870 382 1936 est,
406 1857 462 1923 sed
484 1863 721 1924 successionem
741 1860 936 1947 espaostulat.
960 1859 1109 1925 Additur
1125 1883 1194 1945 per-

122 1940 212 2022 fecte,
235 1941 275 2006 ad
295 1939 534 2007 excludendum
547 1963 629 2005 nene
651 1944 811 2029 temporis,
826 1942 912 2026 quod
928 1942 1004 2007 licet
1025 1943 1069 2008 sit
1093 1956 1193 2008 totum
1227 2010 1228 2017 χ

124 2023 233 2101 simui,
255 2035 287 2090 et
309 2023 454 2110 partibus
476 2035 600 2097 careal,
619 2035 724 2089 tamen
748 2046 809 2087 non
831 2036 879 2089 est
900 2022 1045 2088 absolute
1070 2023 1193 2111 aliquid

125 2106 316 2193 perlectum,
334 2126 391 2169 nec
406 2106 438 2167 in
452 2127 491 2169 eo
506 2126 556 2169 res
570 2105 678 2191 aliqua
696 2107 835 2193 perfecte
853 2104 1046 2191 possidetur.
1066 2106 1194 2173 Dicitur

124 2210 199 2254 vero
214 2191 388 2254 aeternitas
403 2188 561 2272 possessio
577 2191 674 2265 vitae,
692 2190 911 2274 potiusquam
927 2209 1001 2259 esse,
1016 2190 1101 2272 quia
1117 2216 1135 2249 e
1152 2192 1192 2251 ri-

124 2294 211 2348 vere,
227 2280 264 2336 ut
285 2270 324 2335 ad
347 2270 428 2335 hanc
450 2291 518 2334 rem
541 2269 681 2337 advertit
695 2292 721 2334 s.
738 2271 886 2346 Thomas,
903 2290 935 2333 se
951 2270 1193 2357 extenditque

160 2490 167 2523 t
191 2508 200 2530 ι
224 2484 358 2549 Dependet
376 2490 499 2535 creatura
518 2500 533 2535 a
553 2480 689 2541 Creatorc.
714 2490 741 2535 el
760 2498 810 2533 noe
830 2498 845 2533 e
865 2498 1004 2541 censerem
1026 2486 1192 2551 ((0100οτ-
1227 2484 1228 2497 ¹

123 2567 170 2618 tel,
191 2560 261 2623 qirod
281 2560 386 2616 relatio,
406 2572 456 2621 qua
478 2563 600 2607 creatura
621 2558 652 2606 ad
674 2552 827 2607 Creatorem
843 2557 966 2613 retertur,
986 2558 1021 2607 sit
1042 2560 1138 2617 realis;
1154 2562 1192 2611 sed

125 2634 149 2681 in
170 2629 222 2681 Deo
240 2636 287 2681 esl'
300 2632 393 2681 relatio
412 2630 558 2680 secundum
575 2632 705 2679 rationem
725 2634 828 2679 tantum
846 2650 855 2673 ι
872 2626 933 2697 (Qu.
948 2632 1049 2695 dispp.¹
1069 2636 1109 2683 De
1125 2636 1190 2687 Pe..
1227 2626 1228 2645 ¹

123 2720 150 2766 q.
167 2702 211 2758 tll.
226 2718 252 2753 a.
268 2700 347 2770 3c.);
361 2704 473 2759 scilieet,
491 2724 500 2745 ·
519 2704 544 2751 in
557 2707 685 2766 quaestum
699 2702 848 2751 intellectus
868 2706 957 2751 noster
975 2705 1077 2764 accipit
1100 2703 1191 2759 Deum

123 2784 151 2826 ul
166 2779 306 2825 terminum
320 2778 476 2825 relationum
491 2781 675 2824 creaturarum
690 2776 722 2823 ad
737 2777 822 2837 ipsum
835 2794 858 2831 η
869 2776 945 2831 toul„
961 2773 1063 2837 (1.1111,
1079 2792 1108 2826 a.
1123 2780 1153 2827 ll
1169 2792 1191 2825 c.
1227 2784 1228 2833 i

158 2847 170 2884 ²
190 2844 224 2898 111
241 2863 266 2912 p.
288 2848 352 2897 328.
1227 2878 1228 2902 l

158 2922 171 2957 ⁸
191 2924 229 2971 De
248 2923 332 2978 Trio„
353 2918 448 2977 (11.1,
468 2935 493 2970 0.
511 2920 554 2976 111,
568 2934 596 2969 n.
614 2918 657 2968 ll.
676 2912 711 2969 Gi
727 2932 748 2969 s.
765 2915 871 2973 Thone„
886 2922 934 2983 Qq.
950 2920 1048 2981 dispp„
1067 2922 1110 2972 De
1124 2924 1192 2973 Pet..

122 3009 149 3058 q.
166 2992 236 3052 vltt,
250 3008 277 3045 a.
292 2994 308 3042 ⁸
322 2994 354 3042 ad
368 2994 394 3042 e.
411 2986 481 3042 Care
501 2998 589 3040 lamen
608 3006 641 3041 ne
661 2992 720 3041 iude
740 2990 883 3042 concludas
903 2990 1073 3041 intellectum
1095 2994 1193 3057 aliquid

122 3081 230 3125 saneim,
250 3065 517 3125 commentitiamque
535 3066 583 3114 sibi
602 3063 711 3127 tingere,
732 3078 794 3114 eum
815 3064 955 3113 relationes
976 3061 1096 3124 Domini,
1117 3062 1193 3119 Crea-

123 3143 205 3198 loris,
225 3139 345 3201 aliaeque
364 3138 389 3187 id
409 3150 491 3201 mons
510 3140 536 3186 lu
557 3134 610 3185 Dee
631 3139 713 3197 ponit.
738 3134 802 3187 Nam
823 3140 944 3200 quamvls
965 3137 1027 3187 illae
1048 3140 1192 3189 relationes

123 3228 175 3261 reon
195 3212 340 3274 significent
357 3210 455 3273 aliquid
476 3211 546 3259 reale
566 3210 592 3257 iu
613 3206 676 3267 Deo,
692 3208 820 3274 perqnod
842 3208 899 3272 lpse
919 3208 951 3258 ad
973 3222 1015 3258 res
1033 3223 1048 3258 a
1071 3225 1100 3261 se
1121 3224 1191 3260 crea-

122 3289 163 3332 tas
182 3283 306 3340 retertur,
322 3288 412 3331 tamen
431 3276 567 3330 indubium
586 3286 627 3330 cst
648 3283 811 3332 intellectum
839 3286 895 3331 tum
915 3283 1017 3344 alique.
1032 3284 1072 3332 uti
1088 3298 1112 3334 s.
1128 3280 1191 3333 The·

123 3366 179 3401 mas
198 3352 242 3418 (In
261 3354 306 3402 111.
321 3354 334 3402 l
344 3354 425 3408 sent„
442 3350 506 3402 Dist.
521 3348 605 3409 XXX,
619 3366 647 3415 q.
664 3350 683 3411 l,
699 3368 724 3403 e.
740 3354 756 3404 3
771 3354 831 3410 (01,
846 3361 873 3403 et
887 3356 973 3404 Contr.
989 3356 1080 3413 Gens„
1096 3357 1143 3406 lio.
1160 3353 1189 3404 tl.

122 3436 148 3467 c.
171 3424 215 3488 lt)
234 3424 361 3479 advertit,
383 3426 408 3472 in
427 3422 481 3473 Dco
500 3425 663 3486 inlelligere.
684 3440 797 3489 qerorum
817 3427 901 3488 gratia
923 3428 981 3475 illas
999 3428 1148 3478 relationes
1167 3432 1189 3473 tn

124 3487 177 3537 Deo
196 3495 279 3553 ponit3
299 3497 355 3541 tum
373 3508 440 3552 esse,
460 3497 499 3543 ull
519 3511 542 3544 s.
557 3492 742 3547 lemannum
760 3494 805 3565 (ln
823 3500 867 3549 111.
885 3499 897 3547 1
915 3500 995 3552 Sent..
1017 3495 1089 3549 Dist.
1105 3496 1189 3551 XXX,

122 3572 148 3605 ³·
172 3561 197 3613 l.
216 3576 244 3623 q.
264 3564 281 3611 3
299 3566 334 3612 ed
351 3563 422 3632 erp.)
442 3569 554 3625 monuit,
569 3568 674 3630 aliquod
696 3572 767 3620 reale
786 3572 812 3619 iu
831 3570 909 3621 rebus
928 3570 1034 3628 crealis,
1056 3573 1104 3621 cui
1125 3572 1188 3621 reta·
1227 3632 1228 3635 Ἴ

123 3629 208 3677 tiones
225 3632 251 3677 ln
270 3630 324 3684 Dco
343 3637 507 3695 respondent.

159 3696 226 3748 '‘Dc
245 3704 358 3760 Censet,
380 3706 424 3753 lto.
447 3705 479 3766 V,
498 3719 544 3770 pre
566 3746 570 3757 .
592 3710 618 3759 o.
