2475 3909
9 3803 77 3846 hm

186 182 207 244 ²
336 182 339 191 '
575 210 796 261 inruonvcrro

146 296 396 368 cognoscuntur,
421 294 562 361 rationes
589 295 724 362 ultimae
751 308 920 363 vocantur.
949 298 1041 376 Quae
1067 320 1142 366 curu
1171 299 1226 368 ita

146 375 231 452 sint,
254 376 480 465 philosophia,
503 394 601 466 prout
621 385 718 451 hodie
745 389 929 473 accipitur,
957 388 1086 455 definiri
1111 404 1227 476 potest

147 466 207 531 hoc
229 469 335 535 modo:
359 474 512 554 Scientio,
535 498 611 563 quoe
632 480 698 562 cpit
720 479 755 542 dc
776 481 933 563 supremis
948 482 1124 567 principiis
1146 496 1225 549 tum

144 561 332 641 cognitionis
353 562 516 644 humanae,
540 578 606 630 tnnc
628 587 748 645 rerirm,
768 590 844 654 quoe
866 572 1004 635 hnmano
1024 575 1143 638 ratione
1167 599 1227 639 cn-

144 654 252 732 qnosci
274 666 405 737 possiunt
418 656 441 720 ¹.
469 656 527 723 llla
554 656 677 736 verba,
704 661 770 742 opit
797 659 832 724 dc
858 664 1014 745 supremis
1037 665 1227 747 principiis

144 745 330 825 cognitionis
352 746 515 825 hnmanae,
537 748 721 833 significant
742 749 980 835 philosophiam
994 751 1034 817 de
1050 753 1093 817 iis
1106 761 1225 822 omni-

144 833 205 899 hus
226 844 376 917 tractare,
398 861 482 925 quae
504 840 544 905 ad
567 842 786 926 cognitionem
806 841 991 920 humanam,
1014 856 1111 929 prout
1133 848 1222 913 haec

143 926 178 989 in
200 931 339 995 caeteris
361 933 507 997 scientiis
529 930 740 1016 assequendis
761 933 934 1009 evolvitur,
957 935 1129 1017 pertinent.
1147 938 1225 1003 Hu-

144 1017 288 1084 iusmodi
308 1033 383 1087 sunt
404 1022 502 1108 leges,
524 1022 646 1108 quihus
668 1044 757 1087 meus
779 1024 919 1088 humana
940 1027 1084 1090 actiones
1097 1047 1225 1113 coguo-

148 1111 257 1177 sccudi
279 1126 420 1193 exercet,
445 1116 627 1193 facultates,
642 1116 762 1200 quihus
785 1116 872 1200 ipsas
895 1117 1035 1200 peragit,
1051 1118 1113 1194 vis,
1127 1140 1221 1202 quae

144 1203 224 1286 ipsis
245 1204 285 1269 ad
306 1207 535 1273 certitudinem
557 1210 590 1273 in
613 1207 707 1271 nohis
723 1204 917 1290 gignendam
934 1210 1030 1283 inest,
1054 1219 1087 1273 ct
1108 1213 1223 1276 notio-

142 1316 198 1360 nes
220 1299 440 1377 universales,
464 1301 582 1385 quihus
603 1309 730 1366 ceterae
754 1298 911 1363 scientiae
934 1300 1129 1367 innituntur.
1152 1304 1219 1369 llla

142 1399 250 1453 autem
271 1390 392 1469 verba,
414 1413 497 1476 quae
525 1403 727 1476 sequuntur,
756 1412 873 1476 nempe
900 1393 964 1475 ogit
989 1392 1025 1456 dc
1054 1400 1219 1478 snprenais

103 1562 109 1571 Ι
139 1482 312 1566 principiis
333 1504 454 1559 rernm,
477 1482 630 1547 denotant
650 1481 888 1566 philosophiam
904 1493 1042 1550 tractare
1063 1486 1103 1550 de
1126 1486 1216 1566 Deo,

140 1572 181 1638 de
203 1574 324 1640 mundo
346 1577 498 1640 universe
525 1584 692 1659 spectato,
720 1583 753 1638 et
778 1571 818 1635 dc
846 1574 998 1650 homiue3
1027 1596 1102 1639 nam
1130 1576 1218 1643 hacc

139 1674 214 1729 sunt
234 1686 386 1749 suprema
411 1665 561 1743 obiecta,
590 1665 632 1729 ad
650 1669 741 1748 jquae
768 1666 969 1749 reliquarum
997 1670 1218 1735 scientiarum

139 1755 267 1826 obiecta
289 1760 492 1838 reseruntur,
516 1770 548 1825 ct
570 1759 645 1823 ideo
666 1757 830 1825 eiusmodi
856 1768 946 1837 sunt,
970 1767 1007 1824 ut
1033 1761 1102 1823 siue
1124 1760 1218 1844 ipso·

140 1870 213 1914 rum
235 1852 353 1919 notitia
375 1851 498 1917 nullius
518 1852 569 1916 rei
591 1850 736 1935 perlecta
761 1850 899 1914 scientia
927 1850 1067 1915 existere
1095 1853 1214 1934 possit.

139 1941 277 2029 Reliqua
299 1941 420 2021 verba,
443 1940 564 2029 quibus
585 1940 732 2005 definitio
754 1938 940 2017 clauditur,
961 1961 1102 2024 nempe,
1131 1962 1214 2027 quoe

138 2034 274 2101 hnmano
293 2038 412 2101 ratione
435 2040 574 2120 cognosci
587 2043 732 2121 possunt,
756 2056 795 2098 eo
816 2034 953 2099 consilio
968 2036 1004 2099 in
1017 2033 1213 2101 delinitione

138 2131 318 2213 posuimus,
340 2138 377 2195 ut
399 2128 603 2215 philosophia
625 2149 644 2191 a
666 2127 811 2193 scientiis
832 2126 1038 2213 theologicis,
1053 2147 1138 2212 quae
1151 2128 1226 2194 Dim

138 2223 231 2287 vinae
252 2221 457 2305 Revelatiopi
478 2222 674 2297 innituntur,
698 2219 966 2305 distingueretur.
1224 2233 1225 2242 ¹

176 2315 207 2378 l.
232 2314 284 2378 Ex
297 2313 347 2376 his
363 2312 459 2377 facile
476 2311 670 2397 intelligitur
683 2308 923 2396 philosophiam
936 2332 955 2375 a
969 2311 1086 2378 ceteris
1100 2314 1209 2378 scien·

137 2407 190 2471 tiis
214 2410 247 2472 in
271 2429 311 2472 eo
332 2407 475 2485 differre,
498 2406 585 2491 quod
608 2408 644 2469 in
664 2406 780 2472 ceteris
801 2406 947 2471 scientiis
968 2404 1100 2491 aliquod
1116 2405 1222 2492 obis-q

135 2509 261 2564 ciorum
282 2520 381 2585 genus
396 2497 656 2585 cognoscendum
671 2496 863 2581 suscipitur,
879 2497 1084 2585 philosophia
1095 2511 1222 2570 autenti

135 2595 247 2661 statuit
262 2613 414 2678 suprema
430 2592 603 2678 principia,
618 2589 739 2674 quibus
753 2611 864 2654 omnes
877 2591 1034 2675 speciales
1048 2592 1206 2657 scientiae
1219 2587 1221 2648 l

133 2684 341 2762 innituntur,
369 2684 467 2769 quia,
490 2694 527 2749 ut
547 2683 715 2760 diximus,
744 2684 883 2767 inquirit
908 2685 979 2768 ipsa
1005 2659 1220 2806 cognitionisql

133 2778 288 2842 hnmanae
310 2778 487 2864 principia,
509 2786 542 2841 ct
563 2797 731 2862 supremas
745 2796 860 2840 causas
873 2797 985 2842 rerum
999 2779 1033 2843 iu
1048 2777 1205 2844 omnihus

133 2869 276 2935 scientiis
298 2870 511 2954 cognitarum.

171 2959 203 3023 5.
227 2958 322 3037 Quod
344 2969 467 3046 spectat
487 2959 528 3026 ad
543 2959 739 3027 divisionem
754 2958 989 3046 philosophiae,
1005 2961 1208 3030 mouendum

170 3210 180 3248 ¹
201 3210 273 3263 llaec
292 3210 411 3261 dotinitin
429 3207 462 3258 ab
481 3205 642 3269 etymologia
663 3202 848 3267 Philosophiae
868 3205 977 3255 minime
990 3204 1112 3261 discedit;
1127 3220 1203 3265 nam.

130 3296 219 3344 aiente
239 3308 262 3342 s.
284 3288 406 3349 Thema,
431 3308 441 3335 ι
465 3288 509 3337 iile
532 3287 638 3350 sapiens
663 3284 763 3334 dicitur
782 3286 809 3335 iu
828 3298 988 3350 unoquoque
1012 3298 1128 3350 genero,
1153 3302 1191 3351 qu

130 3377 281 3429 considerat
301 3389 410 3425 causam
429 3370 587 3423 altissimam
609 3369 680 3419 itlius
698 3368 803 3432 generis
819 3386 844 3427 »ς
860 3365 881 3429 l,
900 3383 930 3433 q.
950 3366 971 3429 l,
991 3382 1019 3418 a.
1039 3369 1056 3419 o
1075 3382 1113 3420 c.:
1133 3384 1204 3433 quo-

129 3463 202 3513 circa
222 3459 333 3510 scionttu
353 3458 408 3517 ilia,
429 3466 499 3521 quaa
518 3451 698 3517 cognitionem
717 3450 874 3511 humanam,
889 3457 917 3503 et
930 3466 983 3513 ros,
997 3466 1067 3517 qnae
1081 3453 1181 3505 human

130 3545 232 3595 ratione
251 3541 375 3605 cognosci
394 3540 524 3604 possunt,
550 3533 699 3586 secundnm
723 3546 849 3598 suprema
874 3534 1021 3600 principia,
1045 3536 1197 3600 investigat,

125 3625 300 3697 philosophia,
322 3624 378 3678 sire
398 3634 474 3675 amor
493 3618 640 3684 sapientiae
658 3620 733 3671 recte
751 3616 913 3682 appellatur.
