2475 3909
398 157 582 209 mansonis
605 161 791 210 servanus
1031 139 1092 209 415

117 275 187 332 Aur.
202 277 434 349 Ill-Quaedam
455 286 755 411 adrerznstSpinossm,
776 289 895 352 aliosque
914 285 1079 340 Panthsistas

520 375 534 412 a
555 377 589 412 oo
601 368 681 412 antur

101 450 175 517 249.
199 451 330 529 Totum,
353 466 510 541 quantum
532 468 592 535 est,
615 455 795 542 spinoziani
819 459 999 544 systematis
1021 457 1132 523 aedili·

54 534 150 598 cium
172 533 326 621 ambigua
348 535 544 604 substantiae
566 542 700 606 notione
723 539 887 614 innititur,
904 559 970 623 qua
992 540 1133 627 expliea-

54 629 108 693 ta,
131 611 279 682 funditus
296 619 377 685 illud
392 621 528 686 corruit.
552 623 633 689 Sane
658 619 693 687 Ι0
715 621 852 706 Spinosa
874 619 978 685 Deum
1001 623 1132 687 unicam

53 717 132 764 esse
154 698 366 767 substantiam
388 722 489 768 exeo
511 702 670 782 deduxit,
696 701 781 790 quod
815 722 890 768 cum
915 700 1038 768 dixerit
1058 703 1133 768 sub·

56 780 218 847 stantiam
239 802 308 848 esse
331 783 378 863 id,
400 782 489 872 quod
510 806 568 870 per
588 806 631 864 sc,
653 805 713 850 seu
736 787 770 850 in
791 804 822 847 sc
843 793 899 862 cst,
923 783 1005 849 illnd
1023 805 1082 870 per
1103 805 1132 850 ss

56 867 110 930 ita
133 867 276 950 aceepit,
298 877 337 933 ut
358 889 421 933 non
442 866 548 932 solum
569 867 807 932 inhaerentiam
828 865 862 929 in
885 864 950 929 alio
972 866 1130 944 subiecto,

56 943 118 1011 sed
141 945 241 1010 etiam
261 968 392 1015 causam
413 949 607 1015 effectricem
630 969 648 1013 a
671 948 850 1014 substantia
872 945 1057 1014 distinctam
1078 969 1133 1014 ex·

57 1023 226 1104 eluderet,
248 1029 334 1096 unde
358 1031 488 1096 nonnisi
504 1031 634 1096 unicam
650 1029 866 1096 substantiam
888 1027 1040 1094 Divinam
1061 1031 1131 1096 exi-

58 1123 152 1178 stere
175 1129 268 1194 posse
290 1112 433 1199 collegit.
457 1115 500 1178 At
523 1113 581 1176 hoc
602 1108 721 1177 falsum
745 1121 805 1189 est,
829 1110 907 1196 quia
923 1109 956 1173 in
972 1109 1133 1178 definitio-

56 1215 105 1260 ne
127 1191 327 1259 substantiae
348 1215 408 1258 csse
425 1215 483 1279 per
503 1215 544 1272 se,
569 1196 638 1258 sive
660 1193 694 1256 io
720 1213 750 1256 sc
766 1212 828 1256 non
845 1191 974 1257 denotat
988 1213 1060 1258 eam
1075 1194 1133 1258 bn·

57 1272 204 1341 iusmodi
227 1296 296 1341 esse
318 1275 456 1351 debere,
480 1287 601 1342 utnon
623 1277 761 1361 recipiat
782 1293 851 1338 esse
874 1293 970 1337 suum
991 1272 1032 1337 ab
1054 1274 1132 1352 alio,

59 1355 121 1422 sed
145 1356 276 1423 denotat
297 1379 368 1423 eam
391 1380 454 1422 oon
476 1357 594 1423 habere
615 1377 677 1421 csse
699 1375 794 1422 suum
817 1355 851 1419 in
866 1355 945 1430 alio,
967 1364 1132 1441 tamquam

63 1443 100 1505 in
126 1437 273 1505 subiecto
288 1440 311 1504 ¹.
334 1437 555 1519 Quamobrem
577 1461 602 1504 s.
627 1439 765 1504 Thomas
797 1438 874 1501 scite
896 1436 1038 1502 advertit
1058 1437 1141 1502 sub*

59 1523 217 1587 stantiam
239 1520 305 1586 dici
330 1543 421 1610 posse
445 1543 534 1598 rem,
557 1542 640 1669 gnae
668 1541 732 1585 noo
756 1516 934 1585 hebetasse
956 1538 1133 1613 suumflper

59 1602 168 1680 aliud,
191 1605 219 1669 si
241 1625 299 1690 per
318 1629 350 1667 ro
370 1603 460 1668 aliud
482 1604 558 1670 intel
575 1605 683 1688 igetur
704 1623 801 1668 causa
825 1599 984 1676 formalis,
1008 1621 1131 1686 quippe

59 1684 154 1772 qnod
176 1706 271 1750 cansa
293 1685 441 1753 formalis
463 1696 512 1751 est
532 1688 708 1752 intrinseca
730 1685 848 1768 cuique
869 1683 932 1759 rei;
956 1702 1020 1746 non
1042 1701 1131 1760 vero,

59 1770 91 1834 si
117 1788 175 1853 per
195 1790 227 1830 το
248 1768 337 1833 aliud
358 1790 454 1834 causa
475 1768 624 1834 effectrix
645 1765 858 1852 intelligatur,
880 1766 960 1850 quia
975 1783 1028 1830 res
1040 1783 1129 1829 crea·

62 1865 119 1918 tae
142 1871 203 1915 esse
224 1870 318 1915 suum
340 1873 358 1916 a
380 1851 450 1917 Deo
471 1851 675 1937 accipiunt².

104 1929 139 1995 2⁰
161 1929 298 2019 Spinosa
322 1934 534 2000 substantiam
556 1935 601 1999 ita
624 1929 782 2006 delinivit,
803 1940 842 1994 ut
862 1929 896 1992 in
912 1927 1129 1993 coessentiam

61 2013 107 2078 ab
128 2036 191 2080 esse
213 2036 276 2079 non
298 2014 524 2103 distingueret,
546 2017 625 2100 quia
648 2034 711 2078 non
726 2012 811 2079 dixit
825 2009 1034 2077 substantiam
1056 2029 1126 2074 esse

60 2097 248 2171 essentiam,
271 2117 329 2163 sen
349 2119 432 2177 rem,
446 2102 500 2164 cui
514 2097 665 2162 convenit
686 2115 754 2160 esse
774 2095 808 2158 in
823 2113 868 2171 se,
883 2092 938 2157 sed
953 2113 1022 2170 ens,
1038 2091 1127 2177 quod
1222 2133 1225 2144 ,

63 2182 100 2244 in
123 2199 157 2244 se
171 2187 231 2255 est,
245 2199 302 2244 sen
319 2180 424 2265 ipsum
440 2201 500 2244 esse
513 2181 548 2246 io
561 2201 605 2258 sc,·
618 2177 704 2244 unde
719 2197 860 2265 pronum
875 2177 907 2240 ei
923 2175 987 2241 [uit
1001 2194 1131 2240 omnem

62 2282 196 2327 cansam
219 2258 260 2324 ab
282 2263 353 2347 ipsa
375 2262 553 2329 substantia
575 2261 738 2327 diversam
759 2256 945 2336 excludere3
967 2256 1131 2344 siquidem

63 2345 92 2408 si
118 2346 151 2410 in
173 2341 351 2408 substantia
373 2346 501 2410 essentia
521 2343 563 2408 ab
584 2366 643 2410 csse
665 2364 730 2408 ooo
751 2340 978 2427 distinguitur,
1003 2361 1131 2406 necesse

62 2436 126 2502 est,
149 2434 186 2490 ut
208 2427 277 2511 ipsa
301 2447 359 2512 per
380 2428 553 2493 essentiam
575 2448 669 2492 suam
682 2427 811 2491 existat.
829 2425 872 2488 At
886 2446 975 2500 vero,
992 2436 1028 2490 ut
1044 2423 1131 2489 idem

63 2529 92 2570 s.
116 2508 253 2572 Thomas
274 2509 352 2573 scite
375 2506 515 2576 advertit
536 2534 553 2572 «
577 2509 776 2575 substantiae
809 2526 924 2571 nomen
946 2528 1010 2571 non
1032 2508 1132 2594 signi·

65 2589 142 2655 licat
162 2588 222 2654 hoc
244 2589 361 2667 solum,
383 2591 470 2676 quod
493 2604 542 2659 est
563 2613 622 2678 per
643 2612 676 2655 se
698 2610 780 2666 esse,
795 2590 872 2736 guia
887 2590 960 2666 hoc,
975 2589 1061 2675 quod
1083 2601 1131 2657 est

66 2693 151 2748 esse,
172 2692 236 2736 non
258 2681 363 2755 potest
384 2693 443 2772 per
464 2695 498 2740 se
519 2695 589 2740 esse
613 2694 714 2771 genus
733 2718 742 2749 ‚
763 2693 796 2736 se
841 2673 1004 2758 significat
1024 2695 1131 2740 essen-

67 2757 158 2832 tiam,
181 2754 236 2819 cni
257 2765 412 2840 competit
432 2757 478 2821 sic
499 2777 592 2835 esse,
614 2753 699 2820 rdest
726 2773 785 2874 ger
806 2775 839 2820 se
860 2776 953 2835 esse,
975 2757 1063 2842 quod
1086 2767 1131 2823 ta-

67 2854 141 2902 men
164 2855 233 2902 esse
256 2858 319 2901 non
334 2847 384 2902 est
398 2840 467 2923 ipsa
489 2841 562 2904 eius
575 2838 715 2904 essentia
766 2859 794 2900 s.
818 2839 861 2904 Et
875 2859 961 2915 sanc,
985 2840 1131 2908 substan·

423 2961 746 2980 m

106 3039 112 3071 ¹
135 3035 232 3093 Onici..
252 3049 279 3085 c.
301 3033 358 3095 Vll,
379 3050 405 3087 a.
427 3038 453 3097 1,
475 3052 502 3101 p.
523 3037 569 3092 ΙΙ,

103 3105 115 3144 ²
138 3128 149 3152 ι
170 3102 236 3159 Esse
255 3115 375 3158 creatum
393 3115 506 3160 nonest
525 3125 572 3174 per
590 3113 691 3177 aliquid
710 3115 804 3174 alind,
825 3115 847 3165 si
866 3115 892 3178 ly
910 3127 957 3178 pst·
975 3113 1047 3164 dicat
1066 3125 1130 3164 cau-

67 3194 124 3229 sam
144 3178 281 3229 tormalem
303 3182 472 3232 intrinsecam
485 3203 493 3243 ;
516 3183 597 3235 immo
622 3187 678 3249 ipso
707 3186 855 3239 formaliter
878 3192 918 3236 est
945 3192 1087 3243 creaturas
1108 3188 1130 3235 st

67 3257 157 3301 antem
177 3251 248 3302 dieat
267 3267 376 3304 causam
396 3253 536 3306 formalem
556 3265 628 3307 extra
649 3273 717 3316 rem,
736 3262 778 3310 rel
791 3273 901 3312 cansam
913 3256 1073 3315 effectivam,
1092 3259 1131 3310 sic

69 3330 107 3373 est
126 3337 173 3388 per
191 3320 313 3376 Divinum
334 3323 410 3385 Esse,
423 3331 452 3377 et
464 3341 515 3378 non
535 3343 582 3392 per
600 3343 628 3380 sa
652 3350 675 3393 't
698 3334 728 3382 ln
746 3334 789 3383 lib.
811 3335 926 3387 Isset..
946 3327 1011 3380 Dist.
1033 3327 1129 3390 ΙΙΙΙΙΙΙ,

69 3411 96 3459 q.
116 3393 138 3454 l,
158 3409 184 3445 a.
205 3395 222 3446 2
241 3397 274 3448 ad
293 3396 321 3449 Ξ.
342 3395 378 3450 Cf
393 3397 599 3463 Ferrariensem,
622 3405 652 3453 to
671 3405 713 3454 ut.
736 3407 749 3455 Ι
768 3408 854 3458 contr.
869 3406 956 3458 amr..
976 3417 1001 3453 e.
1017 3403 1062 3454 52.
1083 3399 1131 3453 hs·

69 3482 129 3530 gere
142 3474 257 3533 praestat
271 3467 304 3521 V.
319 3467 401 3529 (detti,
416 3471 479 3524 0rd.
492 3471 597 3534 Praed„
613 3477 695 3526 tostii.
710 3478 1027 3544 apuhysesepatemtms,
1042 3477 1095 3527 rol.
1108 3475 1129 3536 l,

72 3541 114 3591 lib.
137 3537 156 3598 Ι,
178 3543 257 3593 tract.
278 3540 299 3601 l,
320 3540 388 3595 Diss.
410 3542 431 3604 l,
450 3550 478 3596 et
498 3543 529 3605 ll,
550 3541 649 3598 Rornae
672 3549 751 3600 1866.
1224 3547 1225 3550 “

105 3614 116 3650 ³
136 3611 155 3671 l,
176 3627 204 3677 q.
227 3613 272 3673 ΙΙΙ,
292 3630 319 3666 a.
340 3617 356 3668 5
375 3618 407 3668 ad
430 3619 455 3668 Ι.
478 3613 514 3671 (ΙΙ
530 3621 629 3680 οηωΙ.,
650 3621 714 3672 ibid.
