2475 3909
148 158 210 225 236
504 173 759 223 carranroaaarn

109 264 234 338 meria,
256 282 364 345 quae,
393 261 451 327 etsi
475 259 557 325 nihil
583 258 659 323 novi
683 258 776 323 uobis
798 258 921 333 afferat,
942 268 1047 323 tamen
1069 260 1180 343 cogni-

110 346 215 409 tiones
237 355 310 408 ante
332 341 463 430 adeptas
483 352 623 407 revocat:
645 363 681 405 ac
704 340 838 427 proinde
860 351 908 407 est
929 339 1084 416 conditio,
1108 340 1179 405 sine

111 447 175 510 qua
202 425 345 510 cognitio
372 426 508 489 humana
535 433 683 488 constare
707 444 769 489 non
792 434 919 521 potest3
942 434 974 489 et
995 422 1178 499 auctoritas,

110 528 200 592 quae·
222 506 447 652 complectitur
473 506 523 571 rel
553 504 658 585 sacta,
681 527 763 591 quae
792 506 853 591 ipsi
881 527 938 569 nos
964 504 1092 590 experti
1114 523 1179 567 non

111 609 237 665 sumus,
261 609 299 651 ve
332 588 481 672 dogmata
507 586 548 653 ab
570 586 645 651 aliis
667 588 758 653 nohis
780 587 907 663 tradita,
931 608 1033 672 eaque
1056 583 1106 649 vei
1129 583 1181 649 di·

110 672 201 745 rina,
223 669 435 735 veihamma
457 681 521 747 est,
545 678 642 755 prout
664 670 786 747 Deum,
810 684 865 737 aut
887 671 1048 735 hominem
1071 677 1181 732 aucto-

112 772 184 816 rem
203 750 309 816 habet.
325 754 438 837 ltaque
459 754 604 838 quiaque
626 753 756 819 criteria
779 775 796 818 a
819 753 912 819 nobis
932 759 1179 821 enumerantur,

112 854 230 928 nempe
253 834 451 912 conscientia,
472 856 578 899 sensus
599 838 775 911 esuriero,
790 840 886 913 ratio,
902 835 1062 910 memorie,
1078 841 1110 897 et
1124 853 1180 895 ou-

114 926 254 977 ctarrtcs.

154 996 204 1059 12.
228 998 279 1060 Ex
293 998 342 1062 his
357 997 499 1063 criteriis
521 1003 694 1064 auctoritas
714 1000 835 1066 dicitur
858 1008 1055 1064 momentum
1078 1002 1181 1058 aeter-

112 1098 189 1141 num
218 1079 445 1156 certitudinis,
472 1080 549 1166 quia
573 1102 632 1180 per
657 1104 727 1146 earn
749 1084 828 1149 certi
853 1104 963 1147 sumus
985 1079 1023 1143 do
1045 1077 1180 1142 veritato

113 1160 255 1224 alicuius
278 1164 337 1239 rei,
353 1173 511 1245 quatenus
531 1164 589 1228 aiii
614 1165 703 1229 iiiam
727 1166 929 1251 perspexisse
952 1162 1046 1227 nobis
1066 1168 1182 1225 testan-

115 1252 178 1306 tur.
204 1241 318 1307 Cetera
346 1247 475 1311 criteria
503 1246 657 1311 dicuntur
684 1259 845 1313 momenta
869 1248 992 1311 interno
1013 1240 1182 1307 certitudi-

113 1326 188 1399 nis,
210 1329 289 1408 quia
316 1338 390 1393 suut
418 1330 631 1395 instrumenta
661 1330 770 1393 animo
800 1338 907 1393 nostro
935 1328 1054 1403 insita,
1078 1325 1122 1389 ita
1146 1332 1182 1388 ut

75 1415 79 1423 “
116 1424 174 1489 per
196 1428 235 1471 ea
256 1412 335 1473 certi
359 1412 539 1477 efficiamur
565 1412 604 1477 de
633 1412 766 1476 ueritate
799 1413 938 1477 alicuius
966 1406 1179 1493 pronuntiati,

114 1508 155 1553 eo
177 1488 268 1586 quod
288 1512 345 1555 nos
373 1494 434 1579 ipsi
463 1494 720 1562 convenientiam
753 1493 901 1560 attributi
934 1512 1007 1556 curn
1035 1488 1181 1555 subiecto

118 1590 356 1653 cognoscimus.

157 1653 206 1717 13.
224 1656 325 1719 Porro
342 1657 474 1721 criteria
489 1656 629 1732 interna,
653 1657 925 1741 quemadmodum
941 1677 982 1720 ex
998 1653 1094 1718 dictis
1111 1672 1183 1737 per·

114 1736 274 1817 spicitur,
297 1739 425 1802 nonnisi
450 1739 538 1823 ipsae
563 1738 730 1805 facultates
753 1736 967 1823 cognoscendi
991 1745 1087 1809 sunt,
1111 1735 1183 1819 qui-

115 1814 178 1881 nus
198 1820 307 1883 anima
330 1819 476 1904 praedita
503 1831 561 1886 est.
591 1822 771 1886 Aacctoritos
793 1842 891 1898 vero,
913 1838 1110 1905 quamquam
1140 1816 1183 1879 sit

116 1901 289 1967 eriterium
312 1915 505 1979 externum,
530 1916 635 1969 tamen
658 1904 696 1967 ad
722 1902 846 1969 interna
874 1899 1112 1987 quodammodo
1132 1918 1185 1960 re-

116 1994 263 2062 vocatur,
286 1987 363 2068 quia
386 1988 454 2050 sine
476 1986 646 2051 momentis
668 1986 816 2061 internis,
834 1985 916 2049 idest
937 1985 1007 2048 sine
1030 1979 1185 2069 cognitri-

116 2063 210 2129 cibus
242 2067 367 2131 animae
400 2067 610 2133 facultatibus
638 2069 778 2133 existere
807 2089 869 2131 non
893 2074 1005 2153 potest.
1030 2066 1182 2135 Eisone,

116 2166 174 2210 nos
196 2150 367 2212 momentis
381 2173 399 2214 e
415 2149 538 2214 ratione
563 2150 674 2235 petitis
696 2170 778 2234 opus
799 2149 967 2224 habemus,
989 2157 1025 2212 ut
1039 2146 1119 2213 certi
1136 2144 1185 2208 ef—

116 2228 267 2295 ficiamur
288 2250 388 2308 euru,
411 2232 468 2316 qui
492 2230 614 2316 aliquid
638 2231 729 2294 nobis
751 2242 880 2308 narrat,
904 2240 961 2296 aut
981 2230 1112 2302 edocet,
1135 2225 1186 2290 di·

117 2332 217 2396 gnum
231 2332 311 2387 esse,
327 2315 381 2378 cui
403 2314 628 2378 assentiamur.
645 2313 756 2397 ltaque
778 2314 910 2379 ariteria
933 2322 1007 2378 sunt
1025 2312 1114 2410 ipsae
1130 2330 1186 2374 eo-

140 2393 290 2460 noscendi
308 2392 487 2467 facultates,
503 2404 662 2479 quatenus
676 2395 735 2461 hae
751 2398 870 2460 motiva
885 2395 1075 2460 sufficientia
1090 2391 1184 2457 exiri-

161 2488 216 2554 nt,
237 2476 357 2561 quibus
380 2479 493 2544 nititur
515 2476 703 2553 certitudo,
729 2499 791 2564 qua
814 2480 965 2544 veritates
987 2494 1182 2561 cognoscere

119 2581 299 2645 possumus.

526 2682 591 2749 CA
606 2684 707 2749 PVT
741 2686 782 2749 ll.

304 2801 350 2869 aa
370 2800 522 2879 critaric,
547 2804 633 2885 quod
654 2804 779 2870 dicitur
800 2802 1008 2872 couscientia

422 2930 488 2980 Aac.
504 2930 523 2982 Ι,
538 2930 621 2982 -Do
641 2935 664 2982 ri
686 2934 763 2983 huius
782 2932 882 2983 criterii

162 3035 211 3099 at.
237 3032 432 3100 Conscientia
453 3047 500 3103 est
522 3037 604 3103 iilud
634 3040 822 3114 criterium,
845 3059 909 3124 quo
932 3039 1039 3103 anima
1061 3039 1109 3103 sni
1136 3038 1189 3122 ip-

120 3119 200 3192 sius,
223 3126 256 3182 et
276 3137 425 3196 suarum,
447 3139 530 3264 puae
553 3122 585 3186 in
601 3142 639 3186 ea
654 3131 726 3188 actu
749 3131 824 3186 sunt
838 3122 864 3198 ¹,
887 3120 1092 3187 affectionum
1113 3123 1190 3184 exi-

121 3200 270 3266 stentiam
292 3200 451 3286 apprehen
477 3202 513 3269 it.

163 3282 211 3348 15.
235 3283 331 3368 Prop.
351 3283 559 3349 Conscientiae
582 3284 631 3348 uis
653 3285 694 3349 od
715 3286 839 3349 interna
859 3284 940 3367 [octa
961 3282 1048 3348 nodis
1067 3284 1191 3368 patefa-

728 3456 802 3470 ὴ

159 3561 168 3596 ¹
190 3556 316 3616 Diximus,
335 3574 405 3625 quae
424 3566 482 3611 actu
501 3564 572 3619 suot,
593 3560 653 3626 qnia
673 3573 716 3619 ea,
737 3574 806 3627 quac
825 3560 934 3615 fueruat
953 3562 979 3613 in
998 3560 1089 3622 nabis,
1109 3560 1192 3613 obia-

120 3638 197 3687 ctum
217 3632 360 3686 memoriae
380 3637 451 3685 suat.
