2475 3909
123 133 167 196 72
532 145 718 195 onronoats

85 254 180 301 versa
201 240 261 309 est,
284 239 418 295 naturae
439 247 549 294 rerum
573 254 638 297 non
659 231 756 297 modo
777 252 841 295 non
868 230 1080 311 adversatur,
1102 235 1164 300 sed

87 318 186 383 etiam
208 313 339 379 omnino
361 312 521 377 convenit.
538 315 638 398 Atqui
659 311 847 379 huiusmodi
870 324 919 378 est
932 315 981 377 vis
995 315 1162 393 effectrix,

87 419 187 483 quam
203 416 261 461 nos
276 394 434 459 creaturis
448 392 603 461 adversus
618 395 922 461 itlaiebranchianos
942 395 1162 475 vindicamus

88 480 254 545 nonenim
270 475 363 541 nobis
383 476 533 541 volumus
548 477 735 543 huiusmodi
757 479 825 543 vim
839 476 937 541 rebus
951 480 1069 543 creatis
1083 500 1169 543 con-

89 562 215 635 venire,
238 568 273 624 ut
293 560 383 643 ipsae
405 558 585 644 quidquam
607 582 650 625 ex
671 560 774 627 nihilo
795 560 921 625 efficere
944 558 1082 635 valeant3
1104 561 1165 626 sed

90 644 195 709 solum
218 637 442 707 contendimus
467 664 518 707 res
538 653 662 709 creatas
688 662 824 727 possea
850 641 920 705 Deo
946 640 1105 705 eiusmodi
1129 642 1165 707 ri

91 725 215 799 ornari,
238 732 285 799 ut,
303 722 374 806 ipso
390 722 458 789 Deo
482 723 523 789 ad
544 723 676 789 iliarum
699 723 842 788 actiones
865 734 1091 798 concurrente,
1107 724 1168 787 aii-

91 805 173 894 quid
195 826 238 869 ex
260 806 494 890 praeexistente
518 808 655 871 materia
670 806 819 872 efficiant.
835 808 923 889 Ergo
938 806 1005 868 vim
1026 804 1170 870 effectri-

92 909 169 1031 cenpi
185 885 281 951 rebus
302 888 418 953 creatis
439 888 566 965 inesse,
589 889 616 953 si
638 910 691 955 res
712 888 803 973 ipsae
823 884 1087 963 considerentur,
1109 886 1168 950 ab·

93 991 150 1035 sur
176 991 229 1033 um
252 988 315 1031 non
337 978 395 1034 est.

134 1049 168 1113 2⁰
190 1050 271 1126 Nec,
295 1049 325 1113 si
346 1050 569 1116 consideretur
589 1050 690 1128 Deus,
712 1050 770 1135 qui
792 1049 860 1116 vim
882 1048 997 1134 agendi
1019 1070 1095 1114 cum
1113 1068 1169 1112 re-

94 1132 155 1197 bus
176 1132 294 1199 creatis
316 1135 545 1198 communicat.
569 1134 611 1199 Et
632 1155 725 1208 sane,
740 1130 828 1197 Deus
849 1140 955 1217 potest
981 1154 999 1192 u
1022 1152 1171 1196 commu-

94 1214 206 1281 nicare
221 1212 294 1278 aliis
309 1212 557 1282 similitudinem
573 1236 678 1294 suam,
692 1225 850 1301 quantum
865 1211 906 1277 ad
920 1233 1007 1290 esse,
1021 1214 1054 1278 in
1068 1234 1172 1309 quan-

95 1308 166 1363 tum
193 1316 245 1360 res
271 1296 304 1359 in
332 1317 401 1362 esse
434 1296 591 1383 produxit
613 1323 642 1363 a.
670 1300 757 1382 Ergo
813 1306 895 1363 otest
926 1316 1169 1360 communicare

97 1378 146 1443 ais
164 1376 445 1445 «similitudinem
466 1402 558 1445 snam
580 1392 738 1467 quantum
761 1317 929 1463 adegere,
945 1387 983 1443 ut
995 1378 1095 1441 etiam
1117 1398 1174 1441 res

99 1473 227 1526 creatae
248 1457 388 1527 habeant
410 1466 562 1548 proprias
584 1464 728 1530 actiones
743 1460 753 1497 ¹
771 1486 801 1526 ».

139 1543 210 1609 193.
234 1540 418 1608 Secundum
439 1544 725 1620 Occasionaiistas,
750 1553 914 1608 creaturas
934 1540 1116 1627 quidquam
1137 1562 1174 1605 o-

96 1624 208 1709 perari
230 1634 404 1710 repugnat,
426 1625 459 1690 1⁰
474 1627 569 1712 quia,
585 1650 661 1695 cum
683 1630 772 1694 Deus
792 1628 836 1691 sit
855 1644 953 1690 causa
976 1621 1175 1709 perfectissi-

98 1728 179 1783 ma,
202 1704 286 1771 aliae
308 1727 449 1785 causae,
470 1718 602 1795 praeter
628 1712 757 1785 Deum,
784 1707 914 1773 admitti
941 1726 1003 1769 non
1026 1716 1174 1788 possunt;

98 1787 135 1855 2⁰
156 1790 235 1873 quia
257 1788 286 1852 si
308 1787 396 1854 Deus
417 1788 587 1859 dumtaxat
607 1796 742 1872 omnia,
763 1810 848 1878 quae
877 1788 913 1852 iu
933 1787 1055 1853 mundo
1078 1786 1174 1860 fiunt,

101 1870 234 1956 operari
255 1868 406 1949 dicatur,
430 1871 532 1938 iidem
553 1876 690 1942 edoctus
710 1878 745 1941 in
767 1870 887 1938 mundo
914 1870 1113 1947 existerent,
1136 1889 1175 1933 ac

101 1950 240 2039 proinde
264 1951 364 2029 Deus,
385 1956 413 2019 si
437 1956 503 2021 rim
525 1957 641 2039 agendi
664 1979 739 2023 cum
760 1955 858 2021 rebus
872 1974 892 2017 a
905 1972 940 2018 se
955 1951 1073 2017 creatis
1087 1972 1177 2017 oom-

102 2034 297 2112 municaret‚
321 2033 443 2103 frustra
465 2038 591 2122 aliquid
606 2040 789 2115 moliretur,
807 2036 842 2102 id
856 2033 944 2120 quod
966 2034 1106 2100 Divinae
1120 2034 1178 2101 sa-

103 2117 247 2202 pientiae
269 2115 465 2202 refragatur.

146 2198 217 2265 tat.
241 2200 300 2265 Ast
321 2200 384 2296 ipsi
409 2199 502 2285 iunge
535 2203 691 2287 opinione
724 2204 893 2268 falluntur.
926 2198 1058 2263 Etenim
1088 2196 1176 2283 quod

106 2289 231 2365 spectat
242 2278 282 2343 ad
297 2302 452 2366 primum,
466 2302 523 2347 nos
539 2293 671 2351 tuemur
685 2287 765 2351 alias
775 2302 902 2356 causas,
917 2288 1046 2365 practer
1055 2278 1176 2355 Deum,

106 2361 236 2429 admitti
271 2382 363 2447 posse
386 2387 403 2426 a
426 2385 490 2429 nou
512 2386 553 2430 ex
575 2368 827 2437 insufficientia,
850 2373 887 2430 ut
908 2382 934 2425 s.
958 2362 1095 2427 Thomas
1118 2365 1176 2439 ait,

106 2444 245 2510 Divinae
266 2447 410 2524 virtutis,
425 2444 479 2511 sed
501 2469 544 2512 ex
567 2450 785 2517 immensitate
806 2446 968 2511 Bonitatis
989 2444 1105 2529 ipsius,
1119 2466 1181 2531 per

106 2548 205 2611 quam
228 2549 320 2593 suam
342 2527 590 2595 similitudinem
604 2533 704 2600 rebus
725 2528 964 2597 communicare
985 2524 1177 2603 voluit,non

108 2608 214 2673 solum
237 2621 393 2694 quantum
417 2610 458 2677 ad
481 2613 551 2689 hoe,
574 2616 663 2697 quod
684 2625 801 2688 essent,
824 2609 1000 2676 sedetiam
1021 2619 1180 2692 quantum

109 2690 148 2755 ad
175 2691 247 2767 hoc,
269 2690 357 2777 quod
379 2692 518 2758 aliorum
540 2715 657 2763 causae
679 2696 812 2764 essent⁸
829 2716 859 2755 »-
884 2693 1045 2767 lamvew,
1066 2712 1181 2775 quem·

109 2769 285 2839 admodum
314 2772 440 2839 infinita
467 2776 626 2922 perfectio
649 2780 710 2846 Dei
733 2799 797 2844 non
817 2772 983 2859 impedit,
1004 2773 1180 2857 quominus

109 2854 250 2940 piurima
273 2855 338 2920 alia
360 2856 466 2940 imper
480 2868 550 2924 ecta
572 2861 733 2939 existant,
756 2854 940 2926 cuiusmodi
962 2863 1038 2920 sunt
1057 2856 1182 2920 coutin-

111 2939 228 3021 gentia,
252 2948 285 3003 et
300 2934 401 3013 anim
419 2940 463 3005 ita
477 2958 541 3003 non
557 2952 647 3008 vetat
661 2942 834 3008 admittere
855 2938 937 3003 alias
956 2957 1082 3014 causas,
1097 2957 1182 3022 quae

110 3038 169 3103 per
190 3022 345 3085 virtutem
368 3038 385 3081 a
407 3017 515 3087 Causa
537 3021 661 3101 Prima,
678 3044 796 3109 nempe
818 3043 837 3086 a
859 3019 928 3084 Deo
950 3029 1126 3103 acceptam,
1150 3039 1183 3082 a·

112 3112 212 3186 gant,
233 3101 274 3167 ab
289 3102 401 3185 anue
425 3102 458 3166 in
482 3125 502 3168 o
526 3106 732 3171 erationibus
754 3106 823 3170 suis
866 3101 1015 3167 endeant.
1038 3102 1127 3178 Quin
1149 3122 1183 3165 e-

112 3184 190 3251 tiam
212 3185 296 3250 siout
318 3181 477 3269 perfectio
500 3122 621 3251 Bivina
646 3209 712 3252 non
733 3195 819 3252 esset
856 3183 969 3250 icenda
993 3182 1131 3257 infinita,
1153 3185 1182 3248 si

112 3262 200 3331 Deus
223 3287 286 3332 non
309 3275 418 3349 posset
438 3266 510 3332 aliis
531 3278 625 3339 extra
649 3290 685 3335 se
706 3268 806 3335 rebus
826 3266 1032 3333 existentiam
1055 3264 1182 3350 largiri,

151 3531 160 3571 t
182 3528 220 3579 ita
240 3534 498 3593 argumentantium
517 3543 538 3580 s.
561 3528 697 3595 Thomas,
719 3536 808 3589 contr.
828 3537 917 3596 eost„
941 3534 988 3585 tit.
1010 3529 1065 3591 iit,
1091 3544 1118 3582 ο.
1138 3530 1186 3587 69.

152 3599 164 3641 ²
184 3602 234 3663 Op.
253 3604 309 3661 ott,
330 3601 407 3661 ibid„
427 3614 453 3651 o.
475 3600 519 3653 to.
