2475 3909
508 227 691 277 nunonocm
1049 206 1090 271 69

65 316 171 383 xionis
194 317 279 382 inter
303 315 389 380 iacta
411 315 572 379 naturalia
618 313 764 388 ateiacit3
787 312 864 377 hinc
879 315 949 398 ipse
965 315 1032 379 vim
1047 312 1138 379 obie-

65 401 181 464 ctivam
203 398 347 463 notionis
368 417 513 462 causaee
529 418 580 463 me
605 398 639 462 io
659 395 800 471 sustulit,
817 403 912 480 atque
933 395 1137 481 principium

66 479 288 557 causalitatis,
310 499 377 564 quo
399 477 613 576 dependentia
641 480 729 545 inter
754 497 909 555 causam,
930 485 962 542 et
984 476 1137 542 eiiectum

66 562 230 637 statuitur,
253 563 341 628 inter
363 558 565 646 praeiudicia
587 576 716 629 nostrae
738 561 857 624 mentis
879 558 1066 624 amandavit
1080 560 1103 621 ¹.

105 644 174 709 18t.
200 644 297 729 Prop.
322 642 368 708 1³.
393 642 490 707 Notio
511 664 622 708 consae
643 654 685 707 eat
707 642 867 707 obiectico.

104 724 272 789 Probatur.
298 724 390 790 Mens
412 736 519 791 nostra
536 725 576 790 ad
591 727 757 791 notionem
778 722 996 790 universalem
1019 742 1136 787 causae

64 805 202 891 assurgit
223 828 264 871 ex
287 808 341 885 iis,
362 828 444 891 quae
460 828 521 893 ope
537 829 577 871 er
602 808 761 873 erientiae
776 805 945 891 comperit.
962 805 1064 888 Atqui
1080 825 1137 868 no-

66 890 122 963 tio,
136 909 234 972 quam
251 888 309 953 hoc
325 889 420 952 modo
443 909 534 953 mens
553 828 617 955 siin
634 890 815 987 comparat,
832 888 980 954 realitate
1001 886 1138 952 obiecti-

64 992 103 1035 va
146 970 268 1035 audere
291 969 428 1035 dicenda
450 982 509 1036 est.
535 972 623 1059 Ergo
646 982 734 1037 notro
756 990 874 1037 causae
895 979 943 1034 est
959 967 1134 1034 obiectiva.

103 1052 121 1117 1
166 1054 308 1119 .Moior
336 1052 493 1138 probatur
526 1057 610 1118 hunc
645 1055 680 1117 in
713 1051 868 1118 modum:
892 1052 1044 1115 Animam
1080 1070 1137 1113 no·

63 1145 160 1198 stram
183 1155 283 1199 novos
305 1135 418 1199 modos
442 1135 474 1198 in
497 1154 530 1198 se
555 1136 627 1220 ipsa
640 1136 766 1200 efficere
780 1135 908 1210 intima,
924 1132 1058 1217 iugique
1080 1152 1136 1196 ex-

63 1216 221 1301 perientia
250 1214 436 1282 edocemur.
461 1240 477 1279 a
501 1216 621 1283 Vivere
644 1238 701 1293 se,
725 1218 834 1301 inquit
858 1235 884 1279 s.
908 1216 1134 1299 Augustinus,

63 1307 96 1364 et
118 1298 315 1373 meminisse,
331 1308 364 1364 et
387 1297 581 1383 intelligere,
603 1308 636 1364 et
655 1297 750 1375 velie,
766 1307 800 1362 et
822 1298 979 1381 cogitare,
1001 1306 1032 1361 ot
1053 1296 1136 1360 scire

61 1380 134 1527 quis
155 1377 336 1445 dubiost*
353 1404 371 1441 »
384 1380 532 1475 insuper,
555 1402 632 1445 cum
654 1380 776 1444 iactum
798 1378 995 1444 sensationis
1013 1398 1136 1463 expen-

85 1463 183 1537 imus,
206 1463 347 1527 animam
370 1462 459 1526 inse
482 1480 552 1546 ipsa
576 1464 749 1547 passivam,
771 1470 869 1546 atque
882 1458 924 1523 ab
937 1458 1058 1525 obiecti
1081 1480 1135 1524 aa·

61 1543 193 1611 terioris
215 1544 341 1609 actione
357 1543 504 1609 aiiectam
528 1543 673 1629 experiri
694 1541 790 1607 tacite
806 1541 1011 1627 agnoscimus
1027 1543 1049 1603 ³.
1067 1542 1136 1605 lam

60 1624 266 1702 intellectus,
289 1626 316 1689 si
339 1626 371 1689 in
395 1626 471 1690 hacc
515 1624 680 1692 rimitivae
708 1624 931 1709 experientiae
961 1623 1046 1689 iacta
1068 1624 1136 1687 vim

61 1728 152 1773 suam
175 1707 323 1781 intendit,
340 1706 437 1773 facite
459 1644 600 1773 adiventit
614 1704 772 1791 quasdam
786 1727 856 1771 esse
871 1707 1035 1784 entitatos,
1051 1724 1134 1789 quae

60 1810 103 1855 ex
128 1786 253 1854 influxu
276 1789 418 1854 alicuius
457 1788 505 1853 vis
527 1790 653 1854 activae
676 1788 725 1853 ori
754 1786 839 1851 inem
867 1786 1007 1867 habent,
1037 1799 1135 1871 atqua

60 1873 120 1939 hoc
143 1881 236 1955 pacto
260 1872 426 1936 notionem
448 1868 600 1947 alicuius,
624 1868 712 1955 qnod
730 1807 781 1946 iit,
804 1879 837 1934 et
852 1868 1005 1947 aiicuius,
1029 1887 1135 1953 aquo

62 1953 110 2029 fit,
133 1954 193 2018 hnc
215 1962 275 2029 est,
298 1954 446 2029 effectus,
468 1965 501 2019 et
523 1972 640 2017 causae
663 1951 869 2049 adipiscitur,
890 1972 971 2037 quas
986 1951 1134 2017 notiones

61 2035 264 2102 universales
286 2034 406 2112 reddit,
428 2045 586 2120 qnatenus
608 2033 649 2098 ab
670 2035 751 2119 ipsas
765 2053 1008 2119 quamcumque
1030 2032 1136 2097 deter-

60 2118 288 2194 minationem,
310 2138 338 2182 e.
356 2138 401 2202 g.,
424 2115 518 2193 hanc,
535 2117 585 2181 vei
602 2117 692 2181 iiiam
706 2117 887 2192 entitatem,
909 2136 993 2200 quae
1014 2113 1136 2199 produ·

59 2201 164 2273 citur,
187 2208 284 2285 atque
306 2200 401 2277 hanc,
425 2197 475 2263 vel
489 2199 579 2264 iliam
595 2198 793 2285 producendi
815 2198 990 2273 rationem,
1013 2196 1135 2265 abstra-

59 2282 120 2347 hit.
145 2282 233 2366 Ergo
255 2300 346 2344 mens
368 2290 477 2346 nostra
502 2302 542 2345 ex
559 2280 612 2357 iis,
629 2302 712 2367 quae
727 2300 789 2365 ope
803 2280 1026 2364 experientiae
1048 2298 1135 2342 com-

59 2362 163 2449 perit,
186 2360 226 2425 ad
248 2364 469 2427 universatem
491 2363 657 2429 notionem
679 2383 796 2428 causae
817 2362 970 2445 assurgit.

101 2444 173 2510 186.
198 2443 295 2527 Prop.
310 2442 357 2506 2¹.
377 2443 581 2529 Principiam
595 2445 793 2510 consotitctia
812 2442 944 2508 aemma
959 2463 1049 2507 strom
1065 2440 1129 2503 vim

55 2546 99 2589 ex
121 2527 190 2609 ipso
207 2526 368 2672 princp‘pio
389 2526 661 2592 contradictionis.

103 2606 273 2672 Probatur.
324 2609 501 2693 rincipinm
524 2608 736 2685 causatitatts,
760 2629 834 2673 nem
880 2654 888 2683 ,
909 2604 1064 2692 quidquid
1083 2604 1131 2687 tit,

56 2690 112 2753 rai
125 2710 254 2753 coucam
275 2689 376 2767 toan,
391 2703 441 2757 est
454 2710 567 2753 verum
589 2687 754 2756 iudicium
775 2712 834 2756 aaa
846 2691 966 2775 yticum
981 2690 1006 2764 ⁴,
1020 2686 1053 2750 in
1067 2708 1133 2771 qno

57 2769 285 2853 praedicatum
302 2772 346 2836 ita
360 2793 434 2837 cum
449 2768 597 2836 subiecto
611 2774 826 2850 connectitur,
842 2782 880 2838 ut
893 2773 920 2836 si
936 2771 1044 2835 dobere
1060 2790 1134 2833 coto

55 2872 125 2915 sam
148 2849 188 2917 de
210 2853 327 2918 eiiectu
350 2862 497 2937 negetur,
521 2853 591 2938 ipse
613 2852 749 2921 effectus
770 2862 988 2930 evanesceret,
1005 2872 1043 2916 ac
1058 2872 1134 2936 pro-

56 2932 137 2998 inde
158 2934 256 2999 simu!
279 2944 378 3011 esset,
401 2947 435 3000 et
456 2954 519 2998 non
539 2946 627 3002 esset
652 2935 798 3001 effectus.
822 2938 910 3022 Ergo
932 2935 1133 3021 principium

55 3014 263 3112 causalitatis
295 3014 336 3081 ab
365 3018 437 3103 ipso
464 3016 630 3103 principio
654 3017 922 3084 contradictionis
948 3019 1016 3082 vim
1042 3035 1134 3079 suam

54 3107 172 3163 sumit.

94 3338 102 3372 ¹
126 3336 212 3387 fruct.
232 3336 263 3385 da
281 3342 337 3386 nat.
357 3336 429 3385 hum.
449 3330 558 3405 (angi),
579 3335 626 3385 lib.
642 3332 676 3395 ii,
690 3349 748 3399 par.
765 3331 811 3395 tv,
825 3351 852 3387 c.
867 3337 894 3387 6.
915 3332 943 3385 id
964 3337 1055 3406 ipsam¹
1070 3338 1134 3384 ante

53 3408 188 3462 iinmtam
209 3412 360 3459 asseruerat
379 3404 572 3469 (itanwitteus,
592 3409 691 3472 Saeptis
710 3410 848 3474 aetmttflea
866 3411 990 3460 adversar
1008 3410 1134 3473 dogmati·

52 3496 149 3534 corum
168 3486 305 3538 nnattatea,
326 3476 410 3530 Lond.
433 3480 515 3531 1605.

91 3552 105 3589 ²
126 3554 167 3603 Ita
187 3554 269 3604 rrtn..
291 3552 337 3603 un.
358 3549 391 3609 ΙΙ,
413 3566 438 3602 c.
462 3551 507 3611 id,
527 3566 555 3606 n.
579 3552 622 3602 ΙΙ.

91 3625 104 3662 ⁸
126 3618 162 3674 Gi
180 3626 305 3688 Dpnom„
326 3638 352 3674 c.
375 3621 421 3682 ΙΙΙ,
441 3637 467 3674 a.
488 3624 516 3684 t,
538 3639 565 3688 p.
589 3624 707 3675 trotio
727 3626 780 3676 vot.
803 3620 823 3673 Ι.

91 3695 103 3735 ⁶
124 3693 164 3751 De
177 3695 219 3747 his
231 3696 336 3747 iudiciis
349 3698 487 3765 auotpttota
499 3696 529 3748 et
540 3698 654 3766 tdentop.
669 3712 694 3749 e.
708 3695 729 3761 t,
743 3712 770 3749 a.
783 3698 809 3759 t,
824 3703 851 3763 p.
864 3696 928 3760 sot,
943 3702 1002 3749 not.
1017 3699 1027 3748 Ι
1041 3697 1094 3751 voi.
1106 3694 1128 3748 Ι.
