2475 3909
131 157 190 222 120
495 173 728 222 nunsuuoem

131 256 164 323 1⁰
189 257 346 344 Species,
370 257 437 323 sive
460 255 563 323 lorma
584 259 634 323 rei
656 257 818 324 sensibilis
839 258 933 326 aliter
952 268 1001 325 est
1028 259 1092 324 ini
1118 281 1152 322 sa

94 361 142 420 re,
167 340 264 405 aliter
287 341 320 405 in
343 341 476 419 anima,
499 341 524 406 si
548 340 658 406 uidem
681 343 714 406 in
736 363 770 406 re
793 354 843 407 est
863 341 1047 414 entitetiee,
1071 343 1079 406 i
1104 353 1155 408 est

89 422 258 486 secundum
283 443 374 486 sunm
394 443 455 486 esse
475 444 508 487 re
540 444 567 499 e,
589 424 624 488 in
645 423 752 490 anima
773 434 882 489 autem
897 424 1152 501 intentionaliter,

89 501 185 583 idest,
208 505 372 570 secundum
394 525 452 570 esse
474 504 776 590 repraesentativum.
792 529 810 568 n
826 507 955 584 Forma,
972 508 1016 571 ait
1029 528 1055 570 s.
1072 507 1156 572 Tho-

92 607 172 664 mes,
188 606 252 735 pue
266 587 350 672 lapis
364 597 425 665 est,
438 598 562 653 nonest
576 589 610 652 in
621 589 744 665 enimn,
756 586 812 652 sed
822 587 1001 655 similitudo
1011 589 1083 654 eius
1096 590 1106 628 ¹
1121 613 1151 654 ».

129 667 164 732 2⁰
212 669 319 754 pecies
340 670 475 736 sensiles
497 680 571 736 sunt
591 670 830 736 immateriales.
847 671 888 736 Et
910 691 1029 748 sane,s
1072 672 1151 749 cies,

89 769 149 835 per
171 771 268 836 quam
291 752 398 817 anime
421 752 545 838 aliquid
568 753 689 829 sentit,
713 752 747 815 in
775 754 843 840 ipsu
865 753 973 818 anima
1000 775 1017 818 e
1053 755 1151 831 eitun

88 851 205 917 nempe
227 830 268 896 eb
290 832 360 920 ipse
384 836 491 900 animo
514 846 561 901 est
582 831 799 919 excipienda,
823 846 859 900 ut
880 836 981 919 possit
1002 856 1060 921 per
1079 857 1153 901 eam

88 934 161 977 eum
184 912 310 983 obiecto
343 917 452 986 sensili
475 918 642 1002 coniungi.
665 919 764 1001 Atqui
797 915 958 1002 quidquid
986 918 1019 983 in
1042 919 1153 984 anima

87 995 304 1142 producitur,
326 998 489 1079 eiusdem,
513 1021 550 1064 eo
572 999 706 1076 anima,
728 1009 861 1064 naturae
883 1020 952 1064 esse
974 1010 1103 1084 oportet
1123 1003 1150 1064 ².

92 1098 176 1173 'rgo
199 1077 225 1142 si
249 1083 357 1147 anima
383 1091 430 1149 est
450 1079 697 1157 immaterialis,
721 1081 843 1167 species
864 1081 1031 1147 sensibiles
1052 1083 1153 1149 etiam

89 1161 322 1228 immateriales
344 1165 408 1230 siut
429 1173 557 1250 oportet
578 1164 600 1227 ⁸.

125 1239 160 1308 3⁰
181 1243 251 1310 Etsi
274 1247 379 1310 anima
402 1267 461 1332 per
482 1247 605 1332 species
626 1242 844 1342 apprehendet
864 1265 916 1309 res
937 1245 1081 1325 sensiles,
1104 1256 1152 1314 ta·

86 1343 159 1388 men
182 1345 235 1390 eas
257 1325 455 1406 immediate,
476 1349 534 1394 seu
557 1329 591 1394 in
612 1327 728 1412 seipsis
742 1326 955 1424 apprehendit
969 1330 993 1390 ‘.
1010 1330 1052 1394 Et
1073 1350 1151 1394 sane

84 1425 136 1470 res
158 1406 193 1469 in
206 1409 318 1494 seipse,
341 1429 398 1476 seu
413 1411 585 1476 immediate
601 1409 866 1505 apprehenditur,
882 1411 908 1475 si
925 1429 985 1505 per
1007 1412 1150 1496 speciem

88 1488 149 1574 ipsi
174 1492 339 1586 propriam
353 1503 578 1590 cognoscetur,
598 1506 681 1557 secut
694 1513 765 1556 enm
779 1492 887 1556 oculus
901 1491 983 1555 undet
997 1492 1149 1556 leminem

80 1589 139 1654 per
166 1592 295 1656 spectem
320 1573 481 1654 iomanis;
510 1576 544 1639 in
566 1575 629 1640 alio
651 1584 772 1652 eutem,
793 1574 845 1640 rel
866 1574 1018 1652 mediate,
1041 1577 1069 1640 si
1091 1595 1152 1662 per

85 1653 228 1737 speciem
250 1655 383 1722 alterius
404 1659 437 1722 iu
461 1655 549 1723 illius
575 1656 725 1723 notitiam
746 1656 951 1732 devenietur,
972 1658 1150 1724 sicutenim

84 1735 173 1799 domo
195 1737 319 1803 uidetur
339 1739 376 1805 in
396 1740 518 1826 speculo
535 1761 594 1826 per
616 1743 745 1823 speciem
760 1739 888 1825 speculi,
908 1740 955 1803 cel
975 1761 1045 1805 cnm
1060 1741 1152 1804 tomo

84 1821 279 1904 cognoscitur
301 1820 336 1884 in
362 1842 421 1887 suc
441 1822 573 1905 inopine
595 1823 618 1885 ⁵.
642 1821 742 1904 Atqui
765 1821 889 1907 species
921 1823 1053 1888 sensiles
1074 1832 1152 1887 sunt

84 1923 98 1965 s
124 1905 210 1970 ecies
231 1906 384 2052 propriae
407 1925 530 1983 rerum,
553 1903 643 1990 quia,
666 1911 703 1967 ut
725 1903 790 1969 inm
812 1901 1065 1969 demonstratum
1087 1913 1148 1979 est,

84 1924 126 2050 als
148 1987 227 2072 ipsis
251 2007 284 2051 re
308 1986 400 2052 usin
422 1989 530 2053 anima
546 1987 743 2052 efficiuntur.
760 1986 847 2070 Ergo
861 1985 920 2050 etsi
944 2006 995 2050 res
1015 1984 1149 2052 sensiles

86 2088 145 2152 per
166 2089 278 2135 earum
301 2068 427 2165 speeies
444 2070 678 2165 percipiemus,
695 2079 801 2133 tamen
823 2069 932 2134 essin
949 2069 1062 2154 seipsis
1077 2089 1151 2155 per

84 2149 236 2235 cipimus.
259 2148 385 2216 Exinde
407 2153 512 2236 magis
536 2148 615 2216 nlud
639 2148 869 2228 confirmatur,
891 2149 976 2234 quod
999 2162 1091 2216 antea
1114 2171 1150 2214 o-

84 2230 287 2308 stendimus,
315 2252 429 2318 nempe
451 2253 582 2298 omnem
615 2234 829 2298 sensationem
860 2252 930 2297 esse
951 2231 1147 2307 oliecticom,

83 2315 118 2378 iu
140 2313 197 2378 hoc
220 2315 308 2379 enim
328 2324 443 2378 notum
465 2311 627 2380 obiective
649 2315 867 2401 perceptionis
889 2315 950 2380 sita
972 2325 1036 2387 est.
1058 2313 1148 2402 quod

88 2395 254 2465 obiectum
275 2395 391 2460 sensile
415 2397 448 2461 iu
471 2397 578 2481 seipso
603 2396 789 2463 immediate
810 2397 1003 2484 percipitur.

149 2521 268 2577 Aur..Vl.
277 2551 310 2561 -
319 2520 483 2576 Obisetlones
497 2531 588 2575 contro
602 2527 753 2589 specterum
766 2527 896 2578 theostum
910 2526 1090 2578 dissolvuntur

123 2630 173 2699 6³.
196 2627 304 2697 Obiie.
327 2636 439 2694 eontra
461 2628 633 2694 secundem
656 2633 921 2716 propositionem.
938 2631 1079 2717 Species,
1096 2640 1149 2696 ut-

85 2725 158 2797 pote
182 2711 426 2788 immateriales,
456 2711 580 2778 nullem
613 2713 707 2778 analo
731 2713 794 2780 iem
815 2713 931 2781 habent
951 2733 1026 2778 cum
1049 2711 1149 2780 rebus

84 2793 264 2869 sensilibus
293 2815 377 2892 quae
399 2805 474 2860 suut
497 2795 692 2861 materiales.
709 2734 798 2883 drgo
821 2805 986 2882 nequeunt
1004 2816 1057 2862 res
1077 2817 1153 2860 seu-

84 2877 159 2944 siles
181 2875 305 2962 percipi
329 2897 387 2962 per
406 2897 518 2941 eurum
541 2878 676 2963 species.

126 2957 427 3044 ot.ltesp.,1tte.
455 2969 540 3036 eru„
565 2961 689 3046 species
719 2981 783 3025 uon
804 2958 921 3026 habeut
941 2980 1016 3024 eum
1048 2957 1150 3026 rebus

120 3211 126 3244 ¹
149 3211 197 3274 (tq.
218 3207 315 3272 capp..
336 3207 374 3258 De
398 3209 468 3262 Ver..
489 3222 517 3271 q.
540 3205 609 3268 Vlll,
630 3222 655 3260 a.
679 3211 708 3260 ll
730 3212 764 3261 ed
783 3210 811 3259 l.

117 3277 184 3334 ²ct
198 3295 221 3332 ι.
241 3276 347 3335 Thous„
369 3277 389 3340 l,
409 3293 436 3344 q.
457 3275 562 3340 LXXV,
582 3289 608 3331 s.
629 3283 646 3332 tt
665 3296 691 3332 c.

120 3350 186 3405 ΗΠ
202 3368 223 3404 s.
244 3352 325 3416 sug..
347 3355 385 3403 De
403 3355 486 3410 Trio..
508 3354 553 3403 lib.
575 3351 630 3412 xt,
651 3370 677 3404 c.
698 3355 734 3414 25
755 3369 777 3406 ι.
798 3351 906 3411 tuom..
933 3355 1051 3417 Orndlll.
1072 3353 1147 3418 vttt,

84 3443 110 3492 q.
134 3427 185 3486 tt,
206 3440 231 3476 a.
251 3426 267 3476 3
286 3440 325 3486 ο.,
344 3429 371 3476 et
390 3439 412 3475 s.
433 3422 544 3485 sonae,
566 3427 596 3477 ln
616 3427 660 3477 ttt.
683 3431 795 3487 tsent,
815 3425 883 3478 tttst.
902 3423 1030 3487 fflill,
1050 3441 1076 3480 ι.
1099 3429 1146 3492 tt,

84 3497 314 3622 q'cncldsf'llis.
334 3568 383 3630 u,
404 3570 435 3620 n
455 3571 525 3630 ern,
546 3575 625 3622 tract.
647 3569 680 3631 ιι,
701 3586 726 3623 e.
750 3573 792 3623 se.

122 3645 133 3682 ⁵
154 3641 180 3694 S.
201 3637 307 3703 Tuom„
328 3641 350 3705 l,
370 3657 396 3708 q.
418 3639 477 3702 llll,
497 3657 523 3695 ι.
544 3643 560 3696 9
581 3658 618 3705 o.,
639 3650 664 3696 et
683 3661 711 3710 q.
731 3641 802 3704 lllV,
822 3657 848 3695 ι.
870 3645 887 3695 5
907 3657 932 3694 c.
