<?xml version="1.0" encoding="UTF-8"?>
<!DOCTYPE html PUBLIC "-//W3C//DTD XHTML 1.0 Transitional//EN"
    "http://www.w3.org/TR/xhtml1/DTD/xhtml1-transitional.dtd">
<html xmlns="http://www.w3.org/1999/xhtml" xml:lang="en" lang="en">
 <head>
  <title>
</title>
<meta http-equiv="Content-Type" content="text/html;charset=utf-8" />
  <meta name='ocr-system' content='tesseract 3.04.00' />
  <meta name='ocr-capabilities' content='ocr_page ocr_carea ocr_par ocr_line ocrx_word'/>
</head>
<body>
  <div class='ocr_page' id='page_1' title='image "./philosophiachri00sansgoog_0057.png"; bbox 0 0 2475 3909; ppageno 0'>
   <div class='ocr_carea' id='block_1_1' title="bbox 9 122 1112 397">
    <p class='ocr_par' dir='ltr' id='par_1_1' title="bbox 9 122 1112 397">
     <span class='ocr_line' id='line_1_1' title="bbox 473 122 1072 223; baseline 0.012 -7"><span class='ocrx_word' id='word_1_1' title='bbox 473 172 554 218; x_wconf 77' lang='lat' dir='ltr'>rans</span> <span class='ocrx_word' id='word_1_2' title='bbox 576 172 680 217; x_wconf 78' lang='lat' dir='ltr'>nnius</span> <span class='ocrx_word' id='word_1_3' title='bbox 892 122 898 131; x_wconf 30' lang='grc' dir='ltr'><strong><em>Ι</em></strong></span> <span class='ocrx_word' id='word_1_4' title='bbox 1030 156 1072 223; x_wconf 78' lang='grc'>43</span> 
     </span>
     <span class='ocr_line' id='line_1_2' title="bbox 9 251 1112 397; baseline 0.014 -88"><span class='ocrx_word' id='word_1_5' title='bbox 9 304 10 309; x_wconf 73' lang='grc'>,</span> <span class='ocrx_word' id='word_1_6' title='bbox 54 251 90 328; x_wconf 87' lang='lat' dir='ltr'>id,</span> <span class='ocrx_word' id='word_1_7' title='bbox 111 252 196 397; x_wconf 73' lang='lat' dir='ltr'>quod</span> <span class='ocrx_word' id='word_1_8' title='bbox 220 256 336 318; x_wconf 76' lang='lat' dir='ltr'>tertiae</span> <span class='ocrx_word' id='word_1_9' title='bbox 358 256 491 339; x_wconf 86' lang='lat' dir='ltr'>regulae</span> <span class='ocrx_word' id='word_1_10' title='bbox 512 253 741 319; x_wconf 82' lang='lat' dir='ltr'>contradicit¹.</span> <span class='ocrx_word' id='word_1_11' title='bbox 765 254 801 318; x_wconf 92' lang='lat' dir='ltr'>ln</span> <span class='ocrx_word' id='word_1_12' title='bbox 824 254 921 319; x_wconf 88' lang='lat' dir='ltr'>altera</span> <span class='ocrx_word' id='word_1_13' title='bbox 943 256 1112 342; x_wconf 76' lang='lat' dir='ltr'><strong>hypothesi</strong></span> 
     </span>
    </p>
   </div>
   <div class='ocr_carea' id='block_1_2' title="bbox 47 335 1119 1311">
    <p class='ocr_par' dir='ltr' id='par_1_2' title="bbox 47 335 1119 1311">
     <span class='ocr_line' id='line_1_3' title="bbox 51 335 1115 420; baseline 0.008 -26"><span class='ocrx_word' id='word_1_14' title='bbox 51 354 118 396; x_wconf 84' lang='lat' dir='ltr'>conc</span> <span class='ocrx_word' id='word_1_15' title='bbox 134 336 207 398; x_wconf 92' lang='lat' dir='ltr'>usio</span> <span class='ocrx_word' id='word_1_16' title='bbox 230 335 371 420; x_wconf 85' lang='lat' dir='ltr'>amplior</span> <span class='ocrx_word' id='word_1_17' title='bbox 417 336 579 400; x_wconf 89' lang='lat' dir='ltr'>racmissis</span> <span class='ocrx_word' id='word_1_18' title='bbox 600 336 675 401; x_wconf 89' lang='lat' dir='ltr'>erit.</span> <span class='ocrx_word' id='word_1_19' title='bbox 693 336 734 398; x_wconf 90' lang='lat' dir='ltr'>Et</span> <span class='ocrx_word' id='word_1_20' title='bbox 750 355 838 412; x_wconf 87' lang='lat' dir='ltr'>sane,</span> <span class='ocrx_word' id='word_1_21' title='bbox 859 358 934 401; x_wconf 91' lang='lat' dir='ltr'>cum</span> <span class='ocrx_word' id='word_1_22' title='bbox 957 341 1115 420; x_wconf 89' lang='lat' dir='ltr'>praemis-</span> 
     </span>
     <span class='ocr_line' id='line_1_4' title="bbox 51 414 1114 501; baseline 0.008 -26"><span class='ocrx_word' id='word_1_23' title='bbox 51 434 152 477; x_wconf 88' lang='lat' dir='ltr'>sarum</span> <span class='ocrx_word' id='word_1_24' title='bbox 174 414 276 479; x_wconf 87' lang='lat' dir='ltr'>altera</span> <span class='ocrx_word' id='word_1_25' title='bbox 297 415 339 482; x_wconf 92' lang='lat' dir='ltr'>sit</span> <span class='ocrx_word' id='word_1_26' title='bbox 361 439 377 481; x_wconf 90' lang='lat' dir='ltr'>a</span> <span class='ocrx_word' id='word_1_27' title='bbox 415 437 545 491; x_wconf 89' lang='lat' dir='ltr'>rmans,</span> <span class='ocrx_word' id='word_1_28' title='bbox 568 416 668 481; x_wconf 88' lang='lat' dir='ltr'>altera</span> <span class='ocrx_word' id='word_1_29' title='bbox 690 437 833 501; x_wconf 87' lang='lat' dir='ltr'>negans,</span> <span class='ocrx_word' id='word_1_30' title='bbox 860 419 1049 494; x_wconf 83' lang='lat' dir='ltr'><strong>conclusio,</strong></span> <span class='ocrx_word' id='word_1_31' title='bbox 1070 440 1114 484; x_wconf 83' lang='lat' dir='ltr'>ex</span> 
     </span>
     <span class='ocr_line' id='line_1_5' title="bbox 51 492 1112 590; baseline 0.006 -33"><span class='ocrx_word' id='word_1_32' title='bbox 51 492 152 587; x_wconf 72' lang='lat' dir='ltr'>pegula</span> <span class='ocrx_word' id='word_1_33' title='bbox 174 496 323 590; x_wconf 87' lang='lat' dir='ltr'>septima,</span> <span class='ocrx_word' id='word_1_34' title='bbox 346 518 465 582; x_wconf 78' lang='lat' dir='ltr'>negans</span> <span class='ocrx_word' id='word_1_35' title='bbox 487 499 530 561; x_wconf 92' lang='lat' dir='ltr'>sit</span> <span class='ocrx_word' id='word_1_36' title='bbox 550 507 689 583; x_wconf 89' lang='lat' dir='ltr'>oportet,</span> <span class='ocrx_word' id='word_1_37' title='bbox 713 508 747 561; x_wconf 91' lang='lat' dir='ltr'>ct</span> <span class='ocrx_word' id='word_1_38' title='bbox 768 499 904 582; x_wconf 81' lang='lat' dir='ltr'>proinde</span> <span class='ocrx_word' id='word_1_39' title='bbox 919 499 1112 563; x_wconf 86' lang='lat' dir='ltr'>attributum</span> 
     </span>
     <span class='ocr_line' id='line_1_6' title="bbox 52 576 1113 669; baseline 0.007 -33"><span class='ocrx_word' id='word_1_40' title='bbox 52 595 133 669; x_wconf 28' lang='lat' dir='ltr'>annea</span> <span class='ocrx_word' id='word_1_41' title='bbox 159 576 391 643; x_wconf 81' lang='lat' dir='ltr'>universaliter</span> <span class='ocrx_word' id='word_1_42' title='bbox 418 588 468 643; x_wconf 88' lang='lat' dir='ltr'>esi</span> <span class='ocrx_word' id='word_1_43' title='bbox 495 579 734 662; x_wconf 85' lang='lat' dir='ltr'>accipiendum.</span> <span class='ocrx_word' id='word_1_44' title='bbox 765 584 808 645; x_wconf 82' lang='lat' dir='ltr'>ht</span> <span class='ocrx_word' id='word_1_45' title='bbox 834 601 911 645; x_wconf 81' lang='lat' dir='ltr'>vero</span> <span class='ocrx_word' id='word_1_46' title='bbox 941 580 1113 654; x_wconf 88' lang='lat' dir='ltr'>terminus,</span> 
     </span>
     <span class='ocr_line' id='line_1_7' title="bbox 49 657 1115 749; baseline 0.01 -32"><span class='ocrx_word' id='word_1_47' title='bbox 49 675 95 739; x_wconf 92' lang='lat' dir='ltr'>qm</span> <span class='ocrx_word' id='word_1_48' title='bbox 115 676 154 749; x_wconf 74' lang='lat' dir='ltr'>pn</span> <span class='ocrx_word' id='word_1_49' title='bbox 176 657 218 719; x_wconf 90' lang='lat' dir='ltr'>iis</span> <span class='ocrx_word' id='word_1_50' title='bbox 243 660 425 741; x_wconf 83' lang='lat' dir='ltr'>praemissis</span> <span class='ocrx_word' id='word_1_51' title='bbox 448 658 642 725; x_wconf 87' lang='lat' dir='ltr'>attributum</span> <span class='ocrx_word' id='word_1_52' title='bbox 665 661 882 725; x_wconf 80' lang='lat' dir='ltr'>conclusionis</span> <span class='ocrx_word' id='word_1_53' title='bbox 904 660 1046 735; x_wconf 85' lang='lat' dir='ltr'>denotat,</span> <span class='ocrx_word' id='word_1_54' title='bbox 1066 675 1115 728; x_wconf 90' lang='lat' dir='ltr'>est</span> 
     </span>
     <span class='ocr_line' id='line_1_8' title="bbox 49 735 1115 827; baseline 0.008 -30"><span class='ocrx_word' id='word_1_55' title='bbox 49 735 272 819; x_wconf 79' lang='lat' dir='ltr'>particularis3</span> <span class='ocrx_word' id='word_1_56' title='bbox 301 760 375 804; x_wconf 85' lang='lat' dir='ltr'>nam</span> <span class='ocrx_word' id='word_1_57' title='bbox 406 742 438 804; x_wconf 92' lang='lat' dir='ltr'>in</span> <span class='ocrx_word' id='word_1_58' title='bbox 467 740 594 804; x_wconf 88' lang='lat' dir='ltr'>duabus</span> <span class='ocrx_word' id='word_1_59' title='bbox 627 742 813 825; x_wconf 76' lang='lat' dir='ltr'>praemissis</span> <span class='ocrx_word' id='word_1_60' title='bbox 846 741 1115 827; x_wconf 77' lang='lat' dir='ltr'>particularibus,</span> 
     </span>
     <span class='ocr_line' id='line_1_9' title="bbox 48 822 1114 913; baseline 0.008 -35"><span class='ocrx_word' id='word_1_61' title='bbox 48 838 179 912; x_wconf 77' lang='lat' dir='ltr'>quarum</span> <span class='ocrx_word' id='word_1_62' title='bbox 202 840 266 913; x_wconf 81' lang='lat' dir='ltr'>nna</span> <span class='ocrx_word' id='word_1_63' title='bbox 289 830 336 883; x_wconf 88' lang='lat' dir='ltr'>est</span> <span class='ocrx_word' id='word_1_64' title='bbox 358 824 536 897; x_wconf 88' lang='lat' dir='ltr'>allirmans,</span> <span class='ocrx_word' id='word_1_65' title='bbox 560 822 659 885; x_wconf 84' lang='lat' dir='ltr'>altera</span> <span class='ocrx_word' id='word_1_66' title='bbox 684 843 821 906; x_wconf 87' lang='lat' dir='ltr'>negans,</span> <span class='ocrx_word' id='word_1_67' title='bbox 845 844 931 887; x_wconf 78' lang='lat' dir='ltr'>sinus</span> <span class='ocrx_word' id='word_1_68' title='bbox 954 825 1114 888; x_wconf 88' lang='lat' dir='ltr'>terminus</span> 
     </span>
     <span class='ocr_line' id='line_1_10' title="bbox 49 900 1117 993; baseline 0.007 -33"><span class='ocrx_word' id='word_1_69' title='bbox 49 900 236 993; x_wconf 70' lang='lat' dir='ltr'>universalis</span> <span class='ocrx_word' id='word_1_70' title='bbox 260 901 443 979; x_wconf 87' lang='lat' dir='ltr'>invonitur,</span> <span class='ocrx_word' id='word_1_71' title='bbox 468 903 593 967; x_wconf 87' lang='lat' dir='ltr'>scillcet</span> <span class='ocrx_word' id='word_1_72' title='bbox 620 902 812 969; x_wconf 87' lang='lat' dir='ltr'>attributum</span> <span class='ocrx_word' id='word_1_73' title='bbox 839 906 1038 987; x_wconf 81' lang='lat' dir='ltr'>praemissae</span> <span class='ocrx_word' id='word_1_74' title='bbox 1059 926 1117 968; x_wconf 84' lang='lat' dir='ltr'>ne·</span> 
     </span>
     <span class='ocr_line' id='line_1_11' title="bbox 49 980 1116 1073; baseline 0.009 -33"><span class='ocrx_word' id='word_1_75' title='bbox 49 992 157 1073; x_wconf 66' lang='lat' dir='ltr'>ganum</span> <span class='ocrx_word' id='word_1_76' title='bbox 181 980 234 1043; x_wconf 85' lang='lat' dir='ltr'>hic</span> <span class='ocrx_word' id='word_1_77' title='bbox 257 993 364 1046; x_wconf 88' lang='lat' dir='ltr'>autem</span> <span class='ocrx_word' id='word_1_78' title='bbox 389 986 546 1048; x_wconf 92' lang='lat' dir='ltr'>terminus</span> <span class='ocrx_word' id='word_1_79' title='bbox 570 994 703 1050; x_wconf 90' lang='lat' dir='ltr'>nonest</span> <span class='ocrx_word' id='word_1_80' title='bbox 727 984 918 1050; x_wconf 91' lang='lat' dir='ltr'>attributum</span> <span class='ocrx_word' id='word_1_81' title='bbox 933 987 1116 1051; x_wconf 90' lang='lat' dir='ltr'>conclusio-</span> 
     </span>
     <span class='ocr_line' id='line_1_12' title="bbox 48 1059 1117 1149; baseline 0.007 -28"><span class='ocrx_word' id='word_1_82' title='bbox 48 1080 103 1136; x_wconf 90' lang='lat' dir='ltr'>ms,</span> <span class='ocrx_word' id='word_1_83' title='bbox 129 1059 188 1125; x_wconf 90' lang='lat' dir='ltr'>sed</span> <span class='ocrx_word' id='word_1_84' title='bbox 212 1072 261 1125; x_wconf 87' lang='lat' dir='ltr'>est</span> <span class='ocrx_word' id='word_1_85' title='bbox 283 1065 441 1129; x_wconf 90' lang='lat' dir='ltr'>terminus</span> <span class='ocrx_word' id='word_1_86' title='bbox 465 1064 609 1141; x_wconf 90' lang='lat' dir='ltr'>medius,</span> <span class='ocrx_word' id='word_1_87' title='bbox 632 1068 707 1149; x_wconf 85' lang='lat' dir='ltr'>quia</span> <span class='ocrx_word' id='word_1_88' title='bbox 731 1070 890 1131; x_wconf 89' lang='lat' dir='ltr'>terminus</span> <span class='ocrx_word' id='word_1_89' title='bbox 912 1067 1053 1143; x_wconf 89' lang='lat' dir='ltr'>medius,</span> <span class='ocrx_word' id='word_1_90' title='bbox 1076 1090 1117 1130; x_wconf 76' lang='lat' dir='ltr'>ex</span> 
     </span>
     <span class='ocr_line' id='line_1_13' title="bbox 49 1142 1119 1225; baseline 0.009 -24"><span class='ocrx_word' id='word_1_91' title='bbox 49 1142 154 1225; x_wconf 86' lang='lat' dir='ltr'>regula</span> <span class='ocrx_word' id='word_1_92' title='bbox 180 1144 290 1217; x_wconf 90' lang='lat' dir='ltr'>tertia,</span> <span class='ocrx_word' id='word_1_93' title='bbox 314 1146 427 1209; x_wconf 79' lang='lat' dir='ltr'>saitem</span> <span class='ocrx_word' id='word_1_94' title='bbox 453 1147 484 1209; x_wconf 91' lang='lat' dir='ltr'>in</span> <span class='ocrx_word' id='word_1_95' title='bbox 508 1146 662 1211; x_wconf 85' lang='lat' dir='ltr'>alterutra</span> <span class='ocrx_word' id='word_1_96' title='bbox 678 1149 908 1212; x_wconf 89' lang='lat' dir='ltr'>enunciatione</span> <span class='ocrx_word' id='word_1_97' title='bbox 923 1148 1119 1213; x_wconf 89' lang='lat' dir='ltr'>universalis</span> 
     </span>
     <span class='ocr_line' id='line_1_14' title="bbox 47 1222 1116 1311; baseline 0.008 -28"><span class='ocrx_word' id='word_1_98' title='bbox 47 1243 107 1285; x_wconf 85' lang='lat' dir='ltr'>esse</span> <span class='ocrx_word' id='word_1_99' title='bbox 130 1222 242 1287; x_wconf 86' lang='lat' dir='ltr'>dehet.</span> <span class='ocrx_word' id='word_1_100' title='bbox 268 1225 372 1307; x_wconf 83' lang='lat' dir='ltr'>Igitur</span> <span class='ocrx_word' id='word_1_101' title='bbox 394 1230 420 1289; x_wconf 92' lang='lat' dir='ltr'>si</span> <span class='ocrx_word' id='word_1_102' title='bbox 446 1248 487 1290; x_wconf 88' lang='lat' dir='ltr'>ex</span> <span class='ocrx_word' id='word_1_103' title='bbox 512 1229 698 1311; x_wconf 88' lang='lat' dir='ltr'>praemissis</span> <span class='ocrx_word' id='word_1_104' title='bbox 721 1227 992 1311; x_wconf 75' lang='lat' dir='ltr'>particularibus,</span> <span class='ocrx_word' id='word_1_105' title='bbox 1017 1228 1116 1294; x_wconf 84' lang='lat' dir='ltr'>altera</span> 
     </span>
    </p>
   </div>
   <div class='ocr_carea' id='block_1_3' title="bbox 49 1305 1120 1467">
    <p class='ocr_par' dir='ltr' id='par_1_3' title="bbox 49 1305 1120 1467">
     <span class='ocr_line' id='line_1_15' title="bbox 49 1305 1120 1451; baseline 0.007 -87"><span class='ocrx_word' id='word_1_106' title='bbox 49 1305 235 1399; x_wconf 78' lang='lat' dir='ltr'>affirmante,</span> <span class='ocrx_word' id='word_1_107' title='bbox 253 1307 360 1451; x_wconf 75' lang='lat' dir='ltr'>faltepa</span> <span class='ocrx_word' id='word_1_108' title='bbox 383 1317 533 1393; x_wconf 80' lang='lat' dir='ltr'>negante,</span> <span class='ocrx_word' id='word_1_109' title='bbox 549 1310 716 1404; x_wconf 77' lang='lat' dir='ltr'>conplusio</span> <span class='ocrx_word' id='word_1_110' title='bbox 730 1308 915 1386; x_wconf 87' lang='lat' dir='ltr'>elicereiur,</span> <span class='ocrx_word' id='word_1_111' title='bbox 931 1312 1008 1375; x_wconf 85' lang='lat' dir='ltr'>haee</span> <span class='ocrx_word' id='word_1_112' title='bbox 1024 1312 1120 1376; x_wconf 86' lang='lat' dir='ltr'>latior</span> 
     </span>
     <span class='ocr_line' id='line_1_16' title="bbox 49 1405 348 1467; baseline 0.003 -19"><span class='ocrx_word' id='word_1_113' title='bbox 49 1405 231 1467; x_wconf 82' lang='lat' dir='ltr'>praemissis</span> <span class='ocrx_word' id='word_1_114' title='bbox 268 1408 348 1451; x_wconf 90' lang='lat' dir='ltr'>ore.</span> 
     </span>
    </p>
   </div>
   <div class='ocr_carea' id='block_1_4' title="bbox 293 1510 869 1577">
    <p class='ocr_par' dir='ltr' id='par_1_4' title="bbox 293 1510 869 1577">
     <span class='ocr_line' id='line_1_17' title="bbox 293 1510 869 1577; baseline 0.002 -14"><span class='ocrx_word' id='word_1_115' title='bbox 293 1510 409 1563; x_wconf 74' lang='lat' dir='ltr'>hasii.</span> <span class='ocrx_word' id='word_1_116' title='bbox 422 1542 455 1549; x_wconf 97' lang='lat'>—</span> <span class='ocrx_word' id='word_1_117' title='bbox 469 1512 504 1563; x_wconf 82' lang='lat' dir='ltr'>lle</span> <span class='ocrx_word' id='word_1_118' title='bbox 524 1516 676 1577; x_wconf 86' lang='lat' dir='ltr'>syllogismo</span> <span class='ocrx_word' id='word_1_119' title='bbox 697 1514 869 1577; x_wconf 85' lang='lat' dir='ltr'>hypothetico</span> 
     </span>
    </p>
   </div>
   <div class='ocr_carea' id='block_1_5' title="bbox 46 1616 1125 2351">
    <p class='ocr_par' dir='ltr' id='par_1_5' title="bbox 46 1616 1122 2200">
     <span class='ocr_line' id='line_1_18' title="bbox 83 1616 1122 1704; baseline -0.006 -19"><span class='ocrx_word' id='word_1_120' title='bbox 83 1620 153 1687; x_wconf 87' lang='lat'>105.</span> <span class='ocrx_word' id='word_1_121' title='bbox 178 1618 461 1695; x_wconf 87' lang='lat' dir='ltr'>Quemadmodum</span> <span class='ocrx_word' id='word_1_122' title='bbox 477 1620 723 1684; x_wconf 86' lang='lat' dir='ltr'>enunciationes</span> <span class='ocrx_word' id='word_1_123' title='bbox 744 1620 777 1682; x_wconf 93' lang='lat' dir='ltr'>in</span> <span class='ocrx_word' id='word_1_124' title='bbox 797 1621 995 1704; x_wconf 83' lang='lat' dir='ltr'>categoricas</span> <span class='ocrx_word' id='word_1_125' title='bbox 1017 1627 1050 1681; x_wconf 89' lang='lat' dir='ltr'>et</span> <span class='ocrx_word' id='word_1_126' title='bbox 1063 1616 1122 1702; x_wconf 60' lang='lat' dir='ltr'>hys</span> 
     </span>
     <span class='ocr_line' id='line_1_19' title="bbox 50 1697 1120 1787; baseline -0.008 -20"><span class='ocrx_word' id='word_1_127' title='bbox 50 1704 225 1784; x_wconf 82' lang='lat' dir='ltr'>pothetieas</span> <span class='ocrx_word' id='word_1_128' title='bbox 246 1699 449 1774; x_wconf 82' lang='lat' dir='ltr'>dividuntur,</span> <span class='ocrx_word' id='word_1_129' title='bbox 475 1702 516 1764; x_wconf 86' lang='lat' dir='ltr'>ita</span> <span class='ocrx_word' id='word_1_130' title='bbox 539 1700 745 1787; x_wconf 73' lang='lat' dir='ltr'>syllogismus</span> <span class='ocrx_word' id='word_1_131' title='bbox 766 1702 967 1782; x_wconf 73' lang='lat' dir='ltr'>categoricus,</span> <span class='ocrx_word' id='word_1_132' title='bbox 990 1698 1042 1760; x_wconf 86' lang='lat' dir='ltr'>vel</span> <span class='ocrx_word' id='word_1_133' title='bbox 1064 1697 1120 1781; x_wconf 78' lang='lat' dir='ltr'>hy-</span> 
     </span>
     <span class='ocr_line' id='line_1_20' title="bbox 46 1780 1120 1866; baseline -0.007 -19"><span class='ocrx_word' id='word_1_134' title='bbox 46 1784 217 1864; x_wconf 84' lang='lat' dir='ltr'>potheticus</span> <span class='ocrx_word' id='word_1_135' title='bbox 250 1801 318 1844; x_wconf 87' lang='lat' dir='ltr'>esse</span> <span class='ocrx_word' id='word_1_136' title='bbox 339 1792 468 1866; x_wconf 88' lang='lat' dir='ltr'>potest,</span> <span class='ocrx_word' id='word_1_137' title='bbox 497 1794 656 1865; x_wconf 85' lang='lat' dir='ltr'>quatenus</span> <span class='ocrx_word' id='word_1_138' title='bbox 685 1783 824 1864; x_wconf 86' lang='lat' dir='ltr'>primam</span> <span class='ocrx_word' id='word_1_139' title='bbox 856 1780 1120 1844; x_wconf 85' lang='lat' dir='ltr'>enunciationem</span> 
     </span>
     <span class='ocr_line' id='line_1_21' title="bbox 49 1857 1121 1947; baseline -0.005 -22"><span class='ocrx_word' id='word_1_140' title='bbox 49 1865 90 1929; x_wconf 82' lang='lat' dir='ltr'>sel</span> <span class='ocrx_word' id='word_1_141' title='bbox 113 1864 357 1946; x_wconf 82' lang='lat' dir='ltr'>categoricam,</span> <span class='ocrx_word' id='word_1_142' title='bbox 385 1863 435 1927; x_wconf 85' lang='lat' dir='ltr'>vel</span> <span class='ocrx_word' id='word_1_143' title='bbox 459 1862 695 1947; x_wconf 78' lang='lat' dir='ltr'>hypotheticam</span> <span class='ocrx_word' id='word_1_144' title='bbox 717 1862 823 1927; x_wconf 89' lang='lat' dir='ltr'>hahet.</span> <span class='ocrx_word' id='word_1_145' title='bbox 848 1862 896 1925; x_wconf 88' lang='lat' dir='ltr'>De</span> <span class='ocrx_word' id='word_1_146' title='bbox 920 1869 1035 1923; x_wconf 88' lang='lat' dir='ltr'>natura</span> <span class='ocrx_word' id='word_1_147' title='bbox 1058 1857 1121 1944; x_wconf 91' lang='lat' dir='ltr'>syl-</span> 
     </span>
     <span class='ocr_line' id='line_1_22' title="bbox 50 1940 1121 2029; baseline -0.004 -22"><span class='ocrx_word' id='word_1_148' title='bbox 50 1944 174 2029; x_wconf 87' lang='lat' dir='ltr'>logismi</span> <span class='ocrx_word' id='word_1_149' title='bbox 198 1946 388 2025; x_wconf 79' lang='lat' dir='ltr'>categorici,</span> <span class='ocrx_word' id='word_1_150' title='bbox 413 1965 509 2027; x_wconf 90' lang='lat' dir='ltr'>quem</span> <span class='ocrx_word' id='word_1_151' title='bbox 533 1951 676 2006; x_wconf 85' lang='lat' dir='ltr'>recentes</span> <span class='ocrx_word' id='word_1_152' title='bbox 697 1944 870 2025; x_wconf 82' lang='lat' dir='ltr'>simplice-m</span> <span class='ocrx_word' id='word_1_153' title='bbox 892 1950 1032 2013; x_wconf 87' lang='lat' dir='ltr'>vocant,</span> <span class='ocrx_word' id='word_1_154' title='bbox 1056 1940 1121 2003; x_wconf 87' lang='lat' dir='ltr'>iam</span> 
     </span>
     <span class='ocr_line' id='line_1_23' title="bbox 50 2022 1122 2112; baseline -0.01 -20"><span class='ocrx_word' id='word_1_155' title='bbox 50 2029 120 2092; x_wconf 87' lang='lat' dir='ltr'>satis</span> <span class='ocrx_word' id='word_1_156' title='bbox 135 2025 263 2089; x_wconf 92' lang='lat' dir='ltr'>dictum</span> <span class='ocrx_word' id='word_1_157' title='bbox 279 2038 337 2089; x_wconf 86' lang='lat' dir='ltr'>est.</span> <span class='ocrx_word' id='word_1_158' title='bbox 352 2025 399 2090; x_wconf 89' lang='lat' dir='ltr'>Ile</span> <span class='ocrx_word' id='word_1_159' title='bbox 415 2024 631 2112; x_wconf 85' lang='lat' dir='ltr'>hypothetico,</span> <span class='ocrx_word' id='word_1_160' title='bbox 646 2044 745 2107; x_wconf 88' lang='lat' dir='ltr'>quem</span> <span class='ocrx_word' id='word_1_161' title='bbox 761 2022 860 2087; x_wconf 88' lang='lat' dir='ltr'>iidem</span> <span class='ocrx_word' id='word_1_162' title='bbox 883 2031 1029 2085; x_wconf 91' lang='lat' dir='ltr'>recentes</span> <span class='ocrx_word' id='word_1_163' title='bbox 1041 2041 1122 2085; x_wconf 79' lang='lat' dir='ltr'>eom-</span> 
     </span>
     <span class='ocr_line' id='line_1_24' title="bbox 49 2105 710 2200; baseline -0.009 -28"><span class='ocrx_word' id='word_1_164' title='bbox 49 2110 182 2189; x_wconf 83' lang='lat' dir='ltr'>positum</span> <span class='ocrx_word' id='word_1_165' title='bbox 206 2105 383 2190; x_wconf 81' lang='lat' dir='ltr'>appellant,</span> <span class='ocrx_word' id='word_1_166' title='bbox 400 2105 544 2169; x_wconf 85' lang='lat' dir='ltr'>breviter</span> <span class='ocrx_word' id='word_1_167' title='bbox 565 2124 710 2200; x_wconf 87' lang='lat' dir='ltr'>agemus.</span> 
     </span>
    </p>

    <p class='ocr_par' dir='ltr' id='par_1_6' title="bbox 53 2182 1125 2351">
     <span class='ocr_line' id='line_1_25' title="bbox 87 2182 1123 2270; baseline -0.005 -19"><span class='ocrx_word' id='word_1_168' title='bbox 87 2190 157 2253; x_wconf 89' lang='grc'><strong>106.</strong></span> <span class='ocrx_word' id='word_1_169' title='bbox 182 2186 347 2261; x_wconf 85' lang='lat' dir='ltr'>Quoniam</span> <span class='ocrx_word' id='word_1_170' title='bbox 379 2188 618 2251; x_wconf 83' lang='lat' dir='ltr'>enunciationrs</span> <span class='ocrx_word' id='word_1_171' title='bbox 651 2185 875 2270; x_wconf 82' lang='lat' dir='ltr'>hypotheticae</span> <span class='ocrx_word' id='word_1_172' title='bbox 897 2196 961 2249; x_wconf 91' lang='lat' dir='ltr'>tres</span> <span class='ocrx_word' id='word_1_173' title='bbox 995 2182 1123 2267; x_wconf 85' lang='lat' dir='ltr'>speeies</span> 
     </span>
     <span class='ocr_line' id='line_1_26' title="bbox 53 2264 1125 2351; baseline -0.006 -20"><span class='ocrx_word' id='word_1_174' title='bbox 53 2280 133 2345; x_wconf 89' lang='lat' dir='ltr'>sunt,</span> <span class='ocrx_word' id='word_1_175' title='bbox 158 2288 277 2351; x_wconf 88' lang='lat' dir='ltr'>nempe</span> <span class='ocrx_word' id='word_1_176' title='bbox 300 2287 458 2343; x_wconf 81' lang='lat' dir='ltr'>connexa,</span> <span class='ocrx_word' id='word_1_177' title='bbox 481 2268 667 2341; x_wconf 86' lang='lat' dir='ltr'>coniuncta,</span> <span class='ocrx_word' id='word_1_178' title='bbox 682 2276 715 2330; x_wconf 89' lang='lat' dir='ltr'>et</span> <span class='ocrx_word' id='word_1_179' title='bbox 728 2265 901 2342; x_wconf 88' lang='lat' dir='ltr'>disiuncta,</span> <span class='ocrx_word' id='word_1_180' title='bbox 918 2264 1125 2351; x_wconf 86' lang='lat' dir='ltr'>syllogismus</span> 
     </span>
    </p>
   </div>
   <div class='ocr_carea' id='block_1_6' title="bbox 55 2508 1129 2940">
    <p class='ocr_par' dir='ltr' id='par_1_7' title="bbox 55 2508 1129 2940">
     <span class='ocr_line' id='line_1_27' title="bbox 55 2508 1126 2584; baseline -0.016 -12"><span class='ocrx_word' id='word_1_181' title='bbox 55 2522 233 2584; x_wconf 84' lang='lat' dir='ltr'>praedicatum</span> <span class='ocrx_word' id='word_1_182' title='bbox 254 2518 280 2567; x_wconf 90' lang='lat' dir='ltr'>in</span> <span class='ocrx_word' id='word_1_183' title='bbox 300 2516 406 2571; x_wconf 77' lang='lat' dir='ltr'>minorh</span> <span class='ocrx_word' id='word_1_184' title='bbox 426 2528 452 2563; x_wconf 89' lang='lat' dir='ltr'>e.</span> <span class='ocrx_word' id='word_1_185' title='bbox 472 2526 512 2575; x_wconf 90' lang='lat' dir='ltr'>g.,</span> <span class='ocrx_word' id='word_1_186' title='bbox 532 2513 634 2563; x_wconf 84' lang='lat' dir='ltr'>Malum</span> <span class='ocrx_word' id='word_1_187' title='bbox 652 2517 689 2560; x_wconf 83' lang='lat' dir='ltr'>est</span> <span class='ocrx_word' id='word_1_188' title='bbox 705 2512 871 2574; x_wconf 64' lang='lat' dir='ltr'>fugiendum</span> <span class='ocrx_word' id='word_1_189' title='bbox 889 2508 962 2570; x_wconf 83' lang='lat' dir='ltr'>atqui</span> <span class='ocrx_word' id='word_1_190' title='bbox 978 2508 1070 2574; x_wconf 67' lang='lat' dir='ltr'>uitium</span> <span class='ocrx_word' id='word_1_191' title='bbox 1088 2514 1126 2556; x_wconf 82' lang='lat' dir='ltr'>est</span> 
     </span>
     <span class='ocr_line' id='line_1_28' title="bbox 55 2578 1125 2656; baseline -0.013 -15"><span class='ocrx_word' id='word_1_192' title='bbox 55 2594 163 2656; x_wconf 63' lang='lat' dir='ltr'>nolum</span> <span class='ocrx_word' id='word_1_193' title='bbox 183 2604 244 2654; x_wconf 82' lang='lat' dir='ltr'>erqo</span> <span class='ocrx_word' id='word_1_194' title='bbox 263 2592 353 2639; x_wconf 85' lang='lat' dir='ltr'>uitium</span> <span class='ocrx_word' id='word_1_195' title='bbox 379 2593 416 2636; x_wconf 84' lang='lat' dir='ltr'>est</span> <span class='ocrx_word' id='word_1_196' title='bbox 435 2584 599 2647; x_wconf 65' lang='lat' dir='ltr'>fugiendum</span> <span class='ocrx_word' id='word_1_197' title='bbox 621 2582 661 2631; x_wconf 85' lang='lat' dir='ltr'>rel</span> <span class='ocrx_word' id='word_1_198' title='bbox 681 2588 721 2630; x_wconf 91' lang='lat' dir='ltr'>est</span> <span class='ocrx_word' id='word_1_199' title='bbox 741 2581 923 2641; x_wconf 79' lang='lat' dir='ltr'>praedicatum</span> <span class='ocrx_word' id='word_1_200' title='bbox 943 2578 1044 2626; x_wconf 83' lang='lat' dir='ltr'>tamin</span> <span class='ocrx_word' id='word_1_201' title='bbox 1065 2590 1125 2638; x_wconf 89' lang='lat' dir='ltr'>pro-</span> 
     </span>
     <span class='ocr_line' id='line_1_29' title="bbox 57 2651 1126 2723; baseline -0.016 -9"><span class='ocrx_word' id='word_1_202' title='bbox 57 2665 182 2723; x_wconf 78' lang='lat' dir='ltr'>positione</span> <span class='ocrx_word' id='word_1_203' title='bbox 202 2662 313 2717; x_wconf 84' lang='lat' dir='ltr'>msiorl,</span> <span class='ocrx_word' id='word_1_204' title='bbox 341 2672 421 2721; x_wconf 90' lang='lat' dir='ltr'>quam</span> <span class='ocrx_word' id='word_1_205' title='bbox 442 2658 468 2705; x_wconf 92' lang='lat' dir='ltr'>in</span> <span class='ocrx_word' id='word_1_206' title='bbox 489 2656 598 2709; x_wconf 62' lang='lat' dir='ltr'>minori:</span> <span class='ocrx_word' id='word_1_207' title='bbox 619 2668 646 2703; x_wconf 90' lang='lat' dir='ltr'>e.</span> <span class='ocrx_word' id='word_1_208' title='bbox 665 2666 705 2713; x_wconf 87' lang='lat' dir='ltr'>g.,</span> <span class='ocrx_word' id='word_1_209' title='bbox 725 2653 803 2701; x_wconf 85' lang='lat' dir='ltr'>Nulla</span> <span class='ocrx_word' id='word_1_210' title='bbox 828 2654 884 2701; x_wconf 84' lang='lat' dir='ltr'>eois</span> <span class='ocrx_word' id='word_1_211' title='bbox 908 2656 945 2699; x_wconf 82' lang='lat' dir='ltr'>est</span> <span class='ocrx_word' id='word_1_212' title='bbox 970 2651 1126 2711; x_wconf 82' lang='lat' dir='ltr'>quadrupes,-</span> 
     </span>
     <span class='ocr_line' id='line_1_30' title="bbox 56 2719 1129 2795; baseline -0.014 -12"><span class='ocrx_word' id='word_1_213' title='bbox 56 2739 94 2785; x_wconf 84' lang='lat' dir='ltr'>ssd</span> <span class='ocrx_word' id='word_1_214' title='bbox 112 2736 203 2785; x_wconf 82' lang='lat' dir='ltr'>omnis</span> <span class='ocrx_word' id='word_1_215' title='bbox 221 2746 299 2795; x_wconf 85' lang='lat' dir='ltr'>equus</span> <span class='ocrx_word' id='word_1_216' title='bbox 318 2738 354 2779; x_wconf 87' lang='lat' dir='ltr'>est</span> <span class='ocrx_word' id='word_1_217' title='bbox 372 2730 517 2793; x_wconf 75' lang='lat' dir='ltr'>quadrupes</span> <span class='ocrx_word' id='word_1_218' title='bbox 525 2745 535 2789; x_wconf 82' lang='lat'>,-</span> <span class='ocrx_word' id='word_1_219' title='bbox 553 2738 613 2786; x_wconf 83' lang='lat' dir='ltr'>arpo</span> <span class='ocrx_word' id='word_1_220' title='bbox 631 2724 720 2774; x_wconf 85' lang='lat' dir='ltr'>nultus</span> <span class='ocrx_word' id='word_1_221' title='bbox 739 2736 816 2785; x_wconf 85' lang='lat' dir='ltr'>equus</span> <span class='ocrx_word' id='word_1_222' title='bbox 834 2732 871 2771; x_wconf 83' lang='lat' dir='ltr'>est</span> <span class='ocrx_word' id='word_1_223' title='bbox 889 2724 956 2777; x_wconf 69' lang='lat' dir='ltr'>auis,</span> <span class='ocrx_word' id='word_1_224' title='bbox 976 2720 1019 2768; x_wconf 83' lang='lat' dir='ltr'>rel</span> <span class='ocrx_word' id='word_1_225' title='bbox 1039 2719 1129 2768; x_wconf 85' lang='lat' dir='ltr'>suble-</span> 
     </span>
     <span class='ocr_line' id='line_1_31' title="bbox 57 2792 1126 2865; baseline -0.013 -11"><span class='ocrx_word' id='word_1_226' title='bbox 57 2812 124 2856; x_wconf 87' lang='lat' dir='ltr'>rtmn</span> <span class='ocrx_word' id='word_1_227' title='bbox 143 2806 174 2855; x_wconf 86' lang='lat' dir='ltr'>ln</span> <span class='ocrx_word' id='word_1_228' title='bbox 193 2808 326 2865; x_wconf 71' lang='lat' dir='ltr'>utraques</span> <span class='ocrx_word' id='word_1_229' title='bbox 346 2814 373 2855; x_wconf 78' lang='lat' dir='ltr'>e.</span> <span class='ocrx_word' id='word_1_230' title='bbox 392 2814 432 2861; x_wconf 87' lang='lat' dir='ltr'>g..</span> <span class='ocrx_word' id='word_1_231' title='bbox 454 2798 546 2848; x_wconf 82' lang='lat' dir='ltr'>Omnis</span> <span class='ocrx_word' id='word_1_232' title='bbox 570 2798 626 2845; x_wconf 84' lang='lat' dir='ltr'>dvis</span> <span class='ocrx_word' id='word_1_233' title='bbox 651 2801 688 2844; x_wconf 86' lang='lat' dir='ltr'>est</span> <span class='ocrx_word' id='word_1_234' title='bbox 711 2794 797 2857; x_wconf 62' lang='lat' dir='ltr'>dipem</span> <span class='ocrx_word' id='word_1_235' title='bbox 822 2795 892 2856; x_wconf 81' lang='lat' dir='ltr'>etqui</span> <span class='ocrx_word' id='word_1_236' title='bbox 911 2793 996 2840; x_wconf 81' lang='lat' dir='ltr'>omnis</span> <span class='ocrx_word' id='word_1_237' title='bbox 1013 2792 1071 2840; x_wconf 84' lang='lat' dir='ltr'>auls</span> <span class='ocrx_word' id='word_1_238' title='bbox 1091 2797 1126 2840; x_wconf 85' lang='lat' dir='ltr'>sst</span> 
     </span>
     <span class='ocr_line' id='line_1_32' title="bbox 56 2862 1125 2940; baseline -0.019 -11"><span class='ocrx_word' id='word_1_239' title='bbox 56 2878 149 2928; x_wconf 74' lang='lat' dir='ltr'>runai</span> <span class='ocrx_word' id='word_1_240' title='bbox 157 2894 167 2940; x_wconf 65' lang='grc' dir='ltr'><strong><em>ς</em></strong></span> <span class='ocrx_word' id='word_1_241' title='bbox 187 2888 248 2937; x_wconf 84' lang='lat' dir='ltr'>erpo</span> <span class='ocrx_word' id='word_1_242' title='bbox 266 2874 372 2937; x_wconf 76' lang='lat' dir='ltr'>aliquod</span> <span class='ocrx_word' id='word_1_243' title='bbox 390 2870 492 2920; x_wconf 83' lang='lat' dir='ltr'>animal</span> <span class='ocrx_word' id='word_1_244' title='bbox 510 2874 549 2917; x_wconf 83' lang='lat' dir='ltr'>est</span> <span class='ocrx_word' id='word_1_245' title='bbox 566 2867 647 2929; x_wconf 82' lang='lat' dir='ltr'>lipes.</span> <span class='ocrx_word' id='word_1_246' title='bbox 666 2862 740 2916; x_wconf 85' lang='lat' dir='ltr'>llaec</span> <span class='ocrx_word' id='word_1_247' title='bbox 765 2865 838 2914; x_wconf 80' lang='lat' dir='ltr'>saria</span> <span class='ocrx_word' id='word_1_248' title='bbox 864 2863 1000 2925; x_wconf 88' lang='lat' dir='ltr'>dispositio</span> <span class='ocrx_word' id='word_1_249' title='bbox 1020 2862 1125 2911; x_wconf 86' lang='lat' dir='ltr'>termini</span> 
     </span>
    </p>
   </div>
   <div class='ocr_carea' id='block_1_7' title="bbox 57 2934 1127 3078">
    <p class='ocr_par' dir='ltr' id='par_1_8' title="bbox 57 2934 1127 3078">
     <span class='ocr_line' id='line_1_33' title="bbox 57 2934 1125 3001; baseline -0.018 -2"><span class='ocrx_word' id='word_1_250' title='bbox 57 2950 131 2999; x_wconf 80' lang='lat' dir='ltr'>medii</span> <span class='ocrx_word' id='word_1_251' title='bbox 152 2960 218 2997; x_wconf 82' lang='lat' dir='ltr'>eum</span> <span class='ocrx_word' id='word_1_252' title='bbox 236 2944 365 2995; x_wconf 81' lang='lat' dir='ltr'>extremis</span> <span class='ocrx_word' id='word_1_253' title='bbox 383 2940 521 2992; x_wconf 87' lang='lat' dir='ltr'>constituit</span> <span class='ocrx_word' id='word_1_254' title='bbox 547 2939 659 3001; x_wconf 67' lang='lat' dir='ltr'>figuram</span> <span class='ocrx_word' id='word_1_255' title='bbox 682 2936 845 3000; x_wconf 87' lang='lat' dir='ltr'>syllogismi,</span> <span class='ocrx_word' id='word_1_256' title='bbox 866 2947 935 2997; x_wconf 85' lang='lat' dir='ltr'>quae</span> <span class='ocrx_word' id='word_1_257' title='bbox 953 2934 1125 2995; x_wconf 77' lang='lat' dir='ltr'>distinguitur</span> 
     </span>
     <span class='ocr_line' id='line_1_34' title="bbox 57 3005 1127 3078; baseline -0.016 -9"><span class='ocrx_word' id='word_1_258' title='bbox 57 3036 70 3069; x_wconf 85' lang='lat' dir='ltr'>s</span> <span class='ocrx_word' id='word_1_259' title='bbox 87 3021 177 3078; x_wconf 72' lang='lat' dir='ltr'>modm</span> <span class='ocrx_word' id='word_1_260' title='bbox 194 3030 257 3067; x_wconf 88' lang='lat' dir='ltr'>nam</span> <span class='ocrx_word' id='word_1_261' title='bbox 271 3016 365 3065; x_wconf 88' lang='lat' dir='ltr'>modus</span> <span class='ocrx_word' id='word_1_262' title='bbox 379 3009 524 3077; x_wconf 76' lang='lat' dir='ltr'>syllogismi</span> <span class='ocrx_word' id='word_1_263' title='bbox 537 3010 563 3059; x_wconf 92' lang='lat' dir='ltr'>in</span> <span class='ocrx_word' id='word_1_264' title='bbox 577 3009 749 3072; x_wconf 84' lang='lat' dir='ltr'>dispositione</span> <span class='ocrx_word' id='word_1_265' title='bbox 761 3006 966 3070; x_wconf 85' lang='lat' dir='ltr'>praemissarum</span> <span class='ocrx_word' id='word_1_266' title='bbox 979 3005 1127 3055; x_wconf 83' lang='lat' dir='ltr'>seeundum</span> 
     </span>
    </p>
   </div>
   <div class='ocr_carea' id='block_1_8' title="bbox 56 3082 1130 3656">
    <p class='ocr_par' dir='ltr' id='par_1_9' title="bbox 56 3082 644 3155">
     <span class='ocr_line' id='line_1_35' title="bbox 56 3082 644 3155; baseline -0.022 -13"><span class='ocrx_word' id='word_1_267' title='bbox 56 3092 231 3155; x_wconf 75' lang='lat' dir='ltr'>quantitatem</span> <span class='ocrx_word' id='word_1_268' title='bbox 249 3092 277 3137; x_wconf 91' lang='lat' dir='ltr'>et</span> <span class='ocrx_word' id='word_1_269' title='bbox 295 3086 452 3150; x_wconf 84' lang='lat' dir='ltr'>qualitatem</span> <span class='ocrx_word' id='word_1_270' title='bbox 472 3082 574 3144; x_wconf 85' lang='lat' dir='ltr'>positus</span> <span class='ocrx_word' id='word_1_271' title='bbox 592 3085 644 3131; x_wconf 80' lang='lat' dir='ltr'>cet,</span> 
     </span>
    </p>

    <p class='ocr_par' dir='ltr' id='par_1_10' title="bbox 57 3148 1130 3656">
     <span class='ocr_line' id='line_1_36' title="bbox 88 3148 1129 3225; baseline -0.019 -11"><span class='ocrx_word' id='word_1_272' title='bbox 88 3164 96 3199; x_wconf 81' lang='lat'><strong>¹</strong></span> <span class='ocrx_word' id='word_1_273' title='bbox 116 3160 152 3213; x_wconf 81' lang='lat' dir='ltr'>B.</span> <span class='ocrx_word' id='word_1_274' title='bbox 172 3174 225 3225; x_wconf 80' lang='lat' dir='ltr'>g.‚</span> <span class='ocrx_word' id='word_1_275' title='bbox 246 3172 298 3210; x_wconf 89' lang='lat' dir='ltr'>non</span> <span class='ocrx_word' id='word_1_276' title='bbox 317 3155 453 3208; x_wconf 86' lang='lat' dir='ltr'>concludit</span> <span class='ocrx_word' id='word_1_277' title='bbox 471 3153 515 3203; x_wconf 84' lang='lat' dir='ltr'>hle</span> <span class='ocrx_word' id='word_1_278' title='bbox 535 3152 720 3215; x_wconf 81' lang='lat' dir='ltr'>syllogismus:</span> <span class='ocrx_word' id='word_1_279' title='bbox 746 3150 847 3212; x_wconf 76' lang='lat' dir='ltr'>Aliquis</span> <span class='ocrx_word' id='word_1_280' title='bbox 870 3150 946 3198; x_wconf 85' lang='lat' dir='ltr'>horno</span> <span class='ocrx_word' id='word_1_281' title='bbox 970 3152 1008 3197; x_wconf 81' lang='lat' dir='ltr'>est</span> <span class='ocrx_word' id='word_1_282' title='bbox 1029 3148 1129 3206; x_wconf 57' lang='lat' dir='ltr'>eiusne</span> 
     </span>
     <span class='ocr_line' id='line_1_37' title="bbox 57 3214 1128 3299; baseline -0.018 -15"><span class='ocrx_word' id='word_1_283' title='bbox 57 3236 124 3299; x_wconf 84' lang='lat' dir='ltr'>atqui</span> <span class='ocrx_word' id='word_1_284' title='bbox 141 3233 241 3296; x_wconf 79' lang='lat' dir='ltr'>aliquis</span> <span class='ocrx_word' id='word_1_285' title='bbox 259 3232 335 3279; x_wconf 87' lang='lat' dir='ltr'>homo</span> <span class='ocrx_word' id='word_1_286' title='bbox 355 3235 391 3278; x_wconf 81' lang='lat' dir='ltr'>est</span> <span class='ocrx_word' id='word_1_287' title='bbox 409 3234 542 3287; x_wconf 70' lang='grc' dir='ltr'>ηιονιιιιιι,ι</span> <span class='ocrx_word' id='word_1_288' title='bbox 564 3238 625 3285; x_wconf 84' lang='lat' dir='ltr'>erqo</span> <span class='ocrx_word' id='word_1_289' title='bbox 649 3223 745 3284; x_wconf 83' lang='lat' dir='ltr'>aliquis</span> <span class='ocrx_word' id='word_1_290' title='bbox 763 3228 879 3284; x_wconf 83' lang='lat' dir='ltr'>mortuus</span> <span class='ocrx_word' id='word_1_291' title='bbox 897 3225 935 3270; x_wconf 81' lang='lat' dir='ltr'>est</span> <span class='ocrx_word' id='word_1_292' title='bbox 953 3220 1051 3267; x_wconf 76' lang='lat' dir='ltr'>otum.</span> <span class='ocrx_word' id='word_1_293' title='bbox 1072 3214 1128 3266; x_wconf 84' lang='lat' dir='ltr'>Heo</span> 
     </span>
     <span class='ocr_line' id='line_1_38' title="bbox 58 3289 1128 3369; baseline -0.02 -14"><span class='ocrx_word' id='word_1_294' title='bbox 58 3306 110 3369; x_wconf 81' lang='lat' dir='ltr'>lage</span> <span class='ocrx_word' id='word_1_295' title='bbox 130 3318 186 3354; x_wconf 86' lang='lat' dir='ltr'>non</span> <span class='ocrx_word' id='word_1_296' title='bbox 205 3304 376 3351; x_wconf 85' lang='lat' dir='ltr'>eontinentur</span> <span class='ocrx_word' id='word_1_297' title='bbox 395 3297 557 3362; x_wconf 85' lang='lat' dir='ltr'>syllogismi,</span> <span class='ocrx_word' id='word_1_298' title='bbox 577 3307 692 3358; x_wconf 88' lang='lat' dir='ltr'>quorum</span> <span class='ocrx_word' id='word_1_299' title='bbox 712 3292 913 3341; x_wconf 80' lang='lat' dir='ltr'>enunciationrs</span> <span class='ocrx_word' id='word_1_300' title='bbox 932 3293 993 3339; x_wconf 89' lang='lat' dir='ltr'>sunt</span> <span class='ocrx_word' id='word_1_301' title='bbox 1012 3289 1128 3351; x_wconf 84' lang='lat' dir='ltr'>singula-</span> 
     </span>
     <span class='ocr_line' id='line_1_39' title="bbox 58 3360 1127 3439; baseline -0.019 -13"><span class='ocrx_word' id='word_1_302' title='bbox 58 3391 105 3435; x_wconf 79' lang='lat' dir='ltr'>res,</span> <span class='ocrx_word' id='word_1_303' title='bbox 125 3376 202 3439; x_wconf 85' lang='lat' dir='ltr'>quia,</span> <span class='ocrx_word' id='word_1_304' title='bbox 224 3386 285 3423; x_wconf 86' lang='lat' dir='ltr'>enm</span> <span class='ocrx_word' id='word_1_305' title='bbox 307 3372 333 3420; x_wconf 93' lang='lat' dir='ltr'>in</span> <span class='ocrx_word' id='word_1_306' title='bbox 353 3372 394 3419; x_wconf 85' lang='lat' dir='ltr'>his</span> <span class='ocrx_word' id='word_1_307' title='bbox 413 3370 563 3419; x_wconf 82' lang='lat' dir='ltr'>subiectum</span> <span class='ocrx_word' id='word_1_308' title='bbox 577 3365 725 3415; x_wconf 86' lang='lat' dir='ltr'>seeundum</span> <span class='ocrx_word' id='word_1_309' title='bbox 746 3368 829 3412; x_wconf 84' lang='lat' dir='ltr'>totam</span> <span class='ocrx_word' id='word_1_310' title='bbox 848 3376 925 3412; x_wconf 90' lang='lat' dir='ltr'>suam</span> <span class='ocrx_word' id='word_1_311' title='bbox 945 3360 1127 3410; x_wconf 83' lang='lat' dir='ltr'>extensionem</span> 
     </span>
     <span class='ocr_line' id='line_1_40' title="bbox 58 3430 1127 3503; baseline -0.017 -8"><span class='ocrx_word' id='word_1_312' title='bbox 58 3452 187 3503; x_wconf 86' lang='lat' dir='ltr'>sumatur,</span> <span class='ocrx_word' id='word_1_313' title='bbox 209 3443 398 3493; x_wconf 81' lang='lat' dir='ltr'>uniuersalium</span> <span class='ocrx_word' id='word_1_314' title='bbox 420 3442 502 3490; x_wconf 88' lang='lat' dir='ltr'>instar</span> <span class='ocrx_word' id='word_1_315' title='bbox 522 3438 617 3487; x_wconf 86' lang='lat' dir='ltr'>merito</span> <span class='ocrx_word' id='word_1_316' title='bbox 636 3437 779 3485; x_wconf 86' lang='lat' dir='ltr'>hahentur.</span> <span class='ocrx_word' id='word_1_317' title='bbox 792 3432 860 3484; x_wconf 82' lang='lat' dir='ltr'>Sane</span> <span class='ocrx_word' id='word_1_318' title='bbox 874 3434 991 3496; x_wconf 85' lang='lat' dir='ltr'>legitima</span> <span class='ocrx_word' id='word_1_319' title='bbox 1006 3436 1046 3479; x_wconf 83' lang='lat' dir='ltr'>est</span> <span class='ocrx_word' id='word_1_320' title='bbox 1061 3430 1127 3478; x_wconf 88' lang='lat' dir='ltr'>haee</span> 
     </span>
     <span class='ocr_line' id='line_1_41' title="bbox 58 3502 1130 3580; baseline -0.014 -15"><span class='ocrx_word' id='word_1_321' title='bbox 58 3515 268 3580; x_wconf 84' lang='lat' dir='ltr'>argumentatio:</span> <span class='ocrx_word' id='word_1_322' title='bbox 290 3516 377 3565; x_wconf 82' lang='lat' dir='ltr'>Cicero</span> <span class='ocrx_word' id='word_1_323' title='bbox 397 3513 447 3573; x_wconf 73' lang='lat' dir='ltr'>suit</span> <span class='ocrx_word' id='word_1_324' title='bbox 464 3511 701 3573; x_wconf 53' lang='lat' dir='ltr'>eloquentissimum</span> <span class='ocrx_word' id='word_1_325' title='bbox 720 3507 765 3556; x_wconf 84' lang='lat' dir='ltr'>ssd</span> <span class='ocrx_word' id='word_1_326' title='bbox 783 3508 870 3555; x_wconf 79' lang='lat' dir='ltr'>disere</span> <span class='ocrx_word' id='word_1_327' title='bbox 887 3507 936 3569; x_wconf 79' lang='lat' dir='ltr'>[uit</span> <span class='ocrx_word' id='word_1_328' title='bbox 954 3504 1058 3569; x_wconf 85' lang='lat' dir='ltr'>quidam</span> <span class='ocrx_word' id='word_1_329' title='bbox 1075 3502 1130 3553; x_wconf 78' lang='lat' dir='ltr'>Ar-</span> 
     </span>
     <span class='ocr_line' id='line_1_42' title="bbox 60 3580 820 3656; baseline -0.016 -16"><span class='ocrx_word' id='word_1_330' title='bbox 60 3594 141 3656; x_wconf 69' lang='lat' dir='ltr'>pismsy</span> <span class='ocrx_word' id='word_1_331' title='bbox 161 3589 243 3654; x_wconf 80' lang='lat' dir='ltr'>igitur</span> <span class='ocrx_word' id='word_1_332' title='bbox 261 3587 365 3654; x_wconf 82' lang='lat' dir='ltr'>quidam</span> <span class='ocrx_word' id='word_1_333' title='bbox 384 3586 500 3649; x_wconf 79' lang='lat' dir='ltr'>Arpinas</span> <span class='ocrx_word' id='word_1_334' title='bbox 518 3583 567 3647; x_wconf 66' lang='lat' dir='ltr'>fuit</span> <span class='ocrx_word' id='word_1_335' title='bbox 586 3580 820 3648; x_wconf 84' lang='lat' dir='ltr'>eloquentissimus.</span> 
     </span>
    </p>
   </div>
   <div class='ocr_carea' id='block_1_9' title="bbox 0 0 1250 3909">
    <p class='ocr_par' dir='ltr' id='par_1_11' title="bbox 0 0 1250 3909">
     <span class='ocr_line' id='line_1_43' title="bbox 0 0 1250 3909; baseline 0 0"><span class='ocrx_word' id='word_1_336' title='bbox 0 0 1250 3909; x_wconf 95' lang='lat' dir='ltr'> </span> 
     </span>
    </p>
   </div>
  </div>
 </body>
</html>
