2475 3909
117 90 179 155 232
495 103 746 174 cerrnnroncem

79 187 262 257 individuis
295 188 422 272 experti
446 207 585 262 snmus,
610 185 699 251 illam
732 206 800 249 esse
836 186 917 272 ipsis
939 188 1147 267 naturalem,

80 270 284 357 proindeque
315 271 347 333 in
372 271 489 335 ceteris
512 267 660 333 eiusdem
688 279 823 334 naturae
843 289 974 353 quoque
1004 270 1148 335 inveniri

78 354 205 438 magis,
230 354 278 418 vol
302 352 411 415 minus
433 350 627 437 probabile,
650 348 704 415 scd
728 372 791 415 non
814 362 938 415 certum
961 372 1029 415 esse
1052 351 1148 416 nobis

101 445 194 500 otest.

76 456 168 581 ptil.
185 517 235 581 Ex
257 514 308 579 his
330 513 495 610 colligitur
517 511 634 577 laisum
656 534 725 579 esse
749 512 799 591 irl,
816 512 902 597 quod
928 515 1067 579 llumius
1090 534 1149 579 au-

77 598 232 673 tumavit3
251 615 366 692 nempe
389 616 456 660 mm
480 594 679 660 inductionis
703 596 916 681 incompletae
938 592 1027 658 nullo
1051 593 1147 661 firmo

77 680 243 765 principio
266 676 397 742 innrti¹.
411 677 557 754 Etenim,
571 676 843 762 quemadmodum
861 679 975 744 Scotus
991 677 1145 755 monnit¹,

77 771 174 845 atque
198 758 333 824 anobis
361 759 427 822 iam
455 767 619 823 ostensum
643 769 715 834 est,
739 760 857 825 veritas
880 758 1077 823 inductionis
1105 759 1148 824 ab

75 843 309 940 experientia,
331 851 363 906 et
385 861 403 904 a
425 842 550 906 ratione
580 842 647 905 vim
677 862 768 906 suam
797 843 908 906 sumit.
932 841 1149 935 Experientia

77 945 168 989 enrm
191 921 331 988 ostendit
350 921 527 1005 quamdam
549 922 741 1008 qualitatem
764 933 947 989 constanter
980 944 1012 985 m
1036 923 1148 1007 aliqua

76 1027 112 1069 re
135 1007 299 1070 inventam
323 1022 410 1077 esse;
425 1005 509 1069 ratio
531 1014 640 1069 antem
663 1007 808 1090 suggerit
830 1004 919 1069 illam
941 1004 1145 1087 qualitatem,

76 1108 117 1150 eo
139 1086 226 1183 quod
250 1095 433 1151 constanter
455 1089 488 1149 in
511 1086 566 1150 illa
589 1108 624 1151 re
648 1086 825 1161 invenitur,
842 1085 879 1151 ad
903 1087 974 1150 eius
997 1097 1146 1151 naturam

76 1178 258 1251 pertinere,
273 1190 313 1231 ex
327 1188 393 1252 quo
416 1169 629 1252 consequitur
653 1168 721 1233 lore
737 1180 773 1235 ut
791 1168 843 1233 illa
866 1168 1005 1252 qualitas
1029 1168 1062 1231 in
1078 1188 1148 1233 om-

75 1249 172 1313 nihus
195 1249 360 1313 similibus
381 1249 538 1315 subiectis
560 1260 744 1315 constanter
768 1250 960 1315 inveniatur.

116 1332 168 1395 62.
192 1329 301 1397 Obiic.
325 1329 509 1395 Leilrnitins
521 1333 545 1408 ⁸,
569 1332 789 1407 Gennensis‘‚
812 1332 1043 1397 Rosminius⁵:
1068 1329 1146 1395 Cer·

74 1412 181 1477 titndo
204 1414 349 1499 perlecta
372 1433 436 1475 non
460 1413 637 1489 invenitur,
661 1415 723 1478 nisi
748 1414 780 1478 in
803 1416 858 1490 iis,
879 1432 1021 1498 quorum
1044 1434 1064 1477 o
1090 1430 1148 1497 po·

73 1494 175 1558 situm
198 1503 247 1559 est
267 1492 484 1581 impossibile.
507 1496 605 1579 Atqui
629 1494 698 1560 lieri
722 1504 839 1580 potest,
862 1506 900 1564 ut
921 1494 968 1569 id,
985 1433 1087 1640 quod)
1101 1494 1148 1559 le-

74 1576 173 1661 gibus
194 1585 329 1641 naturae
351 1574 565 1651 adversatur,
590 1579 729 1641 eveniat.
754 1578 842 1661 Ergo
864 1578 981 1643 certitu
1006 1598 1026 1641 o
1051 1575 1146 1642 indu-

72 1658 314 1805 alwis'tqlfle
336 1678 354 1721 a
375 1657 557 1723 constantia
579 1657 689 1741 legum
714 1660 912 1724 naturalium
933 1656 1064 1744 pendet,
1079 1679 1145 1723 non

72 1758 110 1803 es
135 1761 204 1886 {ter
220 1760 256 1803 ec
271 1760 301 1802 a.

113 1822 135 1884 6
191 1822 304 1905 Resp.‚
331 1820 410 1884 llist.
435 1820 530 1897 mni,
554 1830 602 1886 est
626 1821 826 1907 impossibile
849 1821 899 1886 vel
921 1820 1070 1893 obsolute,
1093 1822 1143 1887 vel

71 1903 286 1979 naturaliter,
310 1924 394 1965 conc.
419 1903 520 1975 mci,
542 1901 675 1965 obsolute
697 1916 846 1979 tantum,
869 1923 935 1986 neq.
959 1904 1035 1967 moi.
1062 1905 1143 1969 Dist.

73 1984 197 2067 pariter
219 1987 312 2059 nin,
328 1984 400 2047 lieri
425 1993 529 2067 potest
549 1982 696 2061 obsolute,
719 2007 803 2050 conc.
827 1988 919 2060 mim,
944 1987 1143 2061 naturaliter,

71 2084 139 2147 neq.
161 2068 240 2129 min.
258 2065 337 2147 Neq.
361 2084 443 2127 coos.
460 2063 508 2127 lie
530 2063 665 2149 quidem
688 2089 777 2143 vera,
799 2068 973 2144 certitudo,
990 2066 1145 2152 quemad-

71 2146 206 2211 modum
228 2168 269 2211 ex
291 2168 317 2210 s.
334 2146 456 2210 Thoma
478 2146 665 2211 monuimus
681 2151 706 2224 ⁰,
722 2147 853 2215 diversa
875 2151 1001 2215 rationo
1021 2148 1145 2215 dicitur

66 2230 219 2311 perfecto,
243 2242 338 2314 prout
359 2225 510 2291 diversae
533 2228 655 2312 speciei
677 2241 743 2307 est;
766 2252 841 2297 nam
862 2229 1022 2297 certitudo
1049 2242 1145 2295 metc-

67 2308 202 2396 physica
223 2308 367 2395 perlecta
389 2305 523 2383 dicitur,
539 2308 616 2393 quia
638 2313 827 2407 oppositum
849 2322 898 2376 est
918 2311 1062 2378 absolute
1084 2312 1145 2375 im-

71 2391 244 2477 possibile;
267 2388 429 2455 certitudo
450 2401 560 2454 autem
577 2390 623 2474 ple
644 2413 708 2456 saca
730 2403 779 2461 est
801 2394 964 2480 perlecta,
986 2394 1064 2479 quia
1085 2413 1144 2479 op-

71 2476 214 2560 positum
237 2484 285 2538 est
306 2469 509 2557 impossibile
531 2410 730 2555 lqmotletica
755 2497 812 2541 sen
834 2476 980 2562 inspecto
1008 2484 1143 2541 naturae

70 2557 220 2620 ordine'.
236 2556 305 2619 tam
328 2550 503 2629 certitudo,
519 2574 615 2637 quam
641 2553 786 2623 inductio
808 2557 903 2621 nobis
926 2556 1075 2641 largitur,
1095 2568 1145 2622 est

71 2638 230 2725 physica,
253 2657 290 2701 ac
312 2634 450 2724 proinde
472 2645 522 2701 est
543 2633 706 2721 perlectam
728 2659 801 2702 nam
823 2640 883 2705 etsi
909 2638 965 2711 id,
986 2638 1075 2719 quod
1095 2636 1142 2703 le·

70 2720 167 2806 gibus
189 2728 323 2784 naturae
345 2717 533 2803 opponitur,
549 2718 672 2783 nonsit
693 2718 838 2785 absolute
858 2720 1075 2805 impossibile,
1095 2728 1143 2784 ta-

70 2823 146 2866 men
168 2800 302 2864 omnino
333 2808 460 2864 certum
492 2809 541 2864 est
568 2819 637 2864 rem
665 2801 858 2867 naturaliter
889 2821 981 2867 secus
1009 2802 1142 2867 evenire

69 2903 135 2948 nou
156 2901 261 2967 posse.

440 3035 758 3051 m

107 3119 116 3155 ¹
137 3120 227 3169 brute
245 3130 291 3167 rur
309 3118 512 3169 leumtderuant
529 3118 646 3175 lumotu,
668 3114 728 3169 llsr.
744 3114 788 3176 tv,
810 3121 879 3181 part.
895 3116 929 3178 ll,
950 3120 1045 3171 Oeuur.
1060 3121 1141 3185 pltl„

67 3190 137 3243 trad.
158 3189 190 3239 de
210 3189 319 3253 l’angl„
340 3193 361 3239 t.
383 3186 407 3248 l,
427 3204 454 3251 p.
477 3188 606 3248 tit-tae,
627 3186 710 3239 lond.
733 3190 813 3240 1788.

106 3262 118 3299 ²
139 3266 170 3313 lu
189 3263 235 3313 tto.
256 3264 370 3320 lSent„
393 3259 458 3312 [litt.
480 3259 525 3321 ΙΙΙ,
546 3275 574 3326 q.
598 3258 645 3319 lV.
664 3264 750 3313 schol.

105 3331 247 3384 ⁸Dissert.
271 3336 309 3384 lle
329 3334 396 3398 stylo
415 3334 511 3396 ptrlor.
530 3336 611 3388 Μανῆ·
630 3335 734 3393 Niroltt,
756 3340 771 3393 s
790 3332 835 3384 32.

105 3402 208 3455 ‘Arde
229 3408 392 3469 Lectae-erit.
413 3405 460 3456 lib.
481 3402 515 3465 V,
535 3420 561 3456 c.
583 3405 610 3455 ll.

104 3476 256 3526 ⁵Trnttuto
274 3478 343 3527 datto
360 3480 493 3529 euadente
512 3479 622 3535 morule,
643 3476 691 3526 lib.
712 3474 758 3537 lll,
779 3490 835 3527 aaz.
856 3475 884 3535 2,
904 3489 930 3526 c.
950 3475 978 3533 2,
999 3490 1025 3526 a.
1047 3477 1074 3529 3.

101 3543 171 3603 *Εἴ
188 3550 261 3615 ton,
282 3553 350 3613 pert.
375 3547 422 3611 lll,
442 3564 467 3600 c.
489 3546 535 3610 lv,
555 3563 582 3603 a.
602 3548 631 3609 2,
653 3564 680 3616 p.
701 3548 809 3601 91.--7
829 3543 863 3602 Cl
879 3562 907 3615 p.
927 3548 979 3601 233
994 3548 1058 3603 234.
