2475 3909
158 185 224 254 tte
552 205 752 257 cosuoaoors

115 288 262 370 gnitione
284 288 437 358 sensitiva
461 289 578 374 pollet,
600 301 649 356 est
670 311 728 354 cor
751 309 800 367 us,
824 288 874 353 vel
897 285 1061 374 quaelibet
1084 283 1191 356 lorma

114 381 286 455 corporea.
309 372 409 456 Atqui
438 393 479 436 ex
506 374 666 439 sententia
693 311 963 440 Scliolastidorum
991 393 1097 457 neque
1119 393 1192 436 cor-

115 470 187 535 pus,
206 474 310 539 neque
330 452 495 551 quaelibet
519 453 625 553 lorma
647 475 805 551 corporea
827 454 1012 550 cognitione
1024 455 1190 550 'sensitiva

112 533 236 678 pollen
260 557 334 600 nam
356 557 465 600 amma
488 535 655 614 belluina,
678 557 731 601 cur
756 548 901 621 cognitio
921 547 1075 601 sensitiva
1096 547 1192 602 attra-

137 617 248 694 uitur,
272 639 335 682 non
363 629 411 683 est
431 639 572 705 eorpus,
596 621 664 683 imo
688 616 899 683 indivisibilis
920 630 985 694 est,
1009 629 1105 703 atque
1127 620 1188 682 etsi

113 697 219 762 lorma
243 699 421 766 materialis
436 701 488 777 sit,
507 712 612 767 tamen
636 703 707 786 ipsa
727 700 877 765 aceteris
899 697 1013 764 lormis
1036 704 1191 765 materia·

113 779 198 844 libus
212 779 333 848 differt.
346 783 435 866 Ergo
453 783 541 847 illam
557 785 749 849 sententiam
763 781 996 846 materialismo
1009 783 1096 844 riam
1109 793 1191 847 ster·

112 885 189 927 nere
205 885 329 928 summa
346 865 465 929 iniuria
489 867 656 930 asseritur.
672 866 700 929 N
744 885 784 928 ue
804 863 894 928 dicas
909 865 1049 927 animam
1068 861 1191 928 bellui-

112 965 198 1021 nam,
215 946 275 1010 etsi
291 945 408 1010 ceteris
425 945 540 1011 lormis
563 946 723 1011 materiali
751 967 788 1011 ns
810 945 994 1021 antecellat,
1014 957 1125 1010 tamen
1148 945 1190 1010 ab

112 1027 153 1090 iis
168 1048 230 1092 non
246 1025 396 1104 dillerre,
413 1038 480 1092 tum
497 1031 574 1113 quia
597 1038 657 1106 est,
674 1026 812 1114 perinde
835 1048 873 1091 ac
887 1026 975 1105 illae,
992 1028 1188 1104 materialis,

111 1119 181 1174 tum
209 1109 289 1194 qnia
317 1130 376 1194 per
403 1111 556 1176 virtutem
586 1131 775 1197 corpoream
805 1108 1010 1195 producitur.
1040 1109 1189 1186 Etenim,

111 1189 199 1274 quod
214 1201 338 1276 spectat
351 1190 390 1256 ad
408 1194 564 1278 primum,
581 1193 705 1258 formae
721 1192 918 1268 materiales,
932 1213 974 1255 ex
989 1190 1190 1257 scholastico

110 1291 184 1336 rum
208 1275 365 1338 sententia
382 1274 406 1352 ¹,
430 1295 493 1339 non
517 1274 640 1362 pollent
660 1275 773 1338 eadem
797 1272 1015 1360 perfectione,
1038 1272 1094 1337 sed
1119 1294 1189 1337 ma·

109 1353 226 1431 iorem,
252 1355 302 1422 rel
325 1357 485 1420 minorem
502 1357 639 1443 gradum
655 1357 867 1440 perfectionis
881 1354 1071 1431 admittunt,
1086 1365 1189 1441 prout

111 1437 226 1522 magis,
243 1438 294 1502 vel
310 1439 419 1504 minus
439 1437 479 1502 ad
495 1441 664 1504 materiam
686 1439 916 1523 deprimantur.
935 1437 1034 1521 Atqm
1059 1437 1094 1500 io
1119 1435 1189 1501 lor·

111 1518 185 1595 mis,
208 1531 244 1586 ut
266 1542 291 1584 s.
308 1518 445 1584 Thomas
467 1519 571 1598 docet,
593 1520 779 1585 differentia
801 1520 978 1594 invenitur,
994 1541 1012 1580 a
1030 1539 1089 1601 per
1111 1517 1186 1594 hoc,

109 1601 196 1682 quod
219 1623 284 1666 una
299 1601 476 1686 perfectior
496 1602 622 1676 existit,
644 1623 742 1686 quam
764 1601 855 1665 alia*
873 1625 901 1664 n.
925 1601 1014 1686 Ergo
1034 1621 1076 1665 eo
1098 1601 1109 1664 i
1137 1621 1186 1678 so,

108 1699 174 1764 quo
198 1685 306 1748 anima
322 1681 463 1747 belluina
479 1687 596 1750 ceteris
613 1685 728 1748 lormis
742 1683 918 1759 antecellit,
935 1680 976 1747 ab
991 1683 1059 1746 illis
1072 1619 1188 1748 uider»

109 1780 145 1825 re
168 1763 306 1830 dicenda
328 1775 389 1842 est,
405 1785 442 1829 ac
459 1766 594 1850 proinde
619 1765 684 1831 sibi
699 1787 770 1831 esse
814 1767 941 1849 roprias
962 1786 982 1830 o
1005 1765 1186 1841 orationes,

109 1862 194 1928 quae
209 1848 282 1913 aliis
297 1868 360 1913 non
375 1850 585 1925 conveniunt,
600 1849 679 1932 quia
691 1871 709 1910 a
723 1870 764 1913 ex
779 1786 968 1913 adversitate
983 1785 1186 1922 lormarum,

109 1929 290 1996 secundum
312 1950 392 2015 quar
413 1951 524 1995 rerum
546 1929 961 2049 speciesdiversilicantur,
976 1931 1131 2014 seqnitur
1154 1940 1186 1996 et

109 2013 338 2092 operationum
361 2009 546 2076 differentia
590 2037 617 2075 n.
642 2009 737 2089 Quod
759 2013 876 2080 attinet
895 2010 935 2075 ad
958 2009 1119 2087 alterum,
1142 2032 1184 2078 ex

107 2090 174 2154 iam
195 2093 317 2161 dictis*
335 2103 433 2178 patet,
449 2093 592 2159 animam
614 2091 794 2159 belluinam
817 2114 877 2179 per
897 2095 1053 2159 virtutem
1067 2113 1185 2179 corpo

107 2191 196 2237 ream
222 2173 360 2262 produci
376 2196 440 2238 non
456 2185 619 2260 tamquam
643 2197 702 2262 per
722 2197 854 2240 causam
879 2173 1109 2261 principalem,
1127 2173 1183 2239 sed

108 2265 275 2340 tamquam
304 2277 363 2341 per
392 2277 523 2321 causam
552 2257 845 2323 instrumentalem.
869 2281 887 2318 a
912 2256 1026 2320 Virtus
1047 2258 1184 2321 seminis

108 2335 252 2433 disponit
272 2339 456 2416 materiam,
472 2339 577 2405 virtus
598 2351 707 2405 autern
731 2341 859 2404 animae
880 2338 937 2403 dat
957 2335 1099 2403 lormam
1115 2359 1184 2402 ma-

108 2429 209 2485 teriae
234 2423 267 2486 in
291 2421 497 2507 generatione
521 2421 741 2486 animalis³n

512 2563 536 2629 C
550 2567 578 2627 Α
593 2561 695 2627 PVT
717 2561 774 2627 Vl.

272 2705 316 2768 lle
337 2719 450 2770 rernm
469 2702 706 2768 mundanarum
730 2715 821 2763 nexu
841 2701 878 2761 et
897 2695 1012 2761 ordine

148 2845 200 2910 Ex
222 2840 389 2928 pluribus,
414 2833 706 2924 inaequalibusque
729 2833 827 2900 rebus
849 2828 1020 2927 mundanis
1041 2831 1180 2897 unicum

106 2925 189 2996 illud
205 2936 355 3012 systema,
372 2919 458 3006 quod
481 2919 615 2983 munder
637 2927 783 2994 vocatur,
798 2914 954 2980 constitui
977 2933 1041 2976 non
1058 2927 1181 2999 posset,

106 3010 169 3077 nisi
184 3006 325 3092 quodam
347 3024 434 3069 nexu
456 3001 531 3068 illae
555 3001 642 3065 inter
662 3021 731 3066 sese
751 2997 1007 3070 continerentur,
1023 3003 1125 3081 atque
1141 2995 1181 3060 ad

104 3094 241 3158 unicum
262 3085 412 3153 ordinem
434 3093 674 3150 concurrerent.
691 3082 739 3146 lle
754 3080 815 3145 hoc
837 3080 941 3164 igitur
962 3096 1064 3157 nexu,
1079 3087 1182 3144 etor-

105 3175 182 3241 dine
206 3166 430 3237 disserendum
453 3165 547 3231 nohis
570 3175 629 3230 est.

141 3383 152 3420 ι
172 3379 208 3434 et
218 3395 244 3444 p.
262 3374 386 3429 tat-²
400 3377 488 3428 contr.
503 3372 578 3422 (ἔστι.
591 3406 597 3427 ,
611 3369 660 3418 lib.
676 3365 722 3428 lll,
736 3383 762 3419 c.
776 3365 886 3418 ill-⁸
901 3364 1021 3419 tete-⁶
1034 3364 1100 3432 Pap.
1117 3367 1179 3420 tta.

142 3455 154 3490 ⁵
173 3449 196 3511 l,
210 3467 238 3515 q.
253 3445 371 3508 extat,
386 3461 413 3497 a.
428 3445 444 3495 Ξ
457 3444 490 3495 ad
505 3443 532 3493 3.
546 3439 582 3494 Cl
593 3445 625 3492 ln
638 3441 682 3492 lid.
695 3444 722 3491 ll
732 3443 817 3500 Soet,
827 3437 895 3491 lllst.
910 3437 1008 3501 XVlll,
1021 3453 1053 3504 q.
1067 3437 1106 3500 ll,
1121 3440 1181 3492 ι3

104 3525 141 3574 ad
152 3523 180 3572 i.
195 3517 271 3572 Ctrca
286 3522 426 3571 brutorum
441 3518 557 3566 animam
572 3517 690 3577 praestat
710 3514 799 3578 legere
812 3513 986 3566 novissimum
997 3525 1079 3576 opus,
1095 3515 1183 3564 mre

106 3596 276 3658 critique—v
284 3587 448 3642 immortalite
466 3591 496 3640 dr
516 3590 595 3638 Poma
614 3588 658 3636 der
677 3587 743 3637 teter
754 3588 830 3654 jupe'e
840 3601 893 3653 par
906 3590 977 3639 rotat
990 3586 1105 3671 flemus
1117 3587 1182 3637 d'A·
1226 3596 1227 3643 t

106 3670 179 3738 mtto,
199 3677 247 3728 par
266 3660 355 3715 labbe
373 3661 398 3717 l.
420 3659 518 3726 Benep,
540 3659 632 3712 Autan
654 3657 733 3710 tete.

1224 3676 1226 3749 l

1214 3758 1226 3879 ,l
