2475 3909
151 157 210 224 tto
532 175 763 222 arumnicum

109 277 183 408 pter
203 262 282 383 nihil
305 261 465 347 prohibet,
482 263 656 346 quominus
671 261 850 327 intellectos
872 261 911 325 ad
927 262 1013 326 illam
1036 265 1103 329 sine
1125 267 1174 331 his

124 356 235 410 oratur
266 392 271 408 .

151 428 222 502 llis,
244 447 326 514 quae
349 427 435 488 circa
461 427 626 489 notionem
657 422 840 491 intellectus
866 428 1010 510 agentis,
1034 431 1171 515 eiusque

109 509 271 574 actionem
294 529 311 572 a
335 507 538 573 Scholasticis
560 517 755 584 statuuntur,
776 507 959 593 explicatis,
983 507 1048 574 duo
1071 523 1175 578 osteu-

109 589 215 656 denda
237 589 329 654 nobis
350 598 445 655 sunt:

151 671 184 736 1⁰
205 673 286 738 hanc
301 669 500 746 facultatem,
517 691 600 755 quae
616 673 745 736 nomine
761 671 932 736 intellectus
946 675 1065 754 agentis
1086 675 1170 741 desi-

109 765 236 839 gnatur,
261 754 365 901 reipsa
381 754 533 830 existere3
556 751 590 815 2⁰
612 754 719 839 ipsum
734 752 930 818 intellectum
944 766 1094 840 agentem
1110 781 1174 824 non

108 857 181 900 esse
204 837 304 920 aliqui
350 847 441 901 extra
463 837 615 899 animam.

153 919 220 986 119.
244 920 340 1005 Prop.
364 917 410 983 1⁸.
435 917 649 981 Adrnitteredus
670 929 712 979 est
734 916 903 982 intellectus
924 936 1026 1000 ageres.

154 1001 324 1067 Probatur.
347 1001 511 1066 Essentiae
534 1020 644 1065 rerum
666 999 894 1076 materialium,
917 1012 1094 1084 quaesunt
1118 1003 1175 1067 ob-

110 1087 230 1150 iectum
255 1082 430 1148 intellectui
456 1083 593 1146 hunroco
621 1082 922 1166 proportionatum,
946 1102 1008 1146 uon
1031 1084 1177 1151 existunt

106 1180 200 1233 extra
223 1166 387 1244 animam,
417 1164 477 1228 nisi
501 1165 533 1228 in
557 1163 692 1226 materia
718 1175 909 1239 concretae,
932 1177 966 1229 et
987 1166 1019 1228 in
1041 1167 1177 1263 phanta-

108 1259 232 1326 smate,
254 1269 271 1311 a
293 1269 379 1333 quo,
402 1256 438 1314 ut
460 1244 625 1322 diximus,
654 1245 796 1328 cognitio
819 1246 1012 1313 intellectiva
1042 1248 1174 1314 mitium

107 1331 218 1406 sumit,
242 1331 388 1395 nonnisi
412 1337 509 1415 prout
531 1327 562 1390 in
587 1329 720 1391 materia
743 1339 910 1394 concretae
932 1341 1019 1406 sunt,
1044 1351 1176 1415 reprae-

110 1421 284 1478 sentantur.
308 1413 407 1496 Atqui
429 1408 534 1486 nihil,
562 1418 659 1494 prout
679 1421 729 1476 est
749 1410 782 1473 in
805 1411 942 1476 materia
970 1424 1173 1485 concretum,

107 1504 184 1560 actu
207 1492 414 1580 intelligibile
436 1511 505 1556 esse
528 1493 668 1576 patest¹.
684 1491 771 1576 Ergo
794 1493 952 1558 essentiae
972 1513 1083 1558 rerum
1104 1515 1175 1566 ma-

104 1574 283 1652 terialium,
306 1585 404 1660 prout
425 1574 568 1640 existunt
590 1582 682 1638 extra
704 1575 858 1648 animam,
874 1585 905 1640 et
920 1596 938 1638 a
953 1575 1174 1659 phantasmate

106 1667 408 1745 repraesentantur,
429 1676 493 1721 non
516 1663 590 1718 sunt
610 1653 833 1740 intelligibiles
853 1665 947 1734 actu,
970 1657 1025 1722 sed
1047 1668 1174 1722 tautum

107 1745 144 1807 in
164 1740 319 1824 pateatio3
343 1761 379 1804 ac
403 1735 538 1824 proinde
561 1757 644 1822 opus
666 1748 713 1802 est
734 1737 842 1822 aliqua
863 1738 993 1815 virtute,
1016 1761 1098 1824 quae
1121 1762 1173 1804 re-

107 1833 237 1891 moveat
258 1820 298 1885 ab
321 1821 369 1887 eis
390 1819 591 1886 conditiones
614 1819 807 1895 materiales,
827 1831 922 1905 atque
937 1819 981 1887 ita
997 1823 1083 1906 ipsas
1097 1831 1173 1886 octar

105 1902 328 1988 intelligibiles
351 1904 479 1970 efficiat.
504 1903 602 1986 Atqui
626 1901 811 1968 huiusmodi
827 1903 930 1966 virtus
952 1923 990 1967 ea
1013 1915 1070 1977 est,
1087 1926 1171 1989 quae

105 1986 288 2133 pntellectus
311 2006 408 2107 agens
431 1984 623 2072 appellatur.
648 1985 735 2069 Ergo
760 1982 976 2049 admittendus
1004 1997 1052 2051 est
1081 1987 1171 2052 intel-

120 2081 221 2214 ecibis).
232 2087 364 2214 abbiic.
376 2149 408 2215 Si
431 2146 611 2214 intellectus
627 2168 724 2234 agens
737 2169 777 2212 ex
794 2148 1011 2233 phantasmate
1026 2151 1168 2236 speciem

107 2229 348 2316 intelligibilem
377 2229 596 2306 abstraheret,
631 2240 780 2294 naturam
809 2231 910 2314 ipsius
938 2233 1170 2316 phantasmatis

105 2322 256 2390 mutaret,
272 2312 351 2398 quia
372 2332 564 2398 corporeum
587 2313 619 2376 in
643 2313 870 2400 incorporeum
885 2324 1096 2380 converteret.
1113 2319 1170 2383 ht-

102 2399 162 2482 qui
184 2394 359 2460 absurdam
381 2402 430 2458 est
450 2405 597 2460 naturam
621 2393 758 2459 alicuius
779 2397 827 2460 rei
849 2396 978 2461 mutari.
1004 2397 1050 2461 Er
1071 2419 1102 2462 o.

146 2479 215 2542 121.
239 2475 336 2574 Resp.
365 2475 442 2559 Nep.
471 2479 561 2554 moi.;
588 2498 670 2540 conc.
700 2478 792 2554 mine
817 2477 895 2560 Nep.
925 2497 1006 2542 cona.
1066 2478 1168 2547 tenim

104 2556 282 2627 abstractio
305 2556 358 2623 1lla
373 2578 436 2622 uon
458 2569 506 2623 est
527 2559 637 2634 realis,
654 2579 710 2622 seu
725 2558 916 2634 materialis,
933 2559 988 2624 sed
1003 2573 1051 2626 est
1066 2563 1172 2626 inteu-

105 2641 248 2715 ticnalis,
271 2639 337 2705 sive
360 2639 475 2726 logica,
492 2640 613 2706 scilicet
636 2640 815 2708 intellectus
837 2661 934 2725 agens
956 2645 1098 2725 speciem
1121 2643 1172 2707 in·

108 2722 312 2808 telligibilem
334 2745 375 2785 ex
399 2722 617 2808 phantasmate
640 2723 799 2796 ellormat,
823 2743 885 2786 non
907 2733 1063 2808 quatenus
1086 2745 1121 2788 re
1145 2725 1171 2789 i·-

106 2825 162 2890 psa
184 2805 276 2870 exuit
297 2803 484 2887 phantasma
499 2805 740 2870 conditionibus
755 2805 923 2883 materiae,
938 2804 993 2868 sed
1030 2818 1171 2873 uatenus

101 2884 243 2954 intendit
263 2884 301 2949 ad
324 2883 443 2949 nudam
464 2887 635 2952 essentiam
663 2888 710 2952 rei
738 2891 805 2953 sine
833 2827 1076 2955 conditionibus
1101 2910 1170 2953 ma-

103 2968 230 3044 teriae,
253 2963 371 3052 quibus
395 2967 464 3051 ipsa
485 2969 517 3032 in
539 2968 760 3054 phantasmate
786 2968 981 3034 obvolvitur.
1004 2971 1169 3048 Quocirca

104 3053 174 3138 ipse
198 3070 261 3117 uon
284 3057 386 3113 mutat
407 3058 555 3114 naturam
578 3070 767 3135 corpoream
789 3052 1017 3136 phantasmatis
1041 3053 1074 3118 in
1096 3073 1171 3116 cor-

128 3153 249 3210 oream,
273 3129 329 3194 sed
352 3130 450 3196 efficit
470 3132 664 3210 universale,
687 3143 720 3201 et
742 3133 843 3198 intelli
870 3133 947 3199 ibile
967 3133 1062 3214 illud,
1077 3135 1168 3221 quod

104 3155 137 3282 br
161 3216 380 3300 phantasmate
401 3222 450 3278 est
470 3215 647 3299 singulare,
671 3230 704 3284 et
723 3153 883 3281 sensisti.

145 3299 214 3364 122.
237 3298 335 3379 Prop.
358 3294 405 3360 2⁸.
429 3296 602 3364 Intellectus
623 3319 725 3382 ageres,
747 3300 810 3363 siae
831 3298 935 3362 lamen
957 3299 1165 3382 intelligibile,

103 3381 184 3472 qaod
203 3401 250 3445 res
272 3377 481 3463 intelligibiles
503 3380 606 3464 efficit,
630 3392 722 3446 extra
742 3383 880 3444 animum
902 3401 963 3445 csse
982 3401 1044 3444 noa
1053 3392 1165 3465 potest.

141 3576 149 3611 ¹
171 3569 207 3624 Gi
221 3587 244 3624 s.
265 3567 371 3630 Thom„
391 3576 439 3624 loa.
461 3574 504 3620 ott.
521 3571 580 3608 -2
600 3565 636 3624 Cf
650 3586 677 3636 p.
701 3573 761 3624 l3l.

136 3640 206 3704 ’tt
221 3659 243 3699 r.
264 3639 370 3708 tuom,
391 3644 412 3708 l,
432 3660 459 3714 q.
480 3639 548 3706 Llll,
569 3657 595 3696 a.
617 3646 635 3697 t
654 3659 693 3704 c.,
713 3652 740 3698 et
759 3659 786 3712 q.
806 3641 924 3707 tttttx,
945 3661 971 3697 a.
992 3645 1008 3698 ³
1029 3661 1054 3699 o.
