2475 3909
123 121 184 187 906
466 140 719 191 cnrrnmoxoem

82 225 253 289 veritatem
275 244 452 309 numquam
477 226 656 300 immotam,
672 237 704 289 et
725 223 823 289 fixam
844 224 998 305 existere,
1021 224 1075 293 sed
1099 249 1161 315 pro

81 304 229 390 qualibet
250 315 353 371 aetate
377 307 515 381 variare,
536 317 568 372 et
591 305 702 391 perfici
719 306 868 373 arbitrati
883 319 969 375 sunt.
989 310 1080 374 Hanc
1101 310 1159 375 ab·

82 408 229 452 normem
252 389 444 454 sententiam
467 386 644 453 refellimus
667 390 814 474 sequenti
838 389 1083 475 Propositione:

128 469 249 533 Veritor
272 490 349 555 quoe
370 481 414 533 ert
435 469 587 535 obiectum
610 469 782 535 intellector
803 470 945 548 lomoni,
965 492 1068 557 copox
1089 492 1159 537 mu-

82 554 224 628 tationis,
247 561 275 614 et
293 571 475 637 propreraus
497 571 559 615 esse
580 552 687 637 aequit
703 552 725 614 ¹.

124 634 292 697 Probatur.
316 634 444 697 Veritas
465 643 648 697 nostrarum
673 633 896 717 cognitionum
924 636 1028 718 posita
1051 637 1159 701 estin

82 734 195 780 earnm
218 716 444 779 convenientia
466 735 541 779 cum
562 713 682 787 rebus,
706 736 806 799 quase
830 727 1052 799 representem
1071 719 1098 793 ²,
1120 738 1159 781 ac

83 796 218 880 proinde
243 798 274 860 in
297 798 367 882 ipsa
391 797 537 862 realitate
558 818 669 861 rernm
698 794 943 863 fundamentum
972 796 1078 862 habet.
1102 802 1160 863 At-

82 879 139 959 qui
163 878 316 953 realitas,
337 879 406 943 sive
427 878 564 943 essentia
593 898 725 952 rerum,
748 898 825 942 cum
853 878 886 941 in
914 877 1157 977 exemplaribus

83 960 192 1025 Diviui
216 959 400 1027 intellectus
422 958 669 1025 fundamentum
697 957 824 1036 habeat,
850 958 1063 1025 immutabilis
1084 973 1158 1037 est,

81 1039 354 1128 quemadmodum
377 1040 591 1107 immutabilis
611 1052 659 1105 est
684 1039 822 1105 Divinus
844 1041 1038 1108 Intellectus.
1068 1044 1159 1128 Ergo

82 1126 203 1188 veritas
224 1144 308 1207 qnae
330 1134 377 1188 est
396 1124 561 1189 obiectum
584 1122 778 1197 intellectus,
799 1142 855 1185 seu
879 1122 972 1201 illud,
994 1122 1082 1208 quod
1103 1144 1161 1189 ve-

82 1205 187 1269 ritatis
208 1207 426 1290 cognitionem
455 1205 633 1280 constituit,
667 1204 872 1278 mutationis,
903 1214 936 1272 et
967 1226 1159 1290 progressus

83 1308 119 1351 ca
145 1306 185 1349 ax
209 1307 271 1350 non
294 1299 343 1352 est
357 1289 380 1349 ⁸.

122 1308 174 1435 dt.
190 1368 299 1434 Obiio.
324 1366 356 1432 1⁰
378 1369 472 1445 Quod
491 1370 522 1431 in
539 1364 648 1451 aliqua
664 1386 699 1429 re
713 1366 836 1442 existit,
856 1365 897 1429 ab
911 1387 950 1432 ea
965 1388 1000 1431 re
1015 1387 1160 1433 necessa-

83 1450 133 1516 rio
155 1450 283 1535 pendet.
307 1451 405 1533 Atqui
428 1451 568 1523 veritas,
591 1468 677 1531 quae
699 1467 716 1510 a
740 1446 833 1511 nobis
858 1449 1086 1531 cognoscitur,
1109 1462 1160 1517 est

84 1536 117 1598 in
140 1541 250 1596 nostro
272 1532 447 1597 intellectu.
472 1532 558 1628 Ergo
581 1531 711 1601 veritas,
733 1548 817 1611 quae
840 1548 857 1591 a
878 1529 971 1595 nobis
991 1534 1160 1615 cognosci-

83 1626 149 1689 tur,
172 1612 288 1699 pendet
309 1612 350 1678 ab
372 1615 595 1678 aestimatione
624 1610 723 1677 nostri
749 1608 938 1687 intellectus,
962 1632 998 1677 ac
1021 1612 1160 1697 proinde

83 1696 285 1771 mutationis,
306 1707 340 1762 et
363 1714 551 1780 progressus
564 1713 668 1777 capax
689 1702 748 1756 est.

122 1780 175 1845 98.
198 1778 311 1863 Resp,
336 1778 416 1841 Dirt.
441 1777 533 1851 mcor
550 1775 578 1838 si
593 1775 700 1839 oritur
714 1793 755 1836 ex
770 1772 943 1857 principiis
964 1775 1025 1850 rei,
1045 1775 1159 1860 inqua

82 1871 142 1937 est,
165 1879 251 1925 cono.
275 1862 368 1934 mio.;
392 1878 496 1933 secus,
518 1876 585 1939 neq.
610 1856 688 1918 mio.
706 1854 784 1936 Nep.
806 1873 889 1917 cons.
915 1856 999 1921 lluic
1021 1854 1160 1921 dillicul-

84 1943 140 2007 tati
165 1942 230 2005 iam
253 1939 385 2005 obviam
406 1943 509 2005 iverat
530 1960 556 2002 s.
581 1939 719 2001 Thomas
741 1936 828 1999 hisee
854 1935 983 2001 verbis:
1007 1962 1025 2000 «
1049 1938 1158 2015 lllud,

83 2020 170 2106 quod
193 2033 242 2089 est
262 2025 296 2087 in
317 2022 453 2107 aliquo,
475 2040 539 2085 non
561 2020 712 2116 sequitur
732 2014 836 2089 illud,
861 2018 892 2080 in
914 2039 980 2102 qao
1001 2031 1071 2097 est,
1095 2022 1159 2086 nisi

83 2103 213 2186 quando
234 2116 387 2169 causetur
408 2124 451 2167 ex
474 2102 645 2185 principiis
667 2099 749 2163 eius:
775 2096 859 2162 uude
883 2096 955 2175 lux,
978 2120 1061 2185 quae
1082 2123 1161 2167 cau-

83 2193 174 2249 satur
195 2186 228 2249 in
251 2207 326 2250 aere
348 2184 390 2249 ab
411 2185 606 2259 extrinseco,
622 2180 747 2247 scilicet
767 2200 807 2242 ex
821 2177 902 2255 sole,
922 2184 1069 2268 sequitur
1091 2204 1161 2247 mo-

84 2276 154 2330 tum
177 2266 256 2330 solis
277 2268 381 2351 magis
407 2286 505 2349 quam
527 2285 659 2339 aerem;
683 2261 833 2326 similiter
852 2262 996 2340 veritas,
1017 2286 1101 2350 quae
1125 2267 1160 2329 in

84 2347 191 2412 anima
213 2357 365 2412 causatur
385 2367 404 2409 a
426 2344 541 2423 rebus,
564 2366 628 2410 non
652 2344 798 2428 sequitur
822 2342 1100 2411 existimationem
1123 2368 1160 2411 a·

84 2430 205 2506 nimae,
228 2427 285 2493 sed
306 2427 513 2493 existentiam
537 2446 664 2499 rernm3
688 2446 729 2489 ex
750 2447 789 2489 eo
811 2424 897 2488 enirn
919 2426 1007 2510 quod
1023 2449 1074 2493 res
1095 2440 1157 2505 est,

84 2507 134 2575 vel
158 2520 303 2585 nonest,
326 2510 430 2574 oratio
452 2528 542 2583 nera,
566 2507 615 2571 vel
641 2506 720 2571 salsa
741 2507 890 2572 dicitur⁸
913 2530 941 2570 n.

124 2592 174 2656 99.
197 2590 305 2658 Obiio.
329 2588 364 2654 2⁰
388 2590 516 2654 Veritas
539 2589 644 2685 logica
666 2588 726 2653 sita
743 2589 839 2654 estin
859 2587 1094 2677 adaequatione
1111 2591 1160 2653 in-

84 2670 231 2737 tellectus
252 2693 327 2737 cum
350 2670 459 2736 rebus.
484 2674 583 2754 Atqui
600 2670 802 2753 experientia
822 2671 1013 2753 quotidiana
1034 2682 1160 2737 constat

84 2771 137 2815 res
158 2754 314 2817 continuo
328 2753 459 2817 mutari.
477 2752 565 2836 Ergo
581 2752 700 2816 veritas
715 2750 820 2835 logica
834 2752 987 2817 continuo
1003 2764 1158 2819 mutatur.

126 2834 196 2899 100.
221 2834 342 2919 Resp,
367 2836 450 2898 Dist.
472 2835 576 2908 min.;
600 2834 627 2896 si
652 2852 710 2917 per
730 2853 782 2896 res
804 2832 966 2919 intelligas
987 2836 1161 2919 qualitates

84 2913 265 2999 singulares
286 2936 419 2989 rerum,
440 2934 524 2978 coac.
547 2915 651 2989 mio.;
674 2916 700 2978 si
725 2926 855 2980 naturas
877 2936 987 2981 rerum
1015 2916 1161 3001 singula-

122 3155 130 3191 t
151 3150 201 3203 llio
221 3152 356 3215 loquimur
374 3150 407 3199 do
426 3154 481 3215 lpsa
503 3152 624 3211 rerltata,
645 3166 697 3202 non
717 3158 806 3203 autem
827 3154 858 3205 de
877 3158 1026 3212 intellectu.
1048 3159 1094 3223 qul
1115 3174 1162 3210 re-

85 3228 193 3277 ritatem
213 3224 369 3287 cognoscin
391 3224 541 3276 intellectus
559 3226 630 3274 euim
651 3230 737 3287 potest
756 3228 918 3287 mutarl,et
938 3230 1073 3292 progredi,
1093 3232 1160 3295 quia

84 3312 117 3349 ex
136 3310 226 3347 errore
245 3295 277 3345 ad
298 3296 418 3346 veritatis
436 3296 625 3361 cognitionem,
652 3296 692 3347 rel
713 3312 744 3347 ex
765 3300 856 3350 teriori
871 3302 903 3350 ad
924 3304 1080 3364 penttlorem
1100 3304 1162 3355 eius

85 3370 264 3432 cognitionem
284 3367 395 3430 gradum
416 3366 491 3418 lectt.
507 3394 541 3405 -
557 3366 569 3403 ²
587 3364 622 3417 (Ii
639 3382 666 3431 p.
687 3368 750 3419 232.

123 3440 135 3475 ⁸
153 3436 191 3489 De
212 3440 262 3489 hac
281 3440 458 3490 controversla
478 3454 553 3491 oens.
580 3442 752 3505 lprr'nor'polt
770 3445 866 3492 rtrtemt
884 3444 952 3495 dello
973 3444 1093 3513 Filoroflu
1108 3484 1114 3497 .
1129 3484 1161 3499 ..

86 3511 130 3566 rol
150 3511 259 3559 crecere
277 3517 344 3570 ete„
364 3526 390 3561 e.
406 3510 441 3570 ll,
454 3517 470 3572 s
484 3510 556 3570 l-lll,
569 3526 596 3574 p.
613 3510 663 3562 t50
683 3526 742 3577 sqq,
762 3510 856 3578 Napoll
878 3514 958 3568 1858.

123 3579 134 3623 l
155 3581 202 3649 (lq.
223 3582 323 3649 dlrpp„
345 3586 384 3636 Do
407 3586 479 3645 ror„
500 3597 527 3650 q.
550 3583 570 3645 l,
591 3597 617 3635 ι.
639 3583 654 3634 2
675 3586 708 3637 rd
728 3586 755 3637 3.
