2475 3909
165 217 224 286 130
537 233 767 285 uvnsurcoors

163 323 213 388 95.
237 321 287 387 Ex
308 322 359 387 his
372 320 538 407 colligitur
552 321 585 386 in
600 319 841 386 reminiscentia
854 318 1027 406 quamdam
1045 321 1184 390 existere

123 403 415 482 ratiocinationem,
436 403 557 550 quippe
579 402 667 500 quod
688 423 729 467 ex
750 401 857 487 aliqua
879 412 970 485 parte
991 405 1184 488 cognitionis

125 485 319 630 praeteritae
341 487 449 571 agnita
475 507 492 550 a
541 485 683 570 reliquas
703 483 942 550 exsuscitandas
964 485 1181 571 progreditur.

157 588 214 633 aeo
235 580 342 635 autem
369 567 572 634 ratiocinatio
600 565 792 654 imperfecta
818 575 887 642 est,
908 568 986 654 quia
1007 567 1076 652 ipsa
1097 590 1183 647 non,

125 651 173 714 uti
195 671 291 716 verus
313 649 539 738 syllogismus,
563 647 770 735 progreditur
793 669 836 712 er
881 649 1029 735 rincipiis
1050 648 1091 714 ad
1112 672 1186 716 con-

125 731 297 808 clusiones,
321 731 374 796 sed
397 753 438 796 ex
459 731 654 818 quibusdam
677 730 865 816 particulari
889 751 940 809 us,
962 751 1104 817 quornm
1118 733 1184 798 aui-

127 832 178 876 ma
200 813 403 889 recordatur,
427 813 466 878 ad
488 815 629 879 aliorum
650 812 921 879 recordationem.

164 895 214 960 96.
239 895 324 961 lllud
346 908 451 962 autem
472 906 583 962 contra
605 894 839 961 stewartium¹
861 893 1092 960 advertendum
1112 905 1183 971 est,

124 977 414 1055 ratiocinationem,
430 998 527 1063 quam
543 978 781 1044 reminiscentia
798 976 1041 1062 complectitur,
1056 997 1118 1043 non
1140 975 1188 1042 el·

125 1054 233 1135 ficere,
257 1071 294 1125 ut
314 1062 386 1147 ipsa
407 1059 551 1126 diversae
574 1070 707 1124 naturae
730 1061 783 1138 sit,
807 1077 844 1123 ac
865 1059 1035 1134 memoria,
1049 1056 1106 1124 sed
1120 1068 1186 1124 tau-

126 1151 195 1209 tum
217 1151 254 1205 ut
280 1144 323 1208 sit
344 1140 503 1228 quaedam
524 1141 593 1220 dos,
612 1160 697 1227 quae
720 1140 909 1205 memoriam
953 1139 1079 1219 erlicit,
1100 1161 1187 1206 eam-

125 1241 189 1306 que
212 1220 354 1289 belluina
376 1225 642 1309 praestantiorem
663 1220 781 1288 reddit.
805 1223 853 1286 Re
875 1161 1007 1310 quidem
1028 1243 1121 1300 vera,
1143 1221 1186 1284 si-

126 1314 181 1369 cut
202 1306 374 1390 cogitativa
397 1316 532 1404 propter
553 1308 713 1371 'virtutem
741 1306 1017 1452 comparativam,
1038 1324 1124 1388 qua,
1145 1301 1187 1367 ob

125 1385 387 1453 coniunctionem
415 1407 465 1453 sur
492 1409 565 1452 cum
594 1389 742 1463 ratione,
764 1387 817 1473 pol
833 1397 887 1466 et,
909 1384 1120 1453 excellentior
1140 1394 1189 1449 est

127 1469 352 1546 aestimativa,
380 1488 461 1553 quae
489 1469 607 1534 belluis
629 1470 735 1544 inest,
762 1489 826 1534 non
854 1477 960 1533 tamen
982 1465 1119 1534 lacultas
1140 1462 1189 1528 di·

126 1570 219 1614 versa
241 1549 281 1614 ab
302 1571 340 1616 ea
361 1559 421 1627 est;
444 1551 488 1617 ita
509 1550 753 1616 reminiscentia
774 1548 905 1618 excellit
931 1551 1108 1615 memoriae
1122 1545 1191 1612 bel-

129 1631 272 1710 luarnm,
295 1631 350 1698 sed
372 1634 520 1697 eiusdem
541 1642 686 1710 naturae,
709 1653 746 1696 ac
768 1633 803 1698 in
823 1634 915 1721 ipsis,
935 1633 1021 1696 θεῖ’.

554 1755 691 1823 GAPVT
712 1756 768 1823 lv.

432 1879 476 1944 lle
496 1877 657 1945 rasurute
678 1879 889 1964 intelligendi

165 2019 231 2070 Aur.
254 2018 274 2069 l.
291 2043 322 2058 ·-
337 2013 483 2070 Cuiusnam
502 2022 615 2068 naturae
634 2018 668 2068 su
688 2019 850 2079 intellectus,
869 2023 1032 2084 etquenam
1051 2022 1154 2072 ratione

420 2089 424 2102 ’
477 2103 518 2139 res
538 2090 570 2139 ud
589 2090 677 2154 ipsum
696 2089 845 2143 retenutur

166 2203 217 2269 97.
241 2199 425 2263 Intellectus
446 2206 495 2262 est
516 2196 572 2262 illa
594 2196 749 2277 facultas,
770 2199 864 2266 cuius
884 2208 934 2266 est
947 2199 1190 2287 apprehendere

127 2305 201 2361 res,
223 2290 322 2368 prout
342 2290 417 2346 sunt
443 2278 684 2345 immateriales.
707 2280 915 2379 Quapropter
942 2283 975 2347 in
1004 2284 1191 2368 cognitione

88 2389 90 2396 ’
127 2363 320 2432 intellectiva
340 2381 432 2426 secus
446 2361 576 2439 accidit,
592 2383 629 2427 ac
645 2361 679 2427 in
701 2367 886 2448 cognitione
901 2365 1065 2440 sensitiva3
1087 2366 1192 2450 siqui-

127 2449 201 2514 dem
224 2444 433 2519 inaccessi
457 2445 594 2529 species,
617 2464 792 2531 perquam
814 2446 978 2512 obiectum
994 2447 1191 2533 percipitur,

127 2533 171 2598 sit
192 2526 433 2602 immaterialis,
448 2535 554 2590 tamen
578 2528 685 2612 ipsum
707 2526 870 2595 obiectum
891 2549 911 2593 a
932 2527 1039 2614 specie
1061 2549 1194 2614 reprae-

127 2623 286 2680 sentatum
309 2618 357 2674 est
377 2605 503 2692 aliquid
526 2608 702 2687 materiale;
716 2608 750 2674 iu
772 2607 828 2675 illa
851 2623 958 2678 autem
974 2629 1031 2694 per
1051 2610 1192 2697 aliquid,

127 2691 214 2782 quod
235 2713 298 2757 nou
320 2701 369 2757 est
383 2690 563 2767 materiale,
578 2701 839 2777 repraesentatur
860 2713 924 2770 res,
945 2703 1041 2777 prout
1062 2707 1195 2761 nonest

128 2773 316 2842 materialis.
339 2774 407 2838 lam
428 2794 491 2850 res,
514 2782 610 2918 prout
631 2772 671 2837 ad
695 2773 895 2840 intellectum
917 2774 1116 2853 referuntur,
1139 2775 1195 2842 di-

127 2869 246 2927 cuutur
267 2854 492 2938 intelligibilem
539 2856 590 2919 inc
611 2856 698 2921 ratio
721 2855 1001 2943 intelligibilitatis
1020 2879 1133 2923 rerum
1155 2861 1193 2926 iu

127 2940 401 3007 immaterialitate
422 2934 588 3003 fundatur.

167 3023 219 3090 98.
237 3022 336 3100 llaec,
357 3039 441 3104 quae
464 3019 674 3096 asseruimus,
685 3041 727 3085 ex
742 3021 947 3106 sequentium
961 3019 1101 3087 duarum
1115 3043 1193 3109 pro-

129 3104 325 3194 positionum
347 3100 617 3167 demoustrutione
640 3101 734 3187 plane
755 3102 983 3168 conficiuntur:

169 3190 231 3254 Pro
257 3236 265 3251 .
289 3184 334 3251 1¹.
359 3181 535 3250 lrrtellsctus
558 3193 599 3247 est
619 3184 751 3266 facultas
770 3185 964 3268 ioorpunicu.

169 3207 327 3370 lsrolatur
359 3264 487 3332 duobus
515 3267 716 3352 argumentis
743 3265 783 3332 alr
805 3268 877 3354 ipsa
898 3277 1012 3332 natura
1039 3267 1197 3333 animae⁸

127 3365 247 3440 petvtvs.

115 3523 118 3533 ·
164 3503 175 3542 ¹
195 3505 291 3556 rutae.
312 3507 344 3556 ds
361 3503 466 3568 t’esprtt
484 3504 566 3562 trum„
587 3506 657 3566 part.
677 3501 705 3561 ²,
726 3517 752 3553 c.
773 3503 801 3564 o,
821 3509 889 3555 sect.
910 3500 932 3553 l.

162 3569 1140 3639 mausitans„usuam,q.xt1x,a.s,us.vn0m.,t.
1163 3590 1196 3638 q.

127 3645 268 3710 LXXVlll.
288 3664 314 3700 a.
334 3651 351 3700 l
369 3649 403 3698 ad
422 3649 448 3700 5.

162 3717 174 3753 ⁸
191 3719 309 3777 Diximus
327 3738 361 3796 ee
379 3726 437 3790 tpsu
456 3729 552 3775 acturo
571 3723 685 3784 suimus,
706 3723 780 3788 quia,
801 3727 942 3788 postquam
961 3721 1134 3786 cognovimus
1149 3735 1200 3772 ua—
