2475 3909
177 175 238 252 354
477 197 665 246 rnaococrn
688 203 877 252 nnrvnnns

174 289 244 354 128.
269 285 365 370 Prop.
388 283 436 349 δ’.
465 285 605 351 scientio
628 285 686 349 nat
706 297 749 350 cst
773 310 866 352 causo
886 309 1004 352 rerum.

172 369 342 437 Probatur.
365 367 413 432 lta
440 387 474 431 sc
496 365 592 432 habet
612 368 754 434 Scientia
778 369 836 434 [lei
862 371 901 436 ad
927 391 979 435 res
997 420 1006 447 ,
1027 393 1114 456 quas
1137 377 1204 462 ipse

132 453 303 539 producit,
327 451 411 515 sicut
432 451 568 515 scientia
593 449 728 514 artificis
750 449 787 515 ad
809 473 887 529 res,
910 473 994 538 quae
1018 467 1091 520 arte
1112 455 1201 527 liunt,

131 537 229 621 Atqui
254 535 389 598 scicntia
411 530 544 597 artificis
565 543 615 596 cst
641 551 738 596 causa
760 555 889 611 rerum,
911 555 994 679 [puae
1017 550 1090 602 arte
1112 537 1201 608 fiunt.

111 620 220 702 'Ergo
241 617 377 680 scicntia
399 611 456 678 Dei
480 624 529 678 est
548 633 645 677 causa
674 634 797 690 rerum,
820 637 901 701 quas
940 638 996 702 pse
1020 618 1201 701 producit¹¹
1231 651 1232 704 ;

175 701 243 767 129.
268 699 430 782 Insuper,
455 698 601 769 veritas,
625 705 657 759 et
679 698 840 763 certitudo
862 701 1061 783 cognitionis
1085 725 1203 772 rerum.
1231 733 1232 774 ι

130 803 214 864 quac
237 782 309 846 illas
331 800 394 846 non
417 777 509 852 lacit,
531 777 584 842 sed
609 777 710 840 iactas
731 781 842 855 sumit,
868 779 909 844 ab
932 781 996 844 illis
1042 783 1156 861 nudet,
1179 801 1204 851 rt
1231 805 1232 864 j

132 875 356 936 mensuratum
371 873 573 946 quapropter
593 860 619 923 si
636 862 770 925 scientia
791 861 851 927 Dei
875 883 971 926 causn
994 884 1012 926 c
1050 865 1142 933 cicus
1163 891 1205 934 re
1231 877 1232 882 ’

131 966 206 1010 rum
230 965 291 1009 non
313 953 409 1018 esset,
433 943 570 1017 veritas,
587 953 620 1007 et
641 943 803 1008 certitudo
829 946 901 1009 eius
923 965 941 1008 a
963 943 1068 1010 rebus
1092 950 1206 1034 pande

131 1039 192 1103 ret,
209 1039 241 1093 et
263 1037 517 1092 mensurarctur.
539 1025 639 1109 Atqui
665 1021 696 1086 id
719 1026 853 1091 omnino
874 1024 993 1089 lalsum
1016 1049 1089 1093 esse
1114 1033 1205 1117 paulu

131 1119 206 1174 autc
226 1106 441 1174 ostendimus«
463 1108 587 1191 Ergo⁸.
611 1107 696 1170 Hinc
718 1127 743 1170 s.
761 1106 898 1172 Thomas
918 1105 1102 1176 discrimen
1128 1117 1205 1180 inter

131 1358 220 1419 plures
239 1366 292 1404 res.
311 1365 382 1414 quae
400 1348 522 1401 Divinam
542 1348 691 1401 lisserrtinm
712 1352 887 1402 diversimodo
901 1353 1052 1410 imitantur,
1069 1357 1105 1404 sit
1119 1357 1204 1418 plum·

131 1430 193 1477 litas
213 1429 238 1475 in
257 1425 342 1481 ideis,
363 1425 484 1488 qrramris
505 1419 625 1473 Essentla
647 1425 749 1472 imitata
769 1427 802 1472 sit
823 1438 886 1473 una.
907 1423 985 1477 Verbi
1005 1431 1119 1487 grstia,
1142 1433 1204 1480 siem

132 1513 163 1549 ex
185 1498 327 1561 praedictis
346 1500 431 1559 patet,
447 1496 574 1558 quidquid
596 1495 765 1558 perfectionis
786 1497 810 1544 in
831 1497 908 1546 rebus
920 1501 971 1554 est,
987 1497 1038 1546 hoc
1054 1504 1145 1550 toturn
1159 1501 1204 1552 lim

132 1571 279 1622 seecundum
299 1583 393 1624 onum,
415 1573 442 1616 et
462 1569 530 1616 idam
551 1569 709 1616 indivisibile
729 1570 868 1624 convenit,
888 1569 990 1618 scilicet
1010 1583 1090 1627 csse,
1110 1575 1202 1630 sirene,

132 1649 160 1695 et
180 1644 338 1705 intelligere.
359 1645 387 1690 et
405 1644 492 1689 oninia
514 1640 675 1689 huiusmodi.
691 1636 758 1690 Cum
773 1647 862 1690 antem
879 1647 1140 1696 omues-creaturae
1154 1649 1204 1696 iun-

132 1722 224 1766 tantur
238 1716 321 1777 ipsam
335 1709 485 1762 Essentiem
504 1717 633 1774 quantum
654 1712 686 1761 ad
707 1725 774 1770 csse,
795 1726 846 1762 non
867 1717 954 1763 tamen
968 1727 1064 1764 omnes
1078 1727 1203 1778 quantun
1231 1731 1232 1738 ¹

131 1790 164 1839 ad
185 1789 289 1845 rirerc;
310 1799 360 1834 noc
379 1786 475 1834 iterum
497 1784 553 1842 iilo,
573 1797 643 1848 quac
663 1785 801 1834 imitantur
823 1783 909 1847 ipsam
929 1793 1064 1848 qnantum
1086 1791 1120 1838 ad
1142 1805 1202 1848 csse,

132 1861 226 1912 codem
241 1858 320 1908 modo
339 1870 396 1907 esse
416 1857 587 1919 participant,
601 1869 663 1906 cum
683 1858 814 1920 quaedam
834 1857 893 1906 allis
913 1859 1027 1908 nobilius
1046 1874 1108 1912 essa
1129 1865 1204 1926 possi·
1231 1913 1232 1922 ,

132 1935 230 1989 deant;
252 1936 279 1981 el
298 1944 331 1980 ex
350 1930 401 1980 hoc
419 1927 533 1978 efficitur
558 1930 628 1978 alius
653 1933 789 1992 respectus
814 1926 952 1979 Essentise
979 1928 1095 1982 llivinaa
1114 1937 1148 1984 sd
1166 1949 1202 1991 ea,
1231 1951 1232 1986 l

132 2018 203 2069 quae
224 2004 320 2054 habent
340 2008 443 2051 tantum
462 2014 531 2058 csse,
551 2005 579 2050 ct
597 2002 630 2050 ad
650 2013 692 2059 ea,
713 2015 782 2064 quae
802 2000 900 2050 habent
921 2015 990 2060 esec,
1011 2008 1039 2053 ct
1061 2007 1165 2064 virere,
1182 2017 1203 2054 ιι

133 2078 257 2129 similiter
275 2075 308 2124 ad
326 2087 370 2133 ca,
385 2085 453 2137 quae
470 2074 652 2123 diversitatem
665 2086 723 2122 esso
737 2073 845 2131 habrum
865 2077 891 2122 ct
909 2088 941 2124 es
962 2075 1013 2124 linc
1033 2081 1101 2126 sunt
1120 2082 1203 2140 plnres
1231 2075 1232 2110 ³

133 2152 249 2199 rationes
269 2146 388 2203 idcalcs,
415 2146 562 2196 secuudum
587 2147 657 2208 quod
678 2143 747 2195 Deus
766 2145 890 2208 inteiligit
908 2143 1061 2198 Esscutiam
1084 2159 1203 2202 suamet
1231 2195 1232 2198 ,

134 2222 292 2270 imitabilem
312 2233 359 2282 per
378 2219 468 2276 hunc,
494 2219 535 2267 rel
556 2218 632 2268 illum
652 2219 771 2268 modum.
799 2215 872 2278 ipsae
890 2219 961 2268 enirn
980 2222 1104 2273 rationes
1124 2226 1202 2273 imita-

134 2295 212 2344 tionis
231 2293 399 2349 intellectae,
419 2303 466 2340 seu
486 2291 575 2348 modi,
595 2297 657 2340 sont
677 2292 762 2346 ideam
783 2290 840 2340 ldca
860 2291 941 2352 enim,
963 2297 992 2341 ut
1011 2306 1043 2342 cx
1064 2296 1147 2345 dictis
1166 2311 1202 2359 pa

110 2415 113 2420 .
132 2372 187 2422 tat,
209 2365 331 2414 nominat
349 2363 463 2412 formam
484 2367 513 2412 ut
533 2364 711 2421 intellectam,
731 2367 759 2412 et
778 2376 829 2412 non
848 2368 927 2426 prout
944 2369 985 2414 est
1005 2366 1032 2416 in
1051 2374 1152 2418 natura
1170 2372 1202 2416 ln·

132 2439 276 2500 telligcntis
299 2455 323 2493 η
346 2438 375 2485 ln
396 2436 441 2484 lib.
463 2437 474 2484 l
493 2437 577 2492 Sene,
596 2432 664 2486 illst.
686 2431 806 2490 XXXVL
827 2450 854 2497 q.
876 2433 910 2493 ΙΙ,
930 2449 957 2485 n.
978 2435 993 2485 Ξ
1013 2439 1066 2488 rut.
1090 2439 1202 2490 Praestet

133 2511 201 2560 hoec
220 2510 271 2559 etia
293 2509 377 2558 sancti
394 2504 512 2556 lloctoris
532 2506 609 2556 rerba
631 2507 734 2556 audire:
751 2525 761 2550 ι
779 2504 857 2565 Deus,
873 2521 918 2570 par
932 2507 1106 2562 intellectum
1121 2517 1202 2564 omnia
1231 2547 1232 2550 ,

132 2596 266 2646 operans,
286 2582 374 2630 omnia
395 2579 428 2629 ad
447 2579 646 2628 similitudinem
674 2592 737 2628 suaa
763 2581 892 2628 essentiae
918 2581 1050 2642 producit.
1076 2581 1151 2636 liudo
1169 2597 1202 2634 es·
1231 2613 1232 2630 2

132 2656 216 2706 santia
236 2667 284 2704 sus
302 2658 343 2702 est
363 2652 420 2701 idea
440 2664 541 2708 rerum,
562 2665 613 2700 non
633 2651 740 2714 quidem
760 2655 789 2700 ut
807 2653 932 2710 essentia,
952 2653 997 2704 sad
1018 2661 1049 2704 ut
1069 2663 1114 2706 est
1134 2659 1202 2707 intel
1231 2649 1232 2670 ³

132 2729 212 2778 lectu.
234 2721 284 2776 Res
303 2732 392 2774 antam
411 2727 519 2773 crestae
537 2737 591 2774 non
609 2723 728 2786 perlecta
746 2723 883 2774 imitantur
901 2722 1023 2776 Divinam
1042 2723 1201 2778 Essentiam.

133 2797 206 2852 Unda
230 2798 344 2848 essentia
363 2809 416 2846 non
434 2796 565 2858 accipitur
583 2795 705 2846 absolute
729 2794 761 2844 ab
787 2797 924 2846 intellectu
948 2795 1064 2856 Divino.
1094 2807 1126 2851 ut
1152 2803 1202 2851 idea
1231 2795 1232 2812 ¹

133 2884 233 2929 rerum,
254 2870 300 2920 sod
319 2883 381 2919 cum
401 2868 570 2931 proportione
589 2874 730 2918 creaturae
744 2867 845 2919 fiendae
864 2869 897 2918 ed
918 2870 1001 2932 ipsam
1021 2867 1148 2924 llirinarn
1161 2871 1202 2924 lle·

132 2946 266 3003 sentiam,
286 2942 433 2992 secuudum
458 2940 528 3004 quod
553 2940 643 2990 delicit
662 2940 695 2990 ab
714 2953 766 2997 ea,
786 2942 827 2990 rel
847 2943 969 2992 imitetur
985 2955 1060 2993 eam.
1083 2943 1201 2997 Dtramar
1231 2943 1232 2998 l

132 3022 223 3068 autern
248 3028 291 3064 res
315 3012 491 3064 diversimode
514 3013 600 3076 lpsam
627 3013 784 3070 imitantur,
809 3018 837 3063 et
861 3027 1038 3078 unaquaeque
1057 3019 1200 3069 secundn-
1231 3003 1232 3070 l

133 3089 270 3154 proprium
289 3086 397 3135 modurn
418 3098 509 3142 suum.
525 3099 588 3135 cum
609 3087 755 3148 uuicuique
774 3086 809 3135 sit
827 3087 964 3148 proprium
977 3099 1035 3136 esse
1048 3089 1200 3140 distinctim

132 3162 165 3212 ab
184 3162 281 3212 altura:
300 3165 328 3209 et
347 3159 405 3209 ideo
425 3160 480 3219 ipsa
500 3154 592 3207 Divina
612 3155 751 3215 Essentia,
772 3158 947 3208 cointellectis
966 3159 1079 3211 dirersis
1100 3177 1202 3227 propor-
1231 3157 1232 3198 ἓ

132 3234 249 3284 tionibus
268 3245 357 3283 rerum
376 3230 409 3280 sd
427 3242 500 3286 esrai,
520 3235 561 3279 est
579 3230 637 3279 idea
658 3231 866 3295 uniuscuiusque
885 3231 935 3280 rel.
956 3229 1048 3291 Unde,
1070 3248 1136 3284 curn
1155 3239 1200 3288 sint

131 3305 250 3355 diversae
271 3316 361 3353 rerum
381 3302 583 3364 proportiones,
609 3314 718 3354 necesse
743 3308 785 3352 ast
807 3316 865 3354 csse
889 3305 979 3365 pluras
1003 3304 1101 3365 idean
1121 3314 1150 3357 st
1166 3313 1200 3357 ιιι

131 3376 240 3436 quidem
259 3388 311 3424 ona
330 3386 363 3422 ax
381 3377 457 3435 parte
476 3369 626 3430 dissentias,
647 3375 693 3423 sed
713 3375 852 3436 pluralitas
866 3376 999 3426 invenitur
1017 3390 1051 3426 ex
1070 3385 1150 3442 parts
1167 3381 1200 3428 di-

131 3456 270 3560 ιοιῗῗιιιιιιι
290 3446 489 3563 proportionum
504 3450 691 3494 creaturarum
706 3447 738 3496 ed
754 3444 840 3510 lpum
857 3465 883 3506 »ι
897 3449 945 3512 (lp.
958 3449 1059 3512 sopp..
1075 3452 1117 3503 Do
1134 3455 1198 3507 Ver..
1231 3505 1232 3524 ἶ

132 3525 160 3572 q.
221 3528 274 3569 ,a.
331 3529 356 3564 c.
1231 3527 1232 3620 p

170 3577 180 3614 ¹
200 3580 222 3638 l,
233 3598 261 3644 q.
274 3581 344 3642 xlv,
355 3599 382 3634 a.
394 3587 410 3635 8
424 3600 449 3634 c.
462 3582 497 3636 Cl
507 3601 529 3636 s.
539 3583 665 3650 August,
677 3583 766 3639 Tract.
783 3588 791 3639 l
804 3593 834 3641 ln
845 3593 939 3642 loono.
951 3593 998 3643 Bu.
1007 3606 1068 3657 cop.
1083 3596 1108 3650 1.
1120 3609 1147 3644 n.
1162 3596 1197 3643 li,
1231 3623 1232 3666 ι

168 3649 180 3683 ²
201 3650 306 3714 «Quae
331 3661 411 3715 sunt,
436 3658 522 3720 inquit
547 3672 571 3708 s.
591 3655 733 3723 Gregorius
752 3659 802 3724 lt„
830 3677 881 3715 non
899 3663 933 3713 sb
951 3667 1115 3720 aeternitate
1141 3663 1199 3718 Eius
