2475 3909
121 125 184 189 278
483 144 755 192 anrunorouoots

83 226 226 319 nis-nrum
250 225 398 309 eorporis
424 224 555 291 humani
629 228 779 294 rductum
803 224 914 292 luerit.
941 225 1026 291 Nam
1047 248 1066 285 a
1084 244 1164 289 eum

85 325 196 368 anima
220 308 353 372 uniatur
375 308 504 403 corpori
527 320 564 375 ut
601 332 707 386 orma,
731 331 795 373 non
816 309 942 383 unitur,
957 308 1021 371 uisi
1043 326 1168 389 corpo-

84 389 127 461 ri,
151 388 248 452 ouius
269 401 316 455 est
338 408 470 534 proprie
492 402 592 456 aetus.
609 394 668 457 Est
682 404 790 457 autem
808 392 917 455 anima
932 402 1021 455 aetus
1042 406 1168 470 eorpo-

85 470 132 531 ris
156 472 314 553 organici.
359 471 413 534 'on
434 483 482 537 est
503 473 606 557 igitur
638 484 710 538 ante
743 474 1017 559 organizationem
1046 488 1165 551 oorpo-

84 551 129 612 ris
145 552 156 589 ¹
174 574 202 613 n.
220 552 442 637 Quapropter,
457 573 532 618 eum
548 557 656 619 anima
679 554 847 621 rationalis
861 556 903 619 sit
917 551 1023 619 lorma
1044 566 1167 631 eorpo-

87 632 144 703 ris,
156 653 232 697 enm
255 655 293 698 eo
316 655 378 697 non
395 635 618 719 coniungitur,
634 637 694 700 nisi
711 657 828 721 eorpus
844 636 1066 731 organismum
1091 652 1165 695 ror-

87 714 174 795 poris
189 714 323 779 humani
349 716 413 778 iam
439 714 596 793 induerim
623 718 654 781 id
677 718 763 803 quod
787 718 820 781 in
844 736 951 803 primo
975 714 1165 799 generatio-

87 796 137 858 nis
162 796 294 862 instanti
318 794 466 881 prolecto
490 818 552 861 non
575 800 694 864 evenit.

485 943 665 1009 capvt
698 943 757 1011 lX.

293 1079 339 1145 Ite
360 1081 486 1145 ammae
507 1080 666 1148 humanae
689 1080 936 1149 immortalitate

128 1208 195 1269 lam
216 1218 387 1305 postremo
408 1208 481 1273 loco
505 1208 738 1294 inquirendum
761 1207 855 1271 nobis
876 1220 935 1304 est,
952 1218 1076 1284 utrum,
1093 1226 1163 1270 eor-
1235 1286 1236 1297 ἵ

95 1310 173 1371 pore
196 1288 382 1366 dissoluto,
405 1292 513 1355 anima
534 1312 598 1355 una
618 1314 695 1357 eum
717 1308 854 1375 corpore
876 1290 1073 1355 dissolvatur
1093 1336 1102 1365 ‚
1124 1310 1164 1352 an

89 1382 254 1456 perpetuo
275 1372 309 1436 in
332 1372 399 1437 vita
422 1384 618 1457 perseveret.

1235 1400 1236 1465 l

292 1498 360 1551 Aur.
382 1499 402 1550 l.
415 1528 449 1537 -
463 1500 597 1565 eraedam
617 1502 738 1550 notiones
757 1500 964 1563 praemittuntur

1235 1578 1236 1621 l

128 1607 201 1673 202.
224 1606 311 1683 Quid
335 1609 444 1673 veniat
464 1610 596 1674 nornine
624 1607 875 1672 immortalitatis
902 1609 1040 1692 quisque
1062 1626 1104 1671 ex
1128 1630 1162 1673 se
1235 1622 1236 1685 t

89 1686 185 1785 lacile
208 1688 376 1773 intelligit.
402 1691 585 1755 Immortole
606 1691 693 1754 enim
717 1687 797 1753 illud
820 1689 959 1764 dicitur,
987 1686 1075 1772 quod
1100 1710 1163 1755 esse

88 1782 121 1835 et
135 1792 249 1847 ornere,
266 1792 324 1835 seu
346 1774 553 1857 operationes
569 1793 646 1837 suae
662 1784 795 1835 naturae
817 1780 1046 1836 consentaneas
1066 1792 1163 1837 exer-

89 1871 163 1917 cere
187 1863 343 1938 perpetuo
366 1854 543 1919 continuat.
568 1855 670 1918 Porro
700 1852 789 1917 Deus
811 1855 855 1917 ita
883 1852 1075 1917 immortalis
1099 1865 1161 1929 est,
1235 1848 1236 1861 ¹

89 1945 125 1998 ut
146 1956 186 1998 ex
209 1936 398 2000 necessitate
419 1956 496 2002 suae
520 1950 653 2003 naturae
676 1937 811 2009 existat3
832 1954 869 1997 ae
891 1932 1029 2017 proinde
1051 1934 1161 2019 ipsum

89 2037 151 2079 non
175 2036 270 2095 esse,
293 2028 327 2081 et
347 2038 410 2081 oon
446 2018 555 2083 vivere
577 2016 725 2082 absolute
753 2026 913 2100 repugnet
928 2015 952 2079 ².
976 2016 1027 2080 Ex
1060 2016 1163 2082 rebus

90 2099 207 2163 creatis
228 2108 335 2163 autem
367 2098 491 2181 aliquid
537 2109 620 2165 otest
651 2118 720 2163 esse
742 2095 924 2161 immortale
945 2116 1001 2180 per
1023 2100 1164 2180 portici-

86 2181 254 2264 pationem,
270 2190 302 2246 et
323 2180 455 2265 quidem
477 2120 598 2265 velper
618 2190 778 2254 naturam,
794 2177 844 2243 vel
855 2197 914 2261 per
928 2178 1076 2260 gratiam.
1096 2182 1163 2245 Per

88 2274 248 2338 notarum,
271 2272 431 2348 quatenus
452 2264 511 2326 etsi
535 2266 577 2327 sit
599 2261 812 2347 contingens,
835 2272 868 2325 et
891 2260 1026 2344 proinde
1051 2282 1068 2324 a
1094 2260 1163 2326 Deo

92 2346 126 2408 in
148 2365 207 2408 suo
228 2366 289 2409 esse
312 2342 460 2429 pendeat,
484 2354 604 2419 tamen,
621 2344 704 2411 laeta
728 2341 894 2430 hypothesi
918 2362 996 2407 suae
1018 2345 1161 2409 existen-

91 2429 169 2503 tiae,
187 2424 259 2491 talis
280 2437 328 2491 est
349 2437 497 2503 naturae,
513 2435 549 2490 ut
564 2447 692 2512 sempor
713 2446 782 2489 esse
805 2424 1080 2507 expostule13seu
1098 2446 1161 2489 non

92 2508 196 2572 solnm
219 2508 345 2573 nullum
374 2509 407 2571 in
429 2509 479 2573 sui
510 2518 627 2572 natura
658 2505 756 2573 habet
777 2504 1009 2571 destructionis
1038 2508 1166 2589 prinei·
1235 2522 1236 2583 j

94 2590 196 2674 pium,
214 2611 328 2655 verum
350 2591 450 2654 etiam
465 2588 661 2673 quibusdam
678 2585 882 2654 naturalibus
904 2586 1163 2673 proprietatibus
1235 2598 1236 2601 ’

93 2683 281 2754 perpetuam
297 2671 367 2735 eins
380 2672 660 2736 conservationem
678 2668 915 2753 postulantibus
929 2668 1084 2734 donatum
1100 2682 1163 2736 est.

96 2754 156 2816 l‘er
174 2754 337 2837 gronam,
360 2765 520 2835 quotenus
553 2753 626 2818 eius
658 2762 773 2816 natura
807 2760 996 2838 perpetuam
1018 2750 1164 2818 duratio

95 2856 167 2899 nem
190 2855 252 2899 non
276 2835 427 2921 postulat,
451 2835 507 2901 sed
528 2856 571 2899 ex
594 2854 683 2898 mera
706 2833 764 2897 Dei
787 2832 987 2919 benignitate
1012 2836 1165 2917 perenni-

94 2928 145 2994 ter
165 2928 375 2983 conservatur
386 2920 408 2981 ⁸.
432 2915 663 2983 Immortalitas
692 2937 751 3000 per
772 2926 918 2979 notarem
952 2912 992 2979 ad
1016 2916 1160 2981 animam

131 3161 141 3199 ¹
162 3165 250 3213 Contr.
271 3162 360 3218 Geor„
380 3161 427 3210 lib.
451 3158 486 3218 ll,
506 3174 530 3210 o.
552 3160 599 3209 89.

128 3234 140 3269 ²
159 3231 274 3284 Erluens
292 3237 334 3281 est
353 3232 403 3282 hoe
419 3233 627 3288 imortalttatls
639 3245 721 3294 genos
737 3232 781 3281 uni
797 3227 850 3279 Deo
863 3232 1017 3285 oonrrntre.
1031 3232 1162 3295 slqultletu
1235 3230 1236 3247 *

95 3304 174 3363 brus,
189 3318 250 3353 eum
270 3304 304 3353 alt
323 3318 336 3353 a
357 3318 396 3358 sa.
412 3306 570 3353 necessitate
589 3316 654 3352 suae
673 3308 785 3353 natrrrae
799 3304 833 3352 stt
845 3308 961 3365 oportet.
977 3300 1038 3353 lndo
1054 3300 1163 3365 Aposto-

96 3377 137 3423 tas
150 3375 182 3423 tle
196 3373 250 3424 Deo
263 3376 338 3423 dicit:
353 3378 404 3439 (tot
415 3377 485 3426 rotas
502 3375 577 3426 babet
595 3376 826 3434 tmmortolttotem;
842 3372 851 3424 l
865 3376 899 3424 nd
913 3378 978 3425 lim.
991 3389 1018 3425 o.
1034 3374 1063 3432 6,
1080 3390 1105 3423 r.
1121 3378 1162 3427 lb.

131 3445 142 3478 ³
163 3464 174 3488 ι
193 3444 220 3493 ln
240 3447 302 3503 illis,
322 3448 360 3495 att
379 3462 402 3497 s.
423 3442 547 3501 Thomas.
567 3460 636 3511 quae
655 3452 718 3497 aunt
738 3447 947 3510 incorruptibilia
970 3459 1017 3508 por
1033 3449 1159 3509 gratiam,

95 3515 184 3562 aribert
204 3518 362 3575 possibilitas
380 3520 412 3568 ait
433 3533 560 3567 narrasse
581 3520 606 3567 in
628 3522 683 3580 ipsa
704 3528 820 3570 natura:
845 3532 913 3583 quaa
934 3524 1023 3569 tamen
1042 3518 1160 3575 totaliter

97 3584 250 3647 reprimitur
270 3592 447 3652 pergratiam
466 3605 498 3639 ox
518 3592 616 3641 virtute
637 3588 682 3642 Dei
701 3592 789 3661 ·(Qp.
808 3594 907 3660 sopp..
931 3592 969 3643 lla
988 3592 1061 3651 Pon,
1081 3605 1109 3659 q.
1131 3590 1164 3655 Y.
