2475 3909
463 186 736 236 amanomuoura
1031 170 1093 237 287

102 274 174 343 218.
197 271 293 352 Quod
314 281 424 336 autem
445 270 485 334 ad
508 271 667 335 iustitiam
689 268 749 334 Dei
772 268 907 345 attinet,
931 275 1056 332 certum
1080 279 1131 336 est

64 378 171 441 neque
194 353 436 441 improbitatem
456 374 514 417 sua
531 372 648 437 poena,
665 372 770 498 nepus
792 351 945 416 virtutem
968 370 1027 413 suo
1042 368 1135 437 prae-

65 440 136 502 mio
156 438 189 502 in
213 436 373 521 praesenti
395 434 463 499 vita
485 435 587 508 affiei;
611 452 685 496 nam
731 432 883 517 agitiosos
905 432 1052 496 homines
1077 430 1135 496 bo·

66 518 293 593 arsurumne,
317 527 350 583 et
371 514 490 603 probos
511 524 578 582 toto
599 516 712 579 aetatis
734 534 810 579 suae
833 511 999 579 curriculo
1026 513 1135 577 multis

66 600 306 666 calamitatibus
326 618 499 685 oppressos
519 617 615 681 saepe
638 594 797 661 videmus.
820 594 915 673 Quod
937 614 1011 657 cum
1033 594 1080 658 ita
1101 615 1134 659 se

66 682 211 758 habeat,
235 683 279 747 ita
304 702 381 747 oum
402 700 427 744 s.
451 680 571 744 Ioanne
592 676 818 765 Chrysostorno
847 685 1133 763 argumentamur:

68 766 136 831 «si
161 762 248 828 Deus
270 774 339 841 est,
361 763 446 827 sicut
467 781 581 826 revera
604 770 675 835 est,
698 761 782 825 Eum
806 762 929 825 iustum
951 777 1019 821 esse
1041 777 1136 827 nemo

69 867 134 910 non
157 843 326 910 fatebitur.
348 846 448 928 Atqui
471 845 498 908 si
522 844 629 909 iustos
651 852 722 917 est,
744 840 860 917 ethis,
883 850 914 905 et
937 840 1002 903 iliis
1022 858 1057 902 re
1083 859 1137 902 en-

70 927 125 993 det
170 948 207 990 ro
230 926 378 1001 meritis,
401 935 433 990 et
453 924 514 991 hoe
536 927 570 989 in
592 921 739 989 confesso
760 934 819 987 est.
843 920 938 998 Quod
961 922 989 984 si
1012 928 1045 984 et
1061 857 1136 993 bis,

69 1019 103 1075 et
123 947 190 1072 niis
212 1007 366 1093 rependet
386 1028 446 1104 pro
469 1005 598 1071 meritis
620 1053 628 1081 ,
649 1005 703 1069 hic
724 1025 801 1070 vero
823 1003 931 1069 nuilus
952 1022 1067 1067 eorum
1089 1022 1139 1065 re-

71 1091 171 1176 cepit,
187 1109 292 1172 nequo
316 1089 370 1154 iile
392 1087 613 1174 improbitatis
636 1107 786 1172 poenam,
803 1106 909 1231 nerpue
932 1086 985 1150 bic
1007 1084 1138 1151 virtutis

71 1173 229 1257 praemia,
252 1173 459 1256 perspicuum
480 1181 528 1236 est
548 1181 671 1235 restare
695 1182 821 1254 tempus
842 1165 997 1253 aiquod‚
1018 1167 1052 1231 iu
1074 1185 1140 1249 quo

73 1272 135 1318 eon
158 1273 254 1317 ruens
274 1254 458 1337 praemium
481 1250 589 1317 feret¹
608 1275 637 1314 u.

113 1272 182 1399 ab.
206 1333 325 1400 Contra
352 1335 451 1401 huius
479 1332 662 1418 argumenti
695 1331 761 1405 vim
786 1329 950 1395 inereduli
979 1325 1141 1393 obiiciunt

72 1426 244 1501 peccatum
271 1415 334 1483 sibi
358 1416 422 1501 ipsi
445 1436 609 1500 poenam,
632 1424 665 1478 et
687 1415 839 1477 virtutem
868 1410 931 1476 sibi
954 1411 1018 1495 ipsi
1047 1427 1139 1494 prae-

74 1497 177 1562 mium
199 1517 281 1575 esse,
305 1518 421 1581 nempe
445 1518 504 1581 per
524 1496 740 1560 eonscientiae
762 1493 923 1570 stimulos,
937 1490 1059 1576 quibus
1082 1490 1143 1552 im-

74 1577 167 1663 probi
192 1581 437 1653 excruciantur,
460 1588 593 1662 peeeato
617 1596 768 1661 poenam,
791 1586 823 1640 et
847 1598 905 1662 per
927 1573 1028 1637 animi
1057 1583 1143 1636 tran-

74 1660 284 1743 quillitatem,
306 1680 369 1754 qua
394 1662 427 1723 in
448 1658 627 1723 exercenda
652 1659 771 1723 virtute
793 1656 867 1723 boni
895 1658 1067 1729 fruuntur,
1089 1653 1143 1717 de·

74 1742 182 1807 bitum
207 1743 215 1804 i
240 1740 267 1803 si
291 1742 401 1805 virtuti
427 1742 608 1825 praemium
633 1740 669 1804 in
691 1743 851 1825 praesenti
877 1742 941 1805 vita
962 1736 1114 1803 retribui.

115 1823 188 1887 220.
235 1820 467 1908 espondemus:
485 1820 518 1886 1⁰
532 1827 599 1888 Aut
614 1834 782 1906 peceatum
799 1832 847 1886 est
862 1821 1024 1887 sufficiens
1040 1838 1142 1904 poena

75 1904 213 1990 peceati,
229 1915 285 1971 aut
306 1925 380 1968 non.
406 1904 437 1969 Si
460 1906 615 1988 primum;
638 1925 675 1967 er
697 1925 716 1967 n
741 1904 773 1966 in
796 1904 857 1968 hoo
881 1901 1001 1967 mundo
1024 1902 1144 1965 iniuste

75 2006 210 2071 prorsus
229 1986 412 2131 puniuntur
432 1986 541 2131 impii,
564 1985 620 2049 sed
643 1924 851 2069 rebinquendi
875 1995 950 2050 suut
971 2002 1093 2060 omnes,
1109 1992 1145 2045 ut

75 2068 236 2151 voluptati
262 2087 301 2130 us
322 2065 423 2131 iibere
446 2069 479 2131 in
503 2066 634 2151 uigeant
656 2066 742 2141 suis;
780 2066 846 2132 uod
868 2087 966 2152 quum
982 2067 1026 2132 ini
1052 2086 1144 2139 uum,

75 2161 110 2215 et
131 2160 227 2234 turpe
248 2150 316 2224 sit,
339 2166 434 2211 nemo
457 2168 520 2211 non
542 2147 641 2212 videt.
666 2150 723 2216 Sin
745 2087 902 2227 aiterum
926 2170 1005 2235 ergo
1027 2087 1144 2221 biam,

101 2242 151 2297 ost
171 2230 318 2326 eorporis
339 2238 496 2302 mortem,
514 2228 723 2295 admittamus
746 2231 845 2297 vitam
867 2240 1006 2319 oportet,
1024 2252 1063 2295 ne
1086 2229 1146 2294 sei·

75 2252 155 2380 biset
177 2312 317 2457 inargpis
345 2308 537 2397 improbitas
566 2310 637 2375 sine
664 2332 765 2396 poena
788 2326 916 2379 maneat
929 2314 953 2376 ².
976 2312 1011 2377 2⁰
1032 2314 1146 2398 Neque

76 2396 175 2481 impii
198 2392 231 2456 in
276 2413 313 2456 ae
334 2392 399 2456 vita
421 2392 582 2457 scelerum
603 2412 737 2456 suorum
760 2394 901 2459 stimuiis
923 2395 1146 2481 exagitantur,

76 2496 184 2562 neque
208 2475 286 2539 iusti
309 2492 388 2558 paee
409 2472 584 2548 fruuntur,
600 2474 663 2537 nisi
685 2474 764 2557 quia
788 2476 918 2560 utrique
939 2490 1027 2543 certo
1041 2479 1149 2542 sciunt

77 2579 155 2640 esse,
174 2554 343 2632 iudicem,
365 2556 424 2641 qui
452 2556 485 2619 in
507 2554 608 2620 altera
637 2555 703 2619 vita
732 2555 877 2641 singulos
905 2560 1076 2642 praemio,
1100 2558 1149 2625 vel

78 2659 185 2727 poena
208 2636 407 2722 promerito
441 2638 569 2702 afficiet.
592 2634 628 2702 3⁰
651 2637 752 2721 Saepe
774 2638 909 2717 evenit,
938 2649 973 2705 ut
994 2659 1067 2704 cum
1091 2642 1149 2705 im-

78 2721 129 2807 pii
151 2718 335 2804 iniquitatis
357 2720 528 2803 fastigium
549 2718 729 2803 attigerint,
746 2740 810 2783 nou
825 2720 966 2805 amplius
987 2722 1151 2787 eonscien-

82 2803 148 2868 tiae
171 2800 294 2866 stimuli
322 2820 379 2867 eos
408 2799 600 2876 mordeant3
624 2812 721 2885 atque
750 2820 768 2863 e
796 2804 986 2881 contrario,
1009 2814 1044 2870 ut
1072 2805 1150 2869 iusti

79 2881 291 2970 gravioribus
314 2882 537 2950 anxietatibus
563 2891 785 2967 torqueantur.
809 2881 961 2951 Proderit
988 2907 1066 2971 ergo
1093 2906 1151 2973 per

450 3010 782 3031 *unu*

120 3098 128 3131 ¹
149 3098 188 3147 De
207 3098 319 3154 Mauro,
339 3090 439 3147 Cereio
458 3092 506 3147 IV.

117 3168 130 3203 ²
149 3166 176 3218 St
193 3170 253 3232 quir
271 3169 372 3219 dieeret
390 3180 502 3229 poenam
522 3166 626 3230 peceati
647 3168 673 3215 in
691 3180 723 3216 eo
742 3168 896 3226 consistere.
916 3169 986 3232 quod
1008 3166 1075 3219 [teus
1094 3174 1149 3219 ant-

78 3253 156 3290 mem
174 3242 202 3290 in
220 3241 286 3291 nihii
305 3241 416 3303 rediget,
431 3241 466 3288 ita
485 3252 502 3288 a
521 3238 595 3288 uobis
613 3252 677 3288 eum
696 3252 720 3288 s.
740 3234 842 3289 Thomu
863 3240 1083 3303 redargueretur:
1101 3240 1154 3292 «in

78 3313 161 3376 eutpa
180 3314 303 3363 rotuntus
322 3317 414 3363 eontra
436 3308 521 3361 [teum
539 3310 605 3373 agit,
626 3323 678 3360 nou
697 3316 787 3360 autem
808 3314 926 3369 natura,
946 3326 1015 3376 quae
1034 3314 1153 3365 ordinem

79 3385 132 3433 sibi
150 3399 166 3435 a
186 3382 241 3435 Deo
259 3384 370 3435 inditum
389 3388 497 3443 serratt
516 3388 543 3432 et
563 3382 622 3433 ideo
643 3384 701 3432 tetis
721 3382 796 3433 dehet
817 3397 874 3435 esse
895 3396 999 3446 poena,
1020 3399 1088 3449 qnae
1109 3400 1154 3435 vo·

78 3457 215 3508 innurem
233 3455 342 3519 affligat,
362 3462 475 3507 naturae
495 3455 633 3513 nocendo,
654 3468 706 3519 qua
726 3458 848 3506 voluntas
868 3456 997 3507 abutitur.
1019 3454 1044 3508 Si
1064 3465 1153 3509 autem

79 3536 207 3580 ereatura
226 3532 335 3580 omuino
354 3532 380 3579 in
400 3528 514 3579 nibilum
535 3527 719 3591 redigeretur,
740 3534 809 3578 esset
828 3534 935 3579 tantum
962 3537 1153 3581 nocumentum

79 3605 206 3723 nptrprre,
225 3608 252 3653 et
272 3616 324 3654 nou
342 3601 450 3653 afflietio
470 3602 612 3651 voluntatis
627 3620 636 3645 ι
650 3622 657 3660 ;
673 3602 721 3666 Qq.
744 3604 841 3667 stupu,
864 3604 902 3655 Da
920 3604 993 3663 roa,
1007 3618 1036 3669 q.
1051 3602 1083 3664 V,
1097 3604 1155 3656 ei

79 3688 97 3725 a
158 3710 165 3724 .
