2475 3909
452 209 726 259 anrunororoen
1011 192 1072 259 293

81 292 156 360 230.
181 294 279 378 Prop.
305 292 397 357 Fieri
418 294 580 378 aequitat
601 294 696 357 nnius
718 292 852 356 hominis
873 294 979 357 animo
1001 295 1036 357 de
1058 318 1112 359 suo

37 381 80 439 in
100 375 187 439 eliud
209 394 321 457 corpus
343 375 521 458 commiqret
538 377 562 439 ¹.

86 458 254 522 Probatur.
273 454 305 520 1⁰
320 459 513 522 Animarum
538 457 703 522 numerica
726 453 910 520 differentia
933 477 975 520 ex
998 456 1117 522 ordine

39 540 85 603 ad
115 538 243 605 diversa
273 559 435 625 corpora,
458 559 598 623 quorum
626 546 702 603 sunt
730 536 881 613 formae,
914 538 1120 624 inspicienda

40 623 119 686 est²
140 644 148 696 ;
173 632 372 707 quapropter
399 620 425 683 si
460 642 597 707 corpora
613 629 689 685 sunt
718 639 854 683 numero
888 616 1044 697 diversa,
1069 643 1123 685 ne-

40 724 133 768 eesse
156 713 228 779 est,
253 715 290 767 ut
312 705 438 767 animae
461 704 525 768 sint
546 722 683 768 numero
706 701 865 766 diversae.
891 702 1011 787 Atqui,
1039 702 1065 766 si
1091 725 1123 767 a·

41 786 154 849 nimae
176 794 249 849 sunt
271 805 407 849 numero
428 782 588 862 diversae,
608 794 707 870 prout
729 791 802 846 sunt
823 782 952 847 diversa
967 804 1121 871 corpora.

41 868 117 931 tieri
142 869 267 949 nequit,
284 880 320 933 ut
342 889 418 940 una,
438 868 616 952 eademque
641 868 763 939 anima,
787 886 870 950 quae
894 864 1027 951 aliquod
1052 887 1122 930 cor-

44 968 110 1035 pus
134 950 302 1025 int'ormat,
326 950 359 1013 in
382 948 471 1013 atiud
499 969 615 1034 corpus
638 949 841 1032 commigret.
866 949 955 1033 Ergo
971 948 994 1010 ⁸.

90 1030 125 1093 2⁰
148 1031 181 1095 Si
205 1052 270 1094 una
293 1033 400 1095 anima
422 1029 549 1095 diversa
578 1051 716 1115 corpora
739 1040 890 1113 generata
915 1029 1120 1105 informaret,

46 1110 137 1176 idem
160 1133 299 1176 numero
321 1112 418 1177 homo
441 1135 500 1199 per
520 1134 635 1177 trovam
654 1112 895 1197 generationem
911 1114 1032 1177 iterum
1054 1111 1123 1177 exi·

42 1202 172 1271 steret,
197 1194 281 1269 sire,
311 1193 490 1259 secundum
512 1194 697 1269 Platonem,
720 1194 817 1257 homo
840 1214 902 1257 non
927 1195 989 1258 nisi
1013 1196 1122 1259 anima

42 1296 184 1361 corpore
209 1274 321 1340 induta
352 1296 421 1339 esse
449 1278 602 1345 dicatur.
630 1277 697 1339 sive
727 1276 835 1339 anima
860 1286 1025 1361 tamquam
1050 1275 1124 1353 suin

44 1358 205 1423 stantialis
228 1356 334 1421 forma
356 1359 503 1444 corporis
525 1366 739 1442 agnoscatur3
762 1357 954 1421 sicutenim
979 1379 1053 1435 esee,
1078 1360 1121 1423 itu

44 1450 80 1519 et
101 1441 210 1507 unitas
232 1438 372 1503 sormam
395 1441 441 1505 rei
469 1441 705 1524 consequitur,
726 1449 758 1504 et
780 1438 855 1502 ideo
879 1439 957 1511 iila,
981 1460 1122 1524 tritorum

45 1520 154 1585 forma
177 1531 225 1586 est
247 1540 382 1584 numero
416 1543 506 1597 nna,
533 1533 608 1585 sunt
636 1520 723 1585 idem
756 1542 902 1586 numero.
929 1524 1028 1605 Atqui
1053 1521 1122 1585 steri

45 1605 175 1685 nequit,
193 1613 227 1666 ut
249 1621 307 1687 per
326 1622 442 1665 novam
466 1605 708 1688 generationem
733 1603 817 1667 idem
843 1624 978 1667 numero
1004 1603 1122 1667 iterum

45 1685 168 1749 existat
189 1683 298 1759 hnm03
320 1704 532 1760 namneum
555 1687 735 1770 generatio,
752 1698 783 1751 et
799 1685 968 1768 corruptio
990 1686 1032 1750 sit
1055 1704 1125 1748 mo-

47 1778 102 1830 tus
122 1768 155 1829 in
179 1764 408 1837 substantiam,
434 1766 465 1829 in
490 1768 556 1843 his,
579 1788 664 1851 quae
689 1778 897 1849 generantur,
922 1779 954 1831 et
977 1786 1123 1829 corrum-

47 1856 184 1933 puntur,
208 1866 272 1910 non
296 1858 406 1913 manet
427 1846 605 1913 substantia
629 1848 757 1925 eadem,
775 1850 858 1912 sieut
875 1856 983 1911 manet
1004 1847 1037 1911 in
1059 1847 1121 1918 his,

46 1946 135 2013 quae
158 1928 337 1992 secundum
361 1930 467 1991 locum
494 1932 692 1997 morentur‘
712 1954 739 1992 n.
765 1932 851 2013 Ergo
874 1928 1050 1993 absurdum
1075 1941 1122 1993 esi

46 2010 204 2104 animam,
218 2032 304 2096 quae
318 2012 378 2075 boe
401 2030 519 2097 eorpus
543 2010 708 2087 informat,
735 2015 766 2077 in
789 2012 877 2077 aliud
902 2032 1021 2097 corpus
1036 2032 1124 2079 eom·

51 2111 208 2168 mturare.

92 2172 127 2237 3⁰
148 2171 243 2250 Quoi
267 2174 293 2236 si
316 2174 424 2236 anima
458 2194 499 2237 ex
528 2196 593 2237 une
614 2176 646 2238 in
670 2174 755 2239 aliud
790 2196 909 2260 eorpus
942 2174 1121 2238 humanum

49 2255 226 2319 transmitti
252 2256 376 2339 nequit,
394 2255 498 2337 ipsius
520 2256 553 2319 in
575 2278 693 2342 eorpus
716 2256 898 2323 beliuinum
915 2256 1124 2339 transmigre-

49 2336 101 2399 tio
123 2334 206 2399 inter
233 2337 371 2399 humana
404 2336 616 2403 deliramenta
649 2338 887 2402 adnumeranda
910 2348 966 2403 est.
992 2336 1122 2401 Etenim

49 2417 159 2479 anima
182 2429 228 2481 est
247 2417 350 2501 [orma
371 2421 511 2502 eorporis
537 2433 563 2484 et
584 2430 684 2485 motor
711 2422 788 2483 eius.
813 2422 911 2503 Atqui
939 2418 1126 2483 determine-

50 2510 101 2560 tne
114 2501 229 2577 sermea
250 2500 456 2563 determinata
477 2506 609 2565 materia
631 2504 769 2575 detetur,
790 2512 817 2563 et
841 2502 1044 2565 determinato
1059 2518 1122 2561 mo-

50 2580 117 2642 teri
137 2580 376 2643 determinatum
403 2603 578 2664 ornanum,
601 2587 683 2647 sient
709 2584 856 2669 quaelibet
884 2605 937 2648 ers
963 2584 997 2647 in
1018 2592 1122 2664 aqente

50 2663 157 2725 utitur
174 2662 318 2746 propriis
348 2664 567 2728 instrumentis
582 2667 605 2729 ⁵.
630 2668 717 2751 Ergo
747 2669 855 2729 anima
884 2666 1023 2729 humana
1048 2685 1125 2727 non-

52 2744 118 2807 nisi
141 2763 215 2807 cum
237 2764 373 2830 corpore
396 2747 537 2811 humanu
559 2748 714 2833 coniungi
741 2756 853 2833 potest.
880 2746 1072 2820 Praeterea,
1096 2751 1122 2811 si

51 2824 181 2890 animae
203 2824 362 2891 humanae
384 2830 423 2892 ad
447 2849 584 2915 corpora
600 2830 772 2899 brutorum
795 2827 998 2893 informantia
1023 2840 1124 2893 trana-

50 2906 164 2983 irent,
187 2926 243 2971 seu
265 2906 437 2974 brutorum
466 2910 590 2977 formae
612 2910 750 2987 fierent,
773 2912 981 2997 operationes
1007 2910 1122 2975 horum

51 2990 204 3075 proprias
229 3004 442 3071 exercerent,
469 3014 626 3079 suamque
653 3005 802 3059 naturam
829 2993 1026 3057 amitterent.
1055 2992 1123 3058 lam

91 3172 102 3213 ¹
122 3174 374 3241 Metempsyehorts.
395 3184 425 3228 ut
444 3192 466 3228 s.
486 3175 601 3229 Thomas
619 3180 743 3237 advertit,
766 3177 836 3230 Fidei
856 3180 1034 3237 contradicit.
1056 3178 1122 3229 haee

50 3249 124 3300 enim
143 3268 153 3293 ι
170 3252 288 3299 animam
302 3250 329 3298 iu
342 3254 535 3301 resurreetione
549 3252 618 3301 ntem
633 3265 730 3316 eorpus
743 3266 879 3304 resumam
892 3253 1039 3317 praedicat,
1054 3254 1123 3315 quoti

52 3322 163 3383 deponit
180 3340 205 3379 »ς
221 3322 309 3371 contr.
331 3322 418 3380 Geni..
440 3325 485 3373 tib.
508 3322 542 3379 ΙΙ,
562 3338 589 3374 c.
610 3324 656 3374 tt.

94 3392 106 3429 ²
125 3388 163 3443 Cf
179 3394 265 3442 Ontot.
284 3428 291 3450 ‚
311 3407 337 3441 e.
361 3391 418 3450 vit,
438 3410 465 3446 a.
486 3395 513 3453 3,
534 3409 561 3457 p.
583 3395 629 3445 ta.
653 3390 720 3446 dix
739 3408 851 3458 cornere
870 3396 965 3460 recipit
984 3409 1041 3444 ease
1061 3396 1126 3443 indi-

51 3464 204 3522 viduarum,
224 3465 294 3528 quod
313 3464 376 3529 qnia
395 3479 447 3516 non
466 3468 597 3530 dependet
617 3480 649 3518 ex
670 3482 792 3529 corpore,
808 3475 927 3519 remanet
941 3468 1124 3525 individuatiu,

51 3538 138 3587 etiam
159 3538 295 3587 destructo
313 3552 425 3601 eorpore
442 3560 466 3600 ις
481 3542 511 3590 1η
530 3540 575 3589 tte.
598 3542 624 3591 it
644 3542 728 3598 sent..
745 3538 811 3591 Dist.
828 3538 873 3599 tit,
888 3556 915 3605 q.
933 3539 953 3601 i,
967 3542 1024 3591 Μ
1044 3540 1075 3589 ati
1100 3542 1122 3592 l.

93 3602 105 3642 ⁸
126 3610 215 3658 Contr.
236 3610 323 3665 Garri..
345 3611 392 3659 tin.
413 3608 446 3666 ΙΙ,
467 3626 493 3662 e.
514 3610 561 3661 83.

92 3676 191 3733 ‘ibim
204 3680 261 3718 -⁵
279 3682 312 3734 ln
329 3682 376 3732 tit.
397 3685 424 3734 ii
440 3686 524 3745 Sene,
546 3680 613 3736 Diri.
633 3680 706 3747 XIX,
726 3698 754 3750 q.
775 3686 795 3747 i,
816 3698 842 3737 a.
866 3686 876 3736 t
898 3686 947 3741 ael.
