2475 3909
146 174 189 239 70
551 194 733 243 onroxoerx

148 274 219 341 187.
244 274 425 339 Antecedrnc
450 274 493 341 ita
516 275 767 345 demonstratur:
791 280 947 358 Elleetus,
971 280 1090 350 latente
1106 281 1177 368 ipso

108 353 244 434 llumio,
268 367 316 423 est
337 356 475 441 aliquid,
490 359 577 443 quod
593 362 708 444 incipit
729 361 882 440 existere,
904 361 982 427 dum
1004 376 1097 431 antee
1113 388 1176 431 non

106 436 289 534 existebat,
312 458 369 504 seu
378 439 477 586 equod
500 463 518 505 a
540 453 624 509 statu
648 442 875 528 possibilitatis
901 444 942 508 ad
969 456 1087 511 statum
1108 450 1178 511 exi-

106 527 242 586 stentiae
301 542 378 619 rogr

106 610 213 745 qutest
243 540 299 668 red
387 605 394 619 ‘

420 523 498 589 itur.
530 526 629 611 Atqui
659 526 785 611 aliquid
818 550 835 586 «
865 523 906 589 de
941 529 1086 611 potentia
1114 550 1176 593 non

301 624 354 668 uox
387 626 418 669 tn
449 616 578 683 aetum,
607 607 670 671 nisi
703 630 761 703 per
788 607 920 703 aliquod
950 602 1174 674 ensactuln

136 693 245 767 rgo,ut
260 687 394 751 ellectus
416 689 624 755 existentiam
647 692 798 775 accipiat,
815 689 941 774 aliquid
964 690 1029 753 iam
1051 690 1084 755 iu
1104 701 1176 757 actu

106 783 175 828 esse
198 766 450 857 oportet-quod
472 770 554 835 hane
568 772 777 837 existentiam
798 773 828 835 ei
852 771 999 856 largitur.
1016 774 1116 856 Atqui
1131 772 1176 847 id,

106 844 193 929 quod
216 850 345 916 ell'ectui
375 852 581 918 existentiam
605 854 765 936 largitur,
789 874 850 917 uon
876 866 1068 937 potestesse
1093 852 1177 918 idem

105 927 257 1005 allectus,
280 933 336 997 sed
359 930 457 998 debet
478 955 546 999 esse
569 934 693 1019 aliquid
716 934 757 999 ab
777 956 817 999 eo
838 934 1028 1001 distinctum
1042 938 1067 997 ².
1091 936 1178 1019 Ergo

107 1013 197 1076 notio
219 1012 352 1080 effectus
375 1017 557 1100 expostulat
579 1020 743 1082 notionem
767 1017 901 1081 alterius
924 1016 995 1092 rei,
1015 1037 1099 1101 quae
1120 1036 1177 1081 sua

107 1094 228 1160 virtute
249 1098 458 1163 existentiam
473 1098 601 1166 effectui
620 1099 768 1184 largitur.
792 1100 890 1182 Atqui
914 1119 978 1171 res,
1000 1120 1084 1183 quae
1106 1099 1178 1163 exi-

108 1177 260 1242 stentiam
282 1179 374 1245 alteri
405 1178 566 1264 largitur,
589 1201 686 1245 causa
711 1179 799 1243 illius
823 1192 883 1245 est.
907 1181 996 1264 Ergo
1019 1182 1110 1245 notio
1131 1178 1180 1244 el·

107 1254 210 1323 lectus
233 1270 282 1326 est
302 1260 475 1334 eiusmodi,
492 1272 528 1327 ut
550 1265 717 1328 notionem
738 1283 853 1327 causae
876 1264 1060 1327 necessario
1081 1283 1180 1347 expo-

107 1340 215 1416 stulet,
232 1362 268 1408 ac
290 1343 426 1430 proinde
449 1344 475 1408 si
498 1345 577 1409 haec
592 1365 708 1409 causae
731 1346 894 1428 exigentia
917 1343 959 1407 ab
980 1344 1099 1410 ellectu
1122 1365 1180 1408 au·

108 1420 246 1499 feretur,
272 1425 341 1509 ipsa
364 1427 455 1491 notio
477 1428 611 1492 allectus
634 1428 798 1493 evanescit
812 1427 834 1489 ⁸.

149 1506 220 1572 188.
245 1505 371 1573 Obiicit
399 1508 559 1574 llumius:
590 1508 802 1593 Experieotia
830 1508 1089 1581 successionem,
1117 1530 1179 1573 non

107 1608 183 1652 veru
209 1592 444 1654 connexionem
471 1590 631 1657 laetorum
659 1591 855 1655 naturalium
884 1589 978 1654 nobis
1006 1589 1178 1674 patefacit.

108 1671 196 1816 fdlss⁰
218 1670 358 1737 alterum
386 1672 523 1737 alterius
549 1694 618 1737 esse
646 1694 777 1737 causam
807 1672 962 1756 colligere
996 1670 1089 1735 nobis
1115 1693 1180 1735 non

122 1764 195 1819 teet.

150 1837 220 1903 189.
246 1833 358 1935 Resp,
375 1835 453 1918 Nep.
471 1843 536 1901 ont.
563 1836 737 1933 Perpernrn
766 1835 908 1898 llumius
936 1834 1102 1900 contendit
1122 1855 1181 1898 nos

107 1940 148 1983 ex
171 1916 394 2004 praeiudicata
416 1928 523 1983 nostra
552 1918 704 2003 opinione
737 1915 988 2013 dependentium
1017 1916 1103 1982 iuter
1129 1937 1182 1980 res

109 2011 261 2078 statuere,
283 2002 363 2084 quia
386 2000 472 2082 ipsas
493 2000 621 2065 nonnisi
644 2000 706 2065 sibi
729 2000 871 2064 invicem
892 1995 1068 2063 succedere
1082 2019 1183 2085 expe·

108 2085 224 2148 mmur.
255 2081 383 2147 Etenim
405 2079 635 2167 distinguenda
657 2093 706 2147 est
720 2081 864 2166 cognitio
887 2078 1124 2166 dependentiae
1146 2102 1184 2144 u·

109 2165 183 2229 nius
204 2164 254 2228 rei
276 2162 317 2227 ab
340 2162 429 2236 alia,
466 2174 564 2247 atque
587 2164 733 2249 cognitio
765 2161 967 2228 necessitatis
992 2161 1182 2229 huiusmodi

107 2244 345 2333 dependentiae
362 2247 386 2307 Ι.
413 2247 501 2322 lam,
523 2245 611 2332 quod
634 2244 675 2309 ad
698 2244 839 2330 primam
868 2245 1089 2328 cognitionem
1111 2266 1184 2331 spe·

108 2337 183 2403 ctat,
200 2327 405 2413 experientia
421 2346 516 2411 saepe
533 2326 625 2394 uobis
648 2326 805 2413 patefacit
826 2345 890 2390 non
902 2324 1095 2411 ¹simplicem
1110 2348 1185 2392 suc-

108 2412 301 2486 cessionem,
327 2407 381 2474 sed
404 2410 562 2475 actionem
584 2410 684 2475 unius
707 2410 741 2473 in
762 2405 877 2484 aliud,
900 2427 937 2471 ae
960 2406 1099 2493 proinde
1128 2408 1185 2473 de-

109 2492 316 2579 pendentiam
338 2492 436 2557 unius
458 2490 499 2555 ah
521 2492 642 2567 altero,
657 2512 676 2555 a
690 2511 757 2575 quo
771 2488 974 2575 producitur·
990 2490 1029 2554 Ε.
1047 2509 1094 2575 g„
1110 2490 1184 2636 iqsa

110 2597 167 2641 nos
190 2575 305 2641 edocet
325 2574 522 2639 sensationes
545 2574 579 2639 in
601 2573 710 2637 anima
725 2593 743 2636 a
757 2569 964 2657 corporibus,
980 2591 1112 2636 sensum
1150 2596 1187 2637 o-

109 2658 190 2722 loris
211 2678 253 2722 ex
275 2666 424 2754 suscepto
447 2655 594 2731 vulnere,
617 2654 851 2719 extinctionem
875 2651 983 2729 lamis,
998 2663 1033 2718 et
1052 2654 1128 2719 sitis
1141 2676 1186 2721 ex

77 2744 79 2749 '
107 2740 295 2825 sumptione
318 2737 397 2815 cibi,
420 2746 452 2803 et
474 2748 581 2823 potus,
598 2734 857 2802 combustionem
871 2734 950 2821 ligni
966 2756 1008 2799 ex
1021 2734 1095 2799 eins
1110 2756 1188 2819 pro-

107 2820 250 2887 iectione
271 2820 305 2884 in
328 2823 437 2907 ignem
460 2821 555 2885 ellici.
573 2822 643 2883 lloc
664 2816 746 2882 adeo
769 2840 884 2884 rerunt
904 2826 965 2893 est,
981 2827 1081 2892 utea,
1098 2837 1185 2900 quae

109 2902 179 2969 sibi
201 2903 341 2969 invicem
364 2900 557 2979 succedunt,
581 2900 623 2965 ab
645 2901 702 2977 iis,
725 2921 865 2986 quornm
891 2920 994 2964 unum
1015 2896 1058 2965 alt
1078 2898 1187 2965 altero

504 3016 836 3038 ψ

146 3083 198 3143 ΙΙ,
240 3080 430 3142 .ll,r.3e.

144 3158 156 3195 ²
178 3178 188 3203 ι
205 3099 260 3207 que
278 3160 319 3207 eet
339 3157 473 3220 possibile,
487 3156 558 3219 quod
571 3154 672 3218 aliquid
684 3154 719 3203 stt
732 3166 811 3203 exure
826 3150 943 3203 efficient
955 3152 998 3203 sei
1011 3151 1106 3215 ipsius,
1120 3152 1189 3215 qnia

109 3236 148 3283 ste
167 3234 236 3281 esset
256 3230 328 3291 prius
346 3230 444 3292 seipso,
463 3226 534 3291 quod
553 3232 594 3278 est
613 3225 776 3290 impossibile
792 3243 818 3285 η
833 3224 899 3275 told.

144 3302 156 3340 ⁸
176 3299 237 3353 lnde
251 3298 364 3353 llantlus
382 3302 463 3351 etlam
485 3299 627 3357 refellitur,
640 3298 686 3361 qui
699 3298 863 3361 principium
874 3297 1037 3348 melito&
1049 3297 1121 3346 luter
1133 3308 1186 3345 eux

109 3374 238 3439 principia
258 3374 399 3437 apntdetteo
418 3390 435 3425 o
452 3374 538 3436 prtorr'
555 3368 600 3437 (cr
616 3372 710 3431 κιαι,
730 3369 782 3421 loe.
803 3363 882 3435 eit),
902 3370 1047 3419 recensuit.
1067 3364 1136 3418 Nam
1159 3368 1189 3416 tn

110 3446 241 3510 principio
260 3446 433 3503 manutenete,
453 3443 678 3508 quaemadmodum
698 3441 875 3499 ostendimus,
894 3454 927 3491 ex
945 3443 1054 3492 notione
1069 3439 1188 3491 subiecti

111 3518 184 3568 netto
204 3516 349 3577 praedicati
368 3516 510 3575 evolvitur,
531 3516 556 3565 td
575 3515 658 3579 quod,
677 3514 824 3565 secundum
844 3514 932 3576 ipsum
951 3510 1099 3573 llanttum,
1117 3525 1188 3563 eua-

111 3588 254 3651 lytleorum
275 3587 435 3639 tnutetorum
455 3589 592 3650 proprium
611 3591 664 3638 eet.

149 3655 160 3695 t
179 3652 215 3709 ΕΙ
230 3652 315 3719 Soet„
336 3660 367 3708 ln
385 3660 432 3711 tto.
454 3660 570 3724 lSent.,
589 3658 657 3716 Dist.
677 3656 725 3723 ΙΙΙ,
745 3672 773 3725 q.
794 3654 842 3720 lV,
861 3657 942 3710 aelel.
