2475 3909
151 135 193 200 58
538 150 741 198 ¹noercsu
827 189 829 196 .

111 248 145 301 et
165 234 337 301 essentiam
360 235 423 313 rei,
447 235 664 320 cognitionem
682 234 878 317 uientifieam
901 234 935 297 in
956 234 1049 299 uobis
1063 235 1178 320 progi-

158 328 226 393 uut;
249 317 275 381 si
301 314 410 382 uidem
430 318 575 402 cognitio
594 316 738 402 vulgaris
759 335 777 379 a
800 315 973 381 scientifica
996 318 1028 381 in
1049 337 1088 381 ec
1110 317 1178 381 dil·

126 409 189 475 ert,
212 338 298 485 quod
320 397 376 463 illa
397 409 521 465 mutum
543 420 612 463 rem
634 419 716 474 esse,
732 399 809 463 haec
829 409 949 476 autem,
963 419 1022 463 cur
1042 401 1088 463 ita
1103 421 1178 465 esse

114 482 242 557 debeat,
264 480 405 548 exhibet.
430 485 472 546 At
493 502 583 557 vero,
596 484 755 581 quaestio,
778 502 819 543 en
838 501 887 546 res
908 483 960 556 sit,
983 480 1022 544 ad
1044 482 1180 547 seienti-

114 564 207 630 lieam
229 562 442 648 cognitionem
465 566 513 628 rei
536 564 736 629 alliciendam
752 563 929 647 plurimum
943 563 1080 639 confert,
1095 566 1179 649 quia

115 667 205 711 mens
227 653 346 721 nostra,
366 666 438 710 cum
463 646 677 730 apprehendit
690 646 894 711 existentiam
916 647 979 724 rei,
993 648 1087 711 cuius
1101 668 1182 710 cau-

114 748 183 792 sam
205 729 351 811 ignorat,
374 730 563 793 naturaliter
588 729 728 795 trahitur
749 726 788 793 ad
812 730 914 813 ipsam
936 748 1064 792 causam
1087 730 1182 792 iuve-

116 810 317 895 stigandam,
341 808 476 957 ”dudum
499 832 551 876 res
572 813 637 888 sit,
660 820 840 896 cognoscat.
869 810 959 875 ldem
986 809 1114 875 dicatur
1135 810 1180 874 de

116 894 321 977 quaestione,
342 916 361 979 q
416 896 443 958 is
465 914 513 957 res
533 896 596 968 sit,
620 914 718 967 nam,
741 893 918 976 perspectis
939 892 1179 968 allectionibus,

116 994 199 1059 quae
220 976 268 1039 rei
291 976 409 1051 insunt,
425 977 508 1041 haud
531 975 702 1040 difficulter
717 976 931 1060 cognoscitur,
946 997 1009 1061 qua
1024 996 1066 1040 ex
1080 995 1184 1039 causa

119 1058 210 1142 ipsae
233 1056 281 1121 rei
304 1058 412 1123 insint.

196 1196 263 1250 Aer.
280 1195 495 1264 ll.-Qnaenaps
515 1200 568 1247 sint
586 1200 755 1261 quaestiones
774 1197 940 1259 dialecticae,
961 1202 1101 1264 exponitur

158 1308 209 1372 27.
233 1306 467 1383 Quaestionum
490 1307 612 1373 theoria
634 1307 669 1369 iu
690 1306 876 1371 universum
892 1328 931 1371 ex
956 1308 1065 1385 licata,
1080 1330 1184 1396 expc-

121 1409 198 1454 nere
220 1411 237 1453 e
258 1410 293 1453 re
318 1400 386 1466 est,
409 1410 569 1475 quaenam
597 1389 661 1452 sint
688 1389 891 1472 quaestiones
941 1390 1116 1457 ialecticae.
1144 1393 1184 1456 lu

121 1472 236 1556 primis
259 1470 465 1537 manifestum
487 1481 535 1535 est
555 1470 758 1555 quaestiones
778 1470 854 1555 quid
881 1491 929 1535 res
957 1473 1022 1549 sit,
1047 1481 1081 1537 et
1109 1494 1185 1549 cur,

120 1565 154 1621 et
174 1554 253 1617 unde
275 1554 334 1628 sit,
358 1552 397 1618 ad
420 1552 623 1617 dialecticam
644 1572 708 1615 uon
732 1552 917 1635 pertinere,
934 1556 1010 1639 quia
1032 1554 1122 1631 illae,
1147 1568 1187 1623 ut

121 1633 276 1712 diximus,
300 1646 432 1714 certam,
455 1647 488 1701 et
506 1633 716 1700 seientifieam
738 1634 956 1719 cognitionem
970 1638 1018 1702 rei
1036 1639 1185 1721 pariunt,

121 1716 200 1780 dum
221 1738 239 1782 e
260 1718 422 1783 contrario
444 1715 611 1781 dialectica
634 1715 836 1801 probabilem
858 1719 1074 1803 cognitionem
1088 1719 1188 1783 dum-

121 1810 212 1864 taxat
231 1811 381 1867 sectatur.
406 1802 501 1876 Hinc,
526 1797 655 1883 quando
670 1819 738 1862 rem
753 1819 822 1862 esse
837 1798 1021 1879 inualescit,
1034 1804 1187 1886 quaestio

122 1880 291 1949 dialectiea
313 1883 376 1947 alia
398 1903 465 1947 esse
488 1902 550 1947 non
574 1891 688 1965 potest,
711 1900 808 1963 quarn
829 1885 988 1964 quaestio,
1011 1882 1110 1969 qualis
1134 1907 1188 1948 res

122 1968 175 2039 stt,
198 1986 326 2051 nempe,
349 1986 424 2028 num
446 1963 566 2049 aliquid
587 1964 634 2026 rei
656 1964 745 2026 insit.

164 2046 214 2111 98.
239 2048 305 2109 lam
328 2046 413 2109 circa
436 2046 674 2130 quaestionem,
697 2064 772 2107 num
793 2044 915 2130 aliquid
935 2048 982 2109 rei
1002 2046 1092 2121 insit,
1115 2045 1188 2109 dia-

124 2126 235 2191 lectice
258 2128 436 2193 institutam
457 2148 521 2191 nou
544 2129 685 2211 pertinet
699 2126 834 2209 quidem
855 2125 894 2191 ad
910 2128 1062 2212 Logicam
1077 2126 1188 2193 trade-

125 2229 172 2284 re,
195 2230 270 2273 num
294 2210 384 2285 haec,
407 2208 455 2273 vel
480 2208 535 2273 illa
552 2211 734 2294 proprietas
754 2208 830 2273 huie
844 2208 892 2273 rel
917 2210 965 2274 illi
987 2230 1097 2274 rerum
1114 2230 1188 2294 spe·

127 2288 188 2355 ciei
212 2292 299 2367 insit,
323 2290 377 2356 sed
400 2299 522 2355 tantum
538 2290 683 2367 modum,
703 2312 768 2375 quo
784 2292 873 2366 insit,
888 2292 1088 2377 argumentis
1111 2313 1190 2377 pro-

126 2371 291 2439 babilibus
306 2374 316 2413 ¹
333 2373 538 2457 investigare.
563 2374 624 2436 llic
639 2381 747 2437 autem
769 2372 882 2437 modus
899 2372 1102 2519 quadruplex
1117 2394 1188 2438 esse

121 2464 248 2540 potest,
272 2475 385 2542 nempe
408 2454 596 2541 investigari
618 2463 739 2538 potest,
762 2464 871 2519 utrum
892 2454 1017 2540 aiquid
1038 2456 1117 2521 insit
1137 2456 1189 2521 rei

130 2537 178 2601 uti
200 2557 306 2618 genum
329 2560 358 2602 e.
382 2557 432 2622 g.,
454 2558 528 2599 unm
549 2536 685 2600 dominis
709 2556 802 2616 genus
823 2536 865 2600 sit
887 2558 950 2600 esse
970 2537 1113 2613 animal,
1137 2534 1190 2602 vel

128 2618 174 2684 uti
223 2620 379 2704 roprium,
401 2639 430 2682 e.
448 2638 496 2701 g.,
518 2628 626 2683 etrum
644 2617 814 2701 proprium
835 2618 968 2685 dominis
988 2621 1029 2685 sit
1060 2640 1120 2682 esse
1141 2621 1191 2686 η’-

128 2700 189 2765 siti
202 2722 228 2778 e;
251 2702 302 2767 vel
325 2701 372 2766 uti
393 2699 544 2785 definitio,
569 2722 597 2765 e.
624 2720 674 2783 g.,
696 2711 803 2763 utrum
825 2700 961 2764 dominis
987 2701 1125 2787 definitio
1146 2702 1189 2764 sit

129 2804 190 2847 esse
212 2784 330 2848 animal
348 2782 509 2858 retiaculo
532 2784 581 2845 vel
606 2782 653 2845 uti
683 2781 821 2846 maidens
849 2803 879 2846 e.
903 2802 954 2879 g.,
976 2790 1085 2846 utrum
1107 2784 1190 2847 acei-

129 2864 200 2928 dens
221 2864 355 2929 dominis
388 2864 428 2927 sit
450 2884 510 2927 esse
537 2863 654 2927 aldum.
678 2863 769 2927 Hanc
795 2862 837 2929 ob
857 2874 1016 2929 rationem
1047 2875 1191 2947 quatuor

131 2955 344 3011 numerantur
369 2946 570 3028 quaestiones
590 2943 804 3022 dialecticae,
827 2966 942 3031 nempe
963 2945 998 3009 de
1018 2964 1135 3028 gerere,
1157 2944 1190 3007 de

126 3029 271 3114 proprio,
292 3027 326 3091 de
347 3026 531 3111 definitione,
553 3026 641 3091 etde
661 3026 811 3091 occidente
830 3028 856 3091 ².

168 3270 176 3305 ¹
198 3264 357 3331 Sylloglsmi,
378 3263 422 3328 qul
443 3265 470 3313 in
489 3263 628 3313 dialectlea
647 3262 813 3321 adhibentur,
827 3266 887 3313 snut
905 3263 1076 3326 enthymema,
1093 3265 1122 3311 et
1135 3260 1191 3324 ept-

133 3344 257 3397 eltrsmrn
278 3350 337 3388 nam
357 3336 384 3387 lrl
403 3336 558 3400 syllogismi,
579 3340 609 3385 ut
629 3336 655 3384 iu
674 3337 757 3398 prim¹
779 3340 853 3398 parte
871 3334 995 3393 diximus,
1010 3347 1072 3383 enm
1085 3346 1119 3383 ex
1131 3344 1189 3396 pre-

135 3412 265 3463 lssbtltlsus
283 3410 434 3472 praemlssts
454 3406 665 3471 proficiscantur,
679 3407 828 3469 probabiles
840 3406 1025 3457 conclusiones
1037 3404 1146 3463 habam,
1159 3414 1189 3452 ac

135 3482 244 3550 proinde
257 3482 289 3531 ad
303 3481 439 3535 solvendas
453 3483 622 3545 quaestiones
634 3480 796 3538 dialecticas,
810 3492 878 3545 quae
888 3480 959 3530 elrcs
978 3478 1122 3542 probabilis
1134 3488 1189 3526 rer·

135 3560 238 3611 santur,
259 3556 400 3615 pertinent.

171 3624 381 3695 spusennes,
401 3638 465 3678 num
484 3622 583 3691 aliquid
603 3622 684 3677 allent
704 3624 766 3679 insit
784 3625 824 3677 ntt
842 3623 1008 3692 dtffersntie,
1027 3635 1053 3675 e.
1072 3636 1112 3687 g,
1130 3630 1190 3670 aun
