2475 3909
141 146 179 210 12
528 158 728 209 coerces
1212 183 1213 240 p

101 246 235 319 dicitur,
259 260 316 306 seu
338 241 476 305 essentia
499 242 759 327 uniuscuiusque
781 244 901 329 speciei
918 252 966 308 est
981 243 1052 328 ipsa
1066 262 1176 310 essen·
1213 298 1214 335 ,

103 328 149 392 tia
173 322 302 419 generis
331 342 405 387 cum
434 319 729 400 determinatione,
753 345 851 410 quam
874 322 968 389 habet
995 345 1056 409 per
1082 323 1177 388 dilie—
1213 337 1214 352 ¹

102 416 254 473 rentiam.
1214 417 1215 432 ¹

144 488 194 552 14.
219 486 286 549 Pro
308 487 394 548 riom
409 493 458 550 est
480 484 569 549 notio
583 483 790 564 universalis,
805 506 889 571 quae
904 485 943 552 de
959 484 1110 571 pluribus
1123 506 1179 550 re·
1215 535 1216 540 η

103 570 164 635 isus
188 504 412 650 singularibus
433 564 653 649 praedicatur,
669 576 702 632 et
715 566 847 634 denotat
866 568 955 632 illam
969 568 1176 652 qualitatem,

102 669 185 736 quae
213 655 261 711 est
287 658 379 711 extra
404 647 576 712 essentiam
604 648 678 723 rei,
707 647 762 712 sed
791 659 897 714 tamen
923 650 1096 715 necessario
1123 645 1177 711 ilii

103 730 244 797 advenit.
269 726 464 792 Huiusmodi
486 743 534 795 est
556 749 617 792 esse
639 729 762 793 risibile
783 730 817 793 in
839 730 969 795 homine
985 732 1009 793 ¹.

146 812 194 876 15.
218 808 367 893 Denique
388 809 526 873 occidens
549 820 598 875 est
622 812 710 874 notio
728 811 932 886 universalis,
946 832 1031 897 quae
1044 810 1085 873 de
1101 808 1179 893 plu-

105 892 197 963 ribus
217 886 315 954 rebus
330 889 552 975 singularibus
567 890 784 976 praedicatur,
801 903 833 958 et
847 892 977 960 denotat
991 893 1082 957 illam
1096 909 1181 1034 pua-

103 976 240 1047 litatem,
266 991 349 1054 quae
373 992 435 1035 non
459 972 565 1036 solum
586 981 680 1037 extra
702 976 875 1039 essentiam
902 975 951 1039 rei
972 984 1042 1048 est,
1064 992 1098 1035 se
1143 992 1181 1035 e-

104 1057 185 1121 tiam
208 1054 415 1133 contiopenter
436 1052 477 1116 ab
499 1074 536 1117 ea
561 1051 645 1128 lluit,
672 1057 716 1119 ita
738 1066 774 1120 ut
795 1057 864 1121 sire
879 1054 919 1121 de
934 1078 968 1121 re
984 1056 1178 1127 affirmetur,

105 1138 174 1205 sire
196 1157 234 1199 ne
259 1146 349 1211 etur,
372 1136 512 1202 essentia
533 1135 582 1198 rei
605 1156 669 1199 non
688 1136 885 1202 destruatur.
907 1134 1104 1202 Huiusmodi
1128 1146 1181 1199 est

104 1240 167 1285 esse
185 1156 407 1303 philosophum
430 1216 462 1279 in
485 1216 615 1281 homine
630 1220 655 1279 ².

145 1300 193 1366 1o.
218 1298 329 1381 ltaque
352 1297 499 1364 notiones
527 1298 748 1376 universales,
773 1319 833 1383 per
882 1320 961 1375 uas,
993 1295 1094 1364 veluti
1117 1316 1181 1381 per

103 1380 260 1465 quasdam
282 1386 385 1454 notas,
407 1378 633 1462 cognoscimus
656 1380 820 1464 quomodo
849 1318 975 1465 aliiquid
997 1380 1037 1445 de
1064 1377 1181 1460 aliquo

105 1460 290 1551 praedicari
312 1466 430 1545 potest,
451 1470 695 1543 repraesentant
708 1461 760 1526 vel
774 1463 1001 1547 proprietates,
1022 1478 1107 1545 quae
1128 1479 1183 1522 ee-

105 1544 244 1611 ssntium
265 1542 315 1606 rei
337 1540 551 1617 constituunt,
570 1554 604 1607 et
625 1554 700 1608 sunt
720 1562 827 1625 penus,
842 1547 967 1628 species,
983 1553 1016 1609 et
1036 1538 1182 1624 differen-

106 1626 163 1703 tio;
186 1623 237 1689 vel
259 1620 500 1709 proprietates,
527 1643 609 1706 quae
632 1625 808 1690 essentiam
829 1627 878 1689 rei
901 1646 964 1691 nou
987 1620 1180 1705 ingrediun-

105 1716 171 1785 tur,
194 1703 248 1769 sed
264 1703 305 1769 ab
325 1721 364 1767 ea
390 1714 594 1787 promanant,
616 1716 650 1770 et
672 1714 748 1771 sunt
764 1708 946 1793 propriam,
968 1715 1002 1770 et
1022 1702 1179 1767 occidens.

107 1786 195 1857 luter
215 1806 323 1870 penus,
345 1784 490 1867 speciem,
513 1793 545 1848 et
558 1784 766 1869 differentium
789 1787 850 1851 hoc
876 1796 966 1853 extat
986 1785 1181 1861 discrimen,

105 1868 193 1954 quod
217 1869 328 1952 speeies
357 1875 456 1930 totam
479 1869 650 1933 essentiam
673 1867 915 1951 complectitur,
936 1888 1031 1951 penus
1054 1874 1182 1940 autem,

105 1960 138 2017 et
159 1949 335 2039 differentia
357 1957 482 2043 partem
504 1947 575 2014 sius
596 1959 721 2014 tantum
743 1949 956 2033 exprimunt,
984 1960 1017 2013 et
1043 1944 1182 2041 quidem

108 2052 209 2117 genus
229 2031 387 2125 exprimit
410 2035 535 2113 partem
557 2029 824 2106 communiorem,
839 2041 871 2096 et
893 2026 1180 2103 universaliorem,

108 2133 171 2197 qua
194 2132 245 2175 res
267 2130 336 2196 ipsa
352 2128 425 2171 cum
448 2108 520 2172 aliis
545 2109 706 2180 convenit;
730 2109 913 2176 differentia
927 2124 1035 2177 autem
1051 2118 1181 2190 partem

107 2195 216 2259 miuus
238 2208 465 2263 communem,
489 2208 545 2271 per
572 2210 671 2274 quam
692 2210 743 2254 res
775 2191 816 2255 ab
844 2193 919 2257 aliis
949 2189 1103 2257 omnibus
1129 2186 1181 2251 di-

107 2273 295 2357 stinguitur.
319 2270 405 2333 lnter
431 2270 603 2355 proprium
627 2279 758 2346 eutem,
780 2283 813 2338 et
834 2274 973 2338 occidens
1000 2270 1181 2336 discrimen

107 2363 166 2429 est,
189 2352 276 2439 quod
298 2349 381 2417 iilud
403 2369 476 2413 curn
499 2349 637 2417 essentia
659 2354 841 2419 necessario
869 2354 1094 2437 coniungitur,
1118 2349 1181 2413 lsoc

108 2454 186 2505 sero
208 2434 366 2501 essentiae
388 2432 611 2515 contingenter
638 2430 769 2497 advenit
783 2436 806 2497 ⁸.

146 2660 154 2695 ¹
176 2656 232 2707 lloo
252 2658 399 2720 proprium,
420 2670 481 2704 eum
503 2658 653 2707 necessario
667 2662 848 2720 consequatur
860 2660 1002 2707 essentiam
1017 2659 1068 2716 rel,
1081 2657 1181 2707 dicitur

108 2730 252 2783 conventre
272 2730 346 2777 omni
370 2729 487 2789 speciei,
508 2729 559 2778 lsoc
578 2735 618 2778 est
637 2730 760 2778 omuibus
786 2730 944 2788 individuis,
964 2743 1033 2794 quae
1052 2729 1084 2779 ad
1104 2730 1180 2778 iilam

109 2802 227 2865 speciem
246 2800 388 2861 pertinent,
408 2800 467 2856 soli,
488 2805 515 2849 et
534 2814 645 2863 semper.
666 2796 796 2863 Quocirca
815 2801 987 2864 distinguitur
1005 2807 1062 2851 tum
1082 2814 1098 2850 a
1117 2814 1181 2861 pro-

109 2875 182 2935 prio,
202 2871 273 2936 quod
290 2872 340 2922 soli
357 2870 455 2931 speciei
479 2871 563 2927 inest,
589 2871 634 2920 sed
661 2885 713 2921 uon
732 2874 819 2930 omisi,
846 2878 876 2922 ut
902 2874 928 2922 ln
947 2872 1053 2923 homine
1073 2873 1182 2923 Geome-

108 2954 268 3001 tromesse,
289 2948 346 2991 turn
365 2941 398 2989 als
418 2942 483 2998 iiio,
504 2942 574 3004 qood
594 2944 793 3006 omniquidem
817 2944 917 3005 speciei
943 2944 1028 3002 tuest,
1054 2943 1101 2993 sed
1126 2956 1180 2993 uon

109 3016 168 3075 soli,
189 3018 218 3064 ut
236 3014 351 3077 bipedem
370 3026 439 3071 esse,
461 3017 518 3061 tuus
536 3012 651 3078 denique
669 3013 702 3064 als
721 3014 785 3073 iiio,
804 3016 875 3079 qood
894 3018 968 3065 omni
984 3020 1013 3065 st
1030 3014 1080 3065 soii
1099 3015 1180 3073 iuost,

109 3088 155 3139 sed
175 3100 229 3135 oon
248 3098 358 3147 semper,
379 3087 408 3133 ut
427 3098 571 3135 conoscere.

145 3156 158 3194 ²
177 3154 243 3207 Sunt
261 3156 368 3218 aliquae
386 3154 547 3217 qualitates,
567 3168 655 3218 quae,
675 3158 725 3207 etsi
744 3164 802 3207 acto
820 3170 835 3206 a
855 3158 977 3207 subiecto
995 3157 1115 3219 separari
1133 3170 1181 3206 ne·

110 3232 230 3294 queant,
251 3233 340 3277 tamen
360 3228 429 3276 iuter
447 3227 595 3276 accidentia
614 3230 800 3277 numerantur.
827 3226 983 3279 Huiusmodi
1009 3232 1050 3277 est
1074 3229 1182 3292 nigredo

110 3303 138 3351 iu
157 3312 249 3350 corso.
270 3292 338 3348 Cum
356 3299 428 3347 enim
446 3297 497 3347 hae
516 3298 661 3361 qualitates
680 3298 713 3348 ab
731 3302 845 3348 essentia
866 3300 903 3349 rei
922 3301 1107 3361 contingenter
1119 3312 1183 3361 pro·

110 3376 240 3429 manent,
259 3370 412 3419 intellectos
430 3372 517 3431 potest
535 3369 594 3419 iiias
614 3371 756 3433 qualitates
781 3383 898 3434 negare,
923 3372 989 3433 quin
1007 3371 1121 3421 essentia
1140 3374 1182 3421 rei

110 3444 273 3495 destruatur.
294 3438 361 3491 ilinc
381 3440 432 3491 irae
450 3439 597 3504 qualitates
615 3448 674 3491 ueto
692 3441 799 3505 quidem
819 3441 1027 3506 inseparabiles,
1047 3441 1093 3493 sed
1111 3446 1183 3505 copi·

109 3518 207 3574 actions
225 3510 385 3573 separabiles
404 3526 420 3562 a
439 3512 561 3562 subiecto
580 3517 653 3561 sunt.

146 3584 157 3631 t
177 3582 363 3644 itpotandom
381 3586 422 3637 est
440 3596 537 3637 nomeu
556 3585 693 3641 occidenda
716 3584 800 3636 etism
822 3586 934 3654 propris
953 3583 1063 3635 attribui
1087 3596 1183 3653 posse,
