2475 3909
521 191 755 240 Ilvtlttlltotlla

534 312 674 378 capvt
695 313 735 377 ll.

410 437 454 502 lla
475 437 637 504 facultate
658 437 850 520 chatativa

219 567 287 620 Aur.
311 565 417 620 l.-lls
436 574 545 628 natura,
566 572 594 619 et
611 567 810 629 operationibus
829 566 908 616 lanias
928 565 1062 618 facultatis

141 678 193 744 3⁸2.
217 675 366 743 Facullas
387 676 583 762 vegetativa,
603 699 618 734 a
636 697 699 739 non
720 675 800 759 agit,
824 675 886 738 nisi
911 675 944 737 in
966 696 1096 761 corpus,
1118 681 1175 744 eui

101 760 210 823 anima
233 759 369 824 unitur¹
384 782 414 834 n,
438 767 535 843 atquo
558 756 736 834 definitur,
764 754 846 820 illul
869 757 1091 840 principium,
1117 782 1177 846 quo

102 860 217 925 eorpus
241 841 345 904 uicena
363 861 422 924 per
448 841 586 905 animam
601 843 756 912 nutritur,
771 847 915 919 cupetur,
930 848 958 900 et
969 852 1175 923 propagatur.

99 920 210 997 Quare
234 932 320 996 tres,
349 932 386 987 ut
413 919 594 998 diximus²,
617 920 846 1005 complectitur
867 916 1057 996 facultates,
1081 923 1179 988 nimi·

99 1023 188 1078 rum,
213 1003 416 1078 nutritivam,
443 1002 725 1084 augmentativam,
747 1010 779 1064 ct
797 1003 1018 1084 generativam.
1043 1027 1060 1065 a
1076 1003 1179 1090 Vege-

101 1085 239 1147 talivum
254 1084 394 1178 ,inquil
415 1083 538 1150 Ductor
559 1093 689 1158 nester,
710 1081 807 1148 habet
829 1103 893 1165 pro
915 1081 1042 1148 obiecto
1068 1085 1175 1182 ipsum

103 1183 223 1249 eorpus
245 1186 355 1228 vivens
372 1186 431 1262 per
450 1167 604 1241 animam;
620 1163 659 1227 ad
674 1164 760 1248 quud
776 1163 908 1250 quidem
924 1185 1042 1249 corpus
1056 1168 1177 1252 triplex

99 1246 230 1309 animae
258 1257 406 1342 operatio
428 1257 477 1312 est
499 1247 689 1311 necessaria.
717 1244 787 1311 Una
809 1244 963 1329 quidam,
993 1266 1052 1330 per
1078 1268 1177 1332 quam

100 1346 171 1390 esse
193 1338 367 1410 acquirat:
396 1338 426 1392 et
455 1328 494 1392 ad
523 1329 583 1392 hoa
611 1327 782 1392 ordinatur
809 1328 953 1413 potentia
979 1331 1173 1422 generativa.

100 1407 177 1470 ,tlia
197 1428 289 1486 voro,
311 1430 480 1494 perquam
501 1429 621 1494 corpus
635 1410 745 1474 vivum
761 1410 903 1491 acquirit
917 1408 1059 1474 debrlam
1074 1431 1177 1495 quan-

101 1489 237 1554 titatem:
262 1499 294 1554 et
316 1491 356 1554 ad
378 1491 438 1555 hoc
465 1489 636 1554 ordinatur
657 1491 707 1554 vis
727 1492 978 1574 augmentativa.
995 1490 1069 1555 Alia
1083 1513 1175 1569 vero,

100 1590 159 1656 per
179 1591 276 1654 quam
292 1591 411 1658 corpus
434 1571 569 1638 viventis
588 1573 733 1636 salvatur
753 1581 786 1637 el
807 1574 840 1636 in
861 1593 942 1649 esse,
965 1583 998 1636 et
1020 1574 1054 1636 in
1075 1594 1178 1658 quan·

98 1653 192 1716 litate
214 1650 341 1717 debila:
366 1663 399 1719 et
419 1651 456 1717 ad
481 1652 541 1717 hoc
562 1651 734 1717 ordinatur
755 1654 804 1717 vis
826 1655 982 1720 nutritiva
995 1655 1008 1689 ⁸
1021 1678 1049 1716 n.

145 1733 194 1799 33.
219 1733 369 1800 Facultas
384 1733 538 1801 nutritiva
560 1747 609 1800 est
630 1733 686 1798 illa
708 1734 767 1811 cis,
784 1757 845 1820 qua
864 1737 971 1800 uicena
993 1735 1175 1799 alimentum

100 1813 137 1878 in
157 1816 211 1879 rui
232 1815 434 1882 substantiam
462 1819 630 1893 convertit,
654 1817 727 1880 eius
751 1839 792 1882 ne
813 1819 962 1901 operatio
983 1827 1032 1883 est
1052 1839 1177 1880 concer-

100 1897 151 1960 rio
171 1897 315 1962 alimenti
340 1900 375 1962 in
396 1899 599 1962 substantiam
623 1898 709 1961 aliti.
728 1837 814 1964 ilum
842 1898 995 1965 facultate
1018 1899 1176 1963 nutritiva

100 1987 191 2044 arcta
214 1982 417 2046 connectitur
439 1981 576 2046 facultas
597 1982 839 2061 augmentative,
854 1983 934 2064 quia
954 1981 1176 2066 augmentatio

103 2061 175 2124 sine
198 2063 379 2127 nutritione
395 2063 533 2127 existere
550 2065 673 2146 nequit.
697 2061 764 2125 lam
782 2062 918 2128 facultas
933 2063 1176 2147 augmentative

98 2139 256 2205 definitur
277 2143 332 2207 illa
355 2147 421 2221 uis,
443 2165 504 2228 qua
525 2144 630 2206 ainana
651 2144 800 2208 maiorem
822 2147 1027 2230 quantitatem
1055 2164 1096 2206 cx
1116 2143 1176 2208 ati·

98 2233 199 2286 manlo
219 2227 409 2309 nusquitan
431 2223 516 2289 unde
539 2225 610 2288 eius
631 2227 790 2309 operatio,
813 2248 927 2313 nempe
942 2227 1174 2310 augmentatio,

102 2305 170 2370 aiva
193 2307 334 2372 acerelio
357 2304 537 2372 diciturne
558 2307 669 2370 uisitio
690 2309 821 2372 maioris
841 2309 1038 2394 querulitatis,
1058 2307 1123 2384 vel,
1146 2310 1175 2374 si

102 2406 154 2450 rna
180 2388 207 2450 is
230 2385 330 2466 lubet,
356 2399 443 2453 actus
466 2388 511 2451 uit
547 2388 573 2452 ia
594 2412 614 2452 a
635 2389 753 2452 minori
772 2389 996 2475 quantitataad
1010 2390 1174 2454 maiorem.

139 2406 190 2535 ai.
215 2469 398 2537 Facultates
420 2470 599 2546 nutriendi,
623 2471 815 2556 clangendi
841 2472 978 2537 facultas
999 2469 1175 2556 generandi

100 2553 323 2635 consequitur,
339 2553 461 2638 quippe
484 2551 570 2634 quod
592 2573 634 2617 ex
656 2572 706 2626 eo,
723 2553 809 2637 quod
833 2554 946 2618 vivens
967 2555 1125 2629 nutritur,
1142 2564 1176 2618 et

103 2632 222 2698 iustam
245 2633 294 2697 sui
319 2637 437 2700 molem
461 2633 618 2718 adquirit,
642 2633 682 2697 ad
707 2635 952 2717 producendum
979 2633 1043 2700 sibi
1066 2634 1175 2700 simile

101 2710 258 2778 idoneum
278 2715 428 2784 efficitur.
452 2715 604 2782 Facullas
620 2717 819 2800 generativa,
835 2730 931 2801 prout
955 2716 994 2780 ad
1021 2715 1175 2793 viventia,

99 2793 141 2859 dc
156 2794 279 2890 quibus
302 2800 444 2882 agimus,
460 2799 681 2883 restringitur,
698 2808 746 2863 cst
761 2799 890 2876 illunis,
906 2819 969 2884 qua
982 2800 1088 2864 ainana
1100 2818 1175 2882 pro-

97 2876 186 2940 ducit
208 2877 296 2941 aliud
317 2879 421 2944 uicena
436 2878 570 2943 eiusdem
585 2888 729 2957 naturae,
744 2892 772 2944 et
785 2880 1008 2968 quodammodo
1027 2881 1090 2946 rili
1104 2900 1177 2944 oon·

97 2957 251 3023 iunctum.
276 2959 367 3023 Hanc
389 2959 611 3025 definitionem
626 2960 883 3027 derivavimusa
905 2961 1028 3027 celebri
1047 2963 1103 3028 illa
1119 2960 1175 3027 de·

98 3038 246 3106 finitione
268 3041 497 3126 generationis,
512 3062 597 3127 quae
642 3052 691 3114 ost
714 3063 740 3106 s.
763 3045 919 3108 'thomam
934 3045 947 3082 ⁸
962 3043 1004 3108 ab
1020 3042 1174 3109 omnibus

98 3123 282 3210 Theologis,
299 3129 332 3186 el
352 3122 557 3209 Philosophis
571 3063 736 3190 caliolieis
758 3126 912 3201 traditur,
927 3144 1056 3222 nempe,
1075 3128 1175 3273 Origo

98 3205 235 3271 alicuius
257 3205 456 3290 aprinaipio
480 3206 600 3269 uiuente
615 3208 777 3272 coniuncto
797 3207 963 3272 samnium
986 3207 1127 3274 armifitu
1149 3207 1175 3272 i-

97 3307 165 3352 nam
187 3298 329 3352 naturae.
355 3287 406 3351 Ex
426 3287 477 3351 his
492 3287 601 3353 verbis
616 3286 815 3374 intelligitur
829 3290 869 3357 tri
894 3289 989 3355 licem
1003 3309 1073 3354 esse
1094 3310 1172 3354 con·

97 3368 258 3434 ditionem
288 3369 517 3454 generationis.
547 3369 659 3448 Prima
687 3381 758 3448 est,
786 3371 855 3438 uli
893 3417 902 3450 ,
931 3370 1017 3458 quod
1040 3371 1173 3450 oritur,

407 3505 734 3523 ἡ

134 3575 144 3615 a
166 3558 187 3634 l,
208 3589 236 3638 q.
257 3571 401 3633 axxvm.
422 3587 449 3624 a.
474 3573 485 3622 r
509 3571 605 3624 a-v
624 3571 653 3624 r.
677 3573 740 3625 rna.

140 3647 194 3712 tl,
215 3661 243 3718 q.
264 3643 408 3708 lxxviii,
428 3659 455 3698 a.
476 3645 492 3695 Ξ
514 3643 605 3696 cmi
626 3643 647 3708 l,
668 3660 695 3715 q.
717 3641 840 3705 xxviii,
861 3661 887 3697 a.
907 3644 924 3698 2
943 3660 970 3702 o.
