2475 3909
389 207 572 254 mmmmm
597 207 781 257 narrentis
1016 189 1076 254 tis

54 307 136 350 coac.
162 287 240 350 miri.
259 287 337 368 uoq.
361 311 443 352 cons.
461 289 698 360 Distinctionis.
715 312 812 375 quam
828 287 1007 362 attulimus,
1032 290 1116 352 ratio

50 391 93 431 cx
116 370 169 446 iis,
192 390 275 452 quac
297 370 376 434 aiibi
400 372 567 438 docuimus
583 375 607 448 ¹,
631 373 795 437 evidenter
818 371 1023 457 perspicitur.

93 451 165 516 ets.
189 449 295 517 (ibiic.
319 451 354 514 2⁰
376 452 559 519 Substantia
581 454 705 522 infinita
735 475 808 518 cum
836 452 1023 517 substantiis
1045 449 1117 514 fini-

51 534 94 596 tis
117 533 286 598 coniuncta
311 545 358 598 est
380 535 557 620 quidquam
580 541 684 602 maius
700 539 795 600 unico
811 535 987 600 substantia
1010 531 1117 598 infini-

52 627 95 678 ta.
120 617 218 699 Atqui
243 615 299 679 hoc
322 629 369 681 est
391 617 591 694 absurdum,
614 619 776 702 siquidem
809 619 909 688 iilud,
938 637 1002 701 quo
1024 614 1118 699 quid-

21 712 150 843 ‘tpuam
176 701 279 760 maius
301 721 369 762 esso
392 712 507 785 potest,
531 713 663 766 nonest
689 699 860 765 infinitum.
893 701 979 785 Ergo
1006 697 1118 762 obsur-

76 801 130 844 um
154 793 291 844 estesse
315 782 508 846 substautias
530 784 637 848 finitas
661 795 787 870 praeter
811 781 978 845 infinitam.

91 861 165 926 stt.
190 861 286 946 Resp.
313 865 390 928 Dist.
415 865 723 950 moi.,.‚quidquanr
742 866 847 928 maius
875 863 981 948 quoad
1006 881 1117 925 uume-

50 965 151 1018 rum‚
174 964 256 1006 conc.
282 947 383 1016 moi,
407 947 513 1031 trusisti
541 947 796 1032 perfectionem,
819 966 884 1027 uoq.
908 949 1009 1022 moi.;
1031 963 1113 1008 cotie.

51 1027 130 1088 min.
155 1027 232 1106 Nep.
256 1049 338 1091 cous.
363 1028 418 1104 lis,
441 1050 525 1112 quae
548 1030 586 1093 ad
610 1031 707 1094 huius
735 1029 782 1094 re'i
813 1029 1062 1174 explicationem
1085 1047 1118 1088 a·
1149 1075 1153 1084 .

50 1105 113 1172 libi
137 1109 329 1174 tradidimus
342 1111 367 1186 ²,
390 1109 474 1174 huuc
507 1111 606 1176 alium
632 1113 668 1175 D.
692 1111 830 1174 Thomas
876 1130 971 1173 ocum
1004 1108 1119 1174 adiici-

51 1209 137 1255 mus:
152 1215 169 1251 a
185 1192 328 1256 Finitum
352 1191 476 1257 infinito
498 1192 644 1258 additum
667 1213 729 1258 uon
753 1192 832 1257 facit
847 1193 964 1268 maius,
991 1190 1045 1257 sed
1069 1190 1116 1254 sa-

50 1272 202 1420 cifflnm
225 1275 301 1369 quia
324 1273 485 1339 infinitum
508 1287 540 1341 et
562 1273 688 1340 tinitum
711 1285 785 1340 sunt
801 1274 868 1339 duo
889 1273 900 1309 ⁸
922 1297 951 1336 u.

137 1356 164 1419 '.
187 1353 294 1421 Obric.
318 1353 352 1420 3⁰
375 1357 462 1420 Deus
482 1357 604 1423 dicitur
628 1377 689 1422 esse
711 1359 861 1431 omnium3
884 1369 914 1421 ct
936 1357 1045 1419 omnia
1069 1354 1118 1419 di-

49 1449 173 1503 cuntur
195 1439 313 1502 esseio
336 1439 409 1513 Deo,
433 1448 528 1525 atque
543 1461 611 1505 esse
623 1441 880 1524 participationes
901 1437 1038 1502 Divinae
1061 1439 1119 1503 Es-

52 1522 187 1586 sentiae.
206 1522 303 1605 Atqui
329 1521 388 1584 hae
412 1521 563 1605 loquendi
587 1524 729 1588 rationes
751 1519 935 1618 significant
957 1541 1006 1584 res
1028 1530 1118 1586 extra

51 1603 159 1667 Deum
183 1602 314 1688 abipso
338 1601 404 1667 Deo
425 1607 529 1690 reipsa
552 1627 615 1669 non
638 1604 806 1689 distingui.
831 1605 929 1686 Ergo.

93 1686 165 1750 ets.
189 1687 252 1749 Res
281 1735 287 1747 .
313 1686 388 1767 Nep.
412 1686 489 1749 otiu.
507 1687 547 1754 Et
561 1707 648 1764 sane,
674 1685 706 1750 1⁰
730 1711 747 1750 u
771 1685 880 1750 Deitas
908 1683 1028 1750 dicitur
1049 1703 1118 1764 esse

50 1775 198 1833 omnium
221 1787 238 1832 e
265 1770 381 1843 ectire,
404 1779 435 1832 et
455 1770 696 1853 exemplariter,
720 1790 782 1832 non
805 1776 911 1832 autem
958 1789 993 1831 er
1012 1787 1118 1830 essen-

52 1850 162 1916 tiam⁸
186 1873 214 1911 n.
237 1849 272 1914 2⁰
296 1876 313 1912 a
335 1850 510 1916 Creaturae
534 1853 566 1915 in
589 1852 740 1916 Decesse
756 1851 909 1916 dicuntur
930 1787 1115 1933 (inplicitert

52 1934 123 1997 Uno
147 1931 254 2008 modo,
280 1935 311 1996 iu
334 1944 492 2016 quantum
515 1938 732 2009 eontinentur,
748 1945 780 1998 et
794 1942 1027 1997 conservantur
1052 1933 1118 1996 vir-

53 2027 122 2081 tute
147 2015 276 2090 Divina3
300 2015 383 2081 sicut
405 2014 545 2080 dicimus
566 2039 604 2081 ea
624 2037 693 2081 asse
717 2018 749 2080 iu
771 2014 875 2085 nobis,
897 2035 980 2098 quac
995 2025 1068 2078 sunt
1084 2014 1116 2077 in

50 2111 162 2163 nostra
184 2108 362 2182 potestate.
383 2148 390 2162 .
409 2100 474 2163 .Et
496 2099 556 2164 hoc
578 2099 674 2163 modo
704 2093 950 2183 intelligendum
979 2107 1026 2161 est
1048 2117 1119 2160 ver-

49 2179 130 2244 bum
154 2179 299 2266 Apostoli
322 2181 480 2247 dicentis}
505 2184 545 2247 In
567 2184 640 2265 Ipso
663 2183 813 2254 sivimus,
834 2199 1004 2254 movemur,
1024 2187 1050 2241 et
1066 2199 1119 2241 su-

50 2283 135 2340 mus,
157 2263 236 2348 quia
257 2264 355 2328 etiam
378 2275 523 2329 nostrum
547 2269 668 2342 virere,
691 2274 724 2329 et
745 2275 891 2328 nostrum
912 2283 992 2336 esse,
1016 2272 1119 2326 etnu-

50 2357 156 2410 strum
177 2347 298 2410 moveri
332 2359 507 2412 causantur
528 2365 545 2410 a
570 2348 648 2412 Deo.
673 2345 747 2410 nito
771 2342 865 2409 modo
892 2341 1043 2410 dicuntur
1066 2363 1117 2408 res

50 2449 121 2492 esse
143 2429 176 2494 in
199 2428 280 2504 Deo,
301 2429 384 2496 sicut
400 2431 431 2492 in
447 2431 686 2512 cognoscente⁵
710 2453 738 2492 u.
762 2427 796 2494 3⁰
819 2453 836 2491 u
859 2425 1034 2493 Creaturae
1055 2447 1115 2490 non

51 2511 208 2577 dicuntur
234 2511 387 2577 Divinam
419 2511 599 2579 Bonitatem
629 2513 846 2598 participare,
874 2510 966 2595 quasi
995 2516 1116 2595 partem

90 2747 98 2780 t
120 2743 150 2795 P.
171 2743 298 2795 :iit-²
320 2745 348 2798 P.
369 2747 433 2799 323.

89 2818 101 2852 ⁸
122 2819 152 2867 iu
171 2820 217 2868 ise.
239 2821 278 2869 W
295 2821 378 2878 Seut,
392 2819 458 2872 Dist.
470 2818 562 2879 ΧΙΙΙ,
574 2837 601 2886 q.
616 2818 637 2881 Ι,
649 2836 676 2873 a.
687 2822 715 2880 Ι,
729 2824 781 2873 sot.
799 2825 809 2873 Ι
826 2824 900 2874 add.

88 2888 142 2948 ΙΙ,
161 2905 190 2954 q.
211 2888 257 2951 ΙΙΙ,
277 2905 304 2941 a.
325 2893 341 2943 8
360 2895 394 2943 ad
416 2895 441 2944 Ι.
462 2893 599 2945 Praeclara
627 2900 688 2945 sont
718 2895 784 2946 haec
811 2892 841 2946 tt.
868 2891 993 2945 Bernardi
1016 2894 1116 2945 nerbas

54 2960 150 3013 «Sane
168 2977 223 3014 sm
241 2967 356 3015 omnim
374 2967 485 3017 dixerim
499 2965 593 3025 Deum,
607 2980 660 3018 noo
680 2969 743 3031 quia
763 2970 808 3018 iiia
822 2973 894 3026 sont.
907 2968 978 3031 qood
997 2973 1038 3018 est
1057 2964 1117 3021 lile.

52 3036 97 3086 sed
117 3035 181 3099 quia
199 3049 232 3086 ex
251 3035 320 3099 ipso.
340 3044 368 3086 et
386 3053 434 3102 per
454 3037 553 3102 ipsum.
572 3045 601 3093 et
614 3043 641 3090 in
655 3037 715 3104 ipso
733 3046 795 3091 sont
814 3042 913 3090 omnia.
937 3038 999 3091 lires
1016 3045 1056 3090 est
1075 3051 1117 3088 er·

52 3123 85 3172 go
103 3111 240 3167 omnium,
259 3123 328 3173 quae
348 3111 417 3161 iacta
437 3117 509 3170 sunt,
530 3110 587 3175 ipse
607 3113 694 3164 iactor
715 3127 828 3172 eorum,
850 3113 894 3164 sed
914 3111 1044 3173 causale,
1064 3123 1117 3162 non

53 3181 193 3231 materiate
216 3200 241 3239 ις
262 3185 347 3232 Serm.
371 3181 404 3234 tv
424 3189 450 3233 in
471 3187 543 3236 Ceut.
565 3180 601 3236 Cf
615 3200 638 3236 s.
660 3184 750 3250 ang..
770 3187 863 3246 sotii„
886 3187 933 3236 tii.
954 3183 975 3238 t.
995 3200 1022 3236 o.
1046 3187 1070 3244 t,
1091 3189 1119 3234 et

53 3269 75 3302 s.
96 3251 234 3312 naman„
257 3257 294 3305 De
318 3257 381 3306 Fide
399 3257 513 3316 orthod„
535 3257 581 3314 tib,
603 3256 626 3319 Ι,
646 3273 672 3308 o.
696 3258 739 3308 12.

89 3327 101 3363 ³
122 3321 153 3382 Ι,
174 3341 202 3390 q.
222 3323 370 3385 xviiia.
391 3331 408 3380 t
426 3331 459 3380 sd
480 3331 506 3379 Ι.
527 3325 741 3396 timpum„
762 3332 890 3387 DsPot..
910 3343 937 3394 q.
959 3325 1015 3387 ΙΙΙ,
1035 3340 1061 3378 a.
1084 3327 1118 3378 ts
1225 3349 1226 3353 ¹

52 3399 86 3448 ad
105 3398 152 3448 ΙΙ.
172 3396 213 3449 lix
231 3398 283 3456 iiis,
302 3407 330 3450 ot
349 3403 418 3459 attis.
439 3416 508 3465 quae
527 3409 605 3453 antes
625 3407 723 3467 passim
736 3405 916 3466 exposuimus,
937 3401 1060 3464 intelligis
1079 3399 1118 3450 ia·

53 3475 150 3523 tiscere
168 3472 371 3523 tundamentum
392 3473 551 3525 Panthi-irmi
572 3473 689 3533 Kraneii.
709 3478 819 3540 eiusque
839 3475 962 3538 discipuli
983 3472 1118 3532 Athenariu

53 3545 185 3608 siqnidem
204 3558 297 3594 eorem
316 3550 445 3598 ”nuntia
460 3547 544 3597 initia
564 3549 704 3598 verberoni
723 3549 940 3613 aequivocatione
960 3547 1119 3610 superstrui-

54 3623 117 3675 tur,
140 3619 311 3679 quaomnia,
332 3625 359 3669 et
378 3621 488 3684 proinde
512 3622 592 3671 etiam
613 3622 703 3671 rotrudi
723 3624 865 3672 essentiam
886 3623 912 3670 io
931 3617 977 3670 Dei
999 3615 1118 3669 tisserius

54 3693 181 3741 sanentur
199 3693 337 3743 contineri.

1093 3822 1212 3884 A
