2475 3909
187 137 245 204 114
574 156 774 208 oosuonoots

144 257 193 314 re;
215 237 306 323 quia,
328 257 403 302 cum
425 239 561 304 essentia
583 242 630 306 rei
655 242 759 326 ipsam
781 263 850 306 rem
872 243 1063 321 constituat,
1084 263 1191 329 eorpus

145 341 163 386 a
184 341 243 385 sua
265 322 402 385 essentia
425 343 483 386 nee
503 321 675 407 distingui,
698 345 756 388 nec
778 324 878 389 veluti
901 325 1090 392 distinctum
1106 327 1191 392 intel·

142 401 203 487 ligi
219 413 333 486 potest.
351 404 437 486 Ergo
450 406 588 469 essentia
603 409 750 490 eorporis
787 405 912 472 onenda
927 429 990 472 non
1006 421 1053 476 est
1068 410 1098 474 in
1113 411 1191 475 trina

143 484 357 562 dimensione,
378 483 433 548 sed
454 505 584 570 corpuS,
600 500 636 553 ut
659 509 734 553 mox
754 425 911 565 dcemus,
933 490 1032 556 veluti
1055 491 1192 558 substan-

143 568 201 642 tia,
224 588 308 652 quae
328 568 446 634 trinam
467 567 700 634 dimensionem
729 572 855 656 exigit,
879 572 1121 658 intelligendum
1134 585 1189 640 est.

182 649 231 714 50.
257 648 403 734 Denique
427 648 590 716 Cartesius
610 655 781 717 essentiam
795 656 943 739 eorporis
964 657 996 718 in
1011 658 1190 722 extensione

143 734 251 818 posuit
272 753 314 797 ex
335 754 385 810 eo,
401 731 487 815 quod
511 745 598 798 ratus
619 745 670 800 est
683 737 803 810 omnia,
820 756 904 820 quae
919 740 1091 823 conspicua
1106 738 1191 802 nohis

143 819 175 878 in
198 835 333 900 corpore
361 825 455 891 sunt,
485 813 525 879 ab
547 819 736 882 extensione
764 839 906 882 manare.
928 821 1028 904 Atqui
1059 823 1140 887 ratio
1160 843 1193 885 o·

143 897 267 961 muium
294 897 550 983 proprietatum,
580 919 664 982 qnae
697 901 730 964 in
762 920 897 985 corpore
928 903 1190 988 conspiciuntur,

141 977 234 1043 reddi
250 1000 312 1044 non
328 989 434 1064 potest
448 1000 490 1042 ex
504 981 571 1045 sola
586 983 786 1058 extensione,
799 1004 828 1047 e.
843 1001 889 1066 g.,
901 1004 944 1049 ex
957 983 1025 1050 sola
1038 987 1194 1051 extensio-

141 1081 181 1125 ne
197 1082 236 1125 ne
260 1071 363 1126 neunt
374 1059 490 1146 ligura,
503 1070 535 1126 et
549 1065 693 1130 neurius
707 1065 853 1148 corporis
866 1066 1036 1152 explicari.
1049 1069 1134 1153 Ergo
1149 1069 1171 1130 ¹.

183 1143 233 1208 51.
278 1165 348 1229 rop.
363 1141 411 1206 2⁸.
428 1141 572 1208 Esseatic
586 1147 726 1229 corporis
741 1146 776 1210 irs
789 1146 961 1212 collectione
971 1150 1113 1234 plurium
1126 1149 1195 1214 sasi-

140 1229 328 1292 scanciarum
351 1227 594 1310 compositorum
616 1229 787 1312 reponendo
806 1250 867 1294 nors
885 1240 941 1294 est.

176 1460 184 1494 ¹
205 1456 315 1509 Falsitas
334 1459 411 1510 huius
430 1463 574 1512 sententias
593 1475 626 1510 ex
644 1460 763 1511 doctrina
781 1457 917 1511 Ecclesiae
937 1455 1091 1513 Catholicae
1103 1460 1136 1511 de
1148 1461 1193 1514 85

137 1527 321 1582 Eucharistiae
341 1529 511 1584 sacramento
530 1533 605 1583 valde
625 1533 807 1584 confirmatur.
832 1531 937 1584 Etenim
961 1539 1128 1583 sacrosancta
1149 1533 1197 1599 Sp·

139 1606 221 1655 nodus
240 1599 313 1653 Trid.
333 1605 450 1655 decrerit
470 1607 495 1655 ln
515 1603 561 1656 SS.
583 1602 766 1655 Eucharistiae
785 1603 971 1664 Sacramenta,
992 1619 1039 1668 per
1056 1619 1197 1657 eonsecra-

139 1679 247 1735 tionem,
267 1681 350 1727 totam
369 1677 543 1729 snhstentiam
562 1680 642 1740 panis·
655 1681 681 1728 tn
700 1675 801 1741 Corpus
814 1675 920 1738 Christi,
934 1683 962 1728 et
974 1684 1058 1727 totam
1076 1677 1198 1729 snbstan-

137 1751 202 1800 tiam
221 1751 273 1802 vini
291 1750 318 1800 ln
338 1747 494 1814 &agninam
515 1747 579 1802 Eius
598 1753 716 1801 converti
735 1747 816 1817 (Sera.
836 1746 908 1809 lilii,
928 1764 989 1801 oan.
1008 1747 1055 1818 lis
1073 1756 1101 1800 et
1119 1747 1198 1802 Cate-

137 1823 254 1873 chismua
273 1817 427 1882 Romanus,
447 1823 492 1887 qui
511 1824 544 1874 ad
563 1821 635 1872 tilius
653 1820 750 1887 synodi
767 1823 914 1873 doctrinam
932 1821 1114 1886 exponendam
1132 1837 1200 1874 con·

138 1897 260 1947 cinnatus
279 1894 339 1954 init,
360 1896 439 1946 tradit
458 1891 591 1946 Christum
610 1891 753 1946 mininam
771 1897 799 1945 in
817 1893 989 1946 Sacramento
1001 1908 1054 1944 non
1065 1907 1124 1946 esse
1140 1915 1152 1941 ι
1167 1901 1200 1946 nt

137 1981 257 2032 magnus,
277 1974 305 2019 et
324 1982 418 2030 parvus
430 1973 481 2026 est,
495 1968 564 2032 quod
578 1967 611 2016 ad
623 1968 798 2030 quantitatem
812 1969 935 2031 pertinet,
949 1967 994 2016 sed
1008 1971 1038 2016 ut
1049 1967 1199 2019 substantia

136 2045 186 2090 est:
198 2041 341 2092 substantia
354 2041 424 2091 enim
440 2043 514 2104 panis
527 2042 552 2090 in
566 2035 664 2091 Christi
678 2041 862 2098 substantiam,
873 2054 926 2090 non
936 2041 962 2089 in
975 2040 1198 2102 magnitudinem,

135 2119 182 2162 aut
199 2115 377 2177 quantitatem
396 2114 581 2163 convertitur·
599 2111 674 2182 (Pars
694 2111 727 2170 il,
744 2115 782 2163 lie
800 2114 880 2164 mcci.
894 2114 981 2169 Scor..
1002 2127 1029 2161 n.
1044 2109 1103 2178 ld).
1121 2111 1199 2178 Quod

135 2187 187 2234 iam
209 2201 230 2235 s.
246 2181 358 2234 Thomas
377 2181 435 2251 (lli,
455 2200 482 2248 q.
503 2180 620 2243 ttttttt,
641 2199 667 2234 a.
688 2184 705 2235 4
723 2183 763 2252 ο.)
786 2184 893 2234 tradidit
911 2185 952 2234 his
972 2184 1066 2234 serbis:
1084 2204 1096 2229 ι
1112 2181 1155 2235 Ex
1173 2187 1198 2237 ri

135 2259 241 2321 quidem
267 2255 430 2308 Sacramentt
454 2258 587 2321 quantitas
612 2257 756 2307 dimensira
780 2253 905 2320 Corporis
922 2252 1019 2308 Christi
1038 2270 1092 2307 non
1110 2264 1154 2307 est
1172 2259 1199 2308 in

135 2329 186 2380 hue
205 2329 386 2380 Sacramento.
407 2325 446 2380 Ex
465 2331 489 2379 ri
508 2331 580 2380 enim
599 2327 763 2380 Sacramentt
774 2335 815 2380 est
827 2330 854 2378 in
866 2330 917 2379 hoc
929 2327 1102 2380 Sacramenta
1117 2331 1199 2390 illud,

135 2403 162 2452 ln
180 2403 249 2466 quod
269 2403 367 2452 directe
386 2403 522 2453 conversio
542 2403 719 2452 terminatur:
745 2404 881 2453 conversio
900 2407 990 2452 autem
1001 2435 1011 2461 ,
1033 2415 1105 2466 qnae
1122 2403 1155 2453 lit
1172 2405 1200 2454 in

133 2475 185 2526 hoc
205 2473 385 2534 Sacramenta,
405 2475 505 2525 directa
524 2474 681 2525 terminatur
698 2475 731 2524 ad
750 2475 923 2525 substantiam
942 2469 1065 2536 Corporis
1085 2471 1199 2534 Christi,

134 2561 186 2598 non
206 2555 295 2599 autem
314 2548 347 2599 ad
366 2548 543 2597 dimensiones
555 2543 622 2596 Eius
635 2566 659 2596 ι.
671 2544 801 2611 Quocirca
819 2548 955 2611 quantitas
972 2546 1119 2611 dimensira
1134 2543 1201 2600 Cor-

134 2623 205 2683 poris
225 2617 322 2672 Christi
342 2634 394 2670 non
412 2625 453 2670 esi
473 2621 500 2668 in
521 2621 570 2670 huc
589 2617 773 2680 Sacramento,
793 2621 842 2669 nisi
860 2623 1071 2678 consentienter,
1085 2629 1110 2670 et
1123 2624 1201 2685 queri

133 2697 360 2756 persensissent
375 2713 386 2739 ι
399 2693 458 2744 ideo
470 2693 604 2757 quantitas
616 2692 762 2742 dimensira
781 2687 904 2754 Corporis
923 2686 1019 2743 Christi
1038 2698 1080 2742 est
1098 2695 1126 2742 in
1148 2694 1202 2744 hoc

133 2761 321 2824 Sacramento,
341 2778 393 2816 non
412 2764 557 2816 seeundum
576 2765 714 2827 proprium
733 2764 852 2824 modum,
871 2770 902 2814 nt
919 2765 1023 2815 scilieet
1040 2765 1075 2814 sit
1093 2770 1153 2816 tota
1173 2769 1204 2816 iu

132 2841 199 2896 toto,
220 2843 247 2888 et
265 2837 382 2902 singulae
402 2843 489 2902 partes
508 2839 535 2888 in
553 2837 662 2899 singulis
681 2835 809 2898 partium,
823 2837 869 2887 sed
887 2849 935 2899 per
954 2838 1061 2887 modum
1073 2836 1205 2890 substen-

131 2911 195 2962 tiae.
216 2911 293 2960 cuius
311 2916 406 2960 natura
424 2915 465 2961 est
485 2916 538 2962 tnta
558 2910 584 2959 in
604 2914 671 2968 toto,
690 2914 718 2958 et
736 2913 792 2959 tota
810 2910 837 2960 in
855 2908 975 2973 qnalibet
987 2915 1087 2973 parte»
1103 2907 1204 2978 (leid,

131 2987 159 3034 et
177 2983 208 3032 ad
231 2979 268 3050 t).
290 2981 369 3048 Atqui
390 2983 455 3032 haec
474 2982 526 3032 duo
545 2981 642 3031 illustri
659 2988 815 3044 argumento
833 2987 896 3032 sunt
913 2983 1056 3033 essentiam
1073 2987 1205 3045 corporis

131 3055 244 3120 positam
263 3067 316 3104 non
334 3067 391 3106 esse
410 3055 436 3104 ln
455 3056 525 3106 trina
545 3054 718 3113 dimensione,
731 3055 786 3105 rire
804 3055 832 3104 in
849 3056 1012 3105 extensione.
1026 3051 1164 3119 Namque,
1180 3057 1205 3105 si

131 3133 186 3180 tres
202 3128 379 3179 dimensiones
398 3129 539 3178 essentiam
559 3129 678 3190 corporis
695 3127 896 3187 constituerent,
917 3128 978 3177 ittae
997 3127 1030 3178 ah
1048 3129 1100 3177 ista
1117 3141 1207 3190 sepa-

130 3203 185 3253 rari
204 3214 348 3266 numquam
369 3203 484 3264 possem,
499 3212 584 3264 neque
603 3200 689 3249 utinm
708 3211 765 3250 esse
783 3205 873 3262 posset
889 3212 997 3262 corpus,
1011 3201 1039 3250 in
1056 3213 1112 3264 quo
1132 3200 1206 3250 illae

130 3289 178 3340 per
196 3288 224 3326 se
243 3288 295 3325 nnn
313 3273 500 3325 inveniantur:
520 3277 547 3323 at
566 3284 649 3331 reso,
668 3272 691 3322 sl
709 3284 752 3323 res
770 3273 806 3322 lta
825 3271 999 3332 rehaberet,
1025 3272 1153 3334 protecto
1173 3274 1206 3323 iu

130 3345 177 3398 SS.
196 3343 381 3398 Eucharistiae
399 3341 571 3397 Sacramento
588 3357 639 3394 nec
657 3349 712 3394 tres
729 3344 906 3396 dimensiones
924 3345 1014 3408 panis,
1033 3347 1061 3395 ct
1078 3346 1136 3395 rini
1159 3359 1208 3396 re-

130 3431 238 3470 manere
257 3425 363 3482 possent
381 3420 438 3469 sins
457 3417 612 3476 substantia,
627 3430 677 3468 neo
695 3416 842 3468 substantia
860 3417 936 3482 panis
955 3418 983 3467 in
1001 3411 1104 3482 Corpus
1116 3412 1207 3469 Chri-

131 3492 176 3549 sti,
196 3503 248 3540 non
267 3497 345 3554 prout
362 3497 402 3542 eet
422 3495 562 3555 qnantum,
577 3490 622 3540 sed
635 3494 713 3552 prout
732 3495 773 3540 est
790 3490 946 3548 substantia,
960 3491 1079 3542 conserti
1092 3495 1205 3554 posset.

130 3558 201 3623 Ergo
219 3575 251 3610 sn
269 3564 375 3614 decreto
394 3560 489 3627 Synodi
508 3557 580 3611 Trid.
599 3568 627 3613 et
644 3561 765 3613 doctrina
784 3558 944 3616 Catechisml
961 3555 1085 3623 Romani,
1099 3564 1154 3626 qui
1169 3564 1207 3611 it-

131 3632 178 3696 lud
196 3635 451 3697 exposuissemus
464 3635 581 3700 corporis
595 3635 622 3690 in
635 3635 710 3688 trinis
721 3636 928 3715 dmendonihns
941 3635 1060 3703 ponenda
1072 3648 1131 3689 non
1144 3642 1206 3688 eet.
