2475 3909
22 3778 74 3791 Λ

141 137 201 205 206
537 158 718 208 rosaceum

103 242 221 306 inesse
245 241 462 326 cognoscibili,
489 242 637 328 alioquin
659 270 675 307 a
701 266 763 309 non
792 243 976 320 diceretur,
998 252 1036 310 ut
1058 243 1090 308 iu
1114 241 1166 308 uit

71 386 74 394 .
103 325 263 407 Aquinas,
285 346 335 389 res
353 324 407 389 illa
432 324 618 391 immediate
646 326 769 403 videri,
791 326 845 391 sed
868 324 1026 411 quaedam
1048 346 1103 390 um
1129 346 1166 389 ra

102 406 198 469 elus*
216 430 244 470 )).

142 486 193 553 38.
218 488 386 566 lamvero‚
408 510 483 554 cum
509 488 549 555 de
580 490 705 557 visione
733 490 791 555 Dei
821 490 951 574 agitur,
978 487 1167 553 huiusmodi

104 568 303 655 principium
319 574 431 656 nequit
446 592 514 637 esse
529 570 655 657 aliquid
677 582 768 637 extra
785 572 899 646 Deum,
917 583 989 635 nam
1003 568 1166 655 quidquid

103 660 152 715 est
177 662 269 717 extra
295 651 415 731 Deum,
447 652 572 720 infinite
598 653 698 720 distat
719 674 737 717 a
759 654 850 728 llao,
874 672 911 717 ac
932 649 1069 737 proinde
1095 672 1165 717 esse

104 734 217 817 nequit
242 738 466 821 principium,
494 759 535 802 ex
561 757 627 820 quo
650 736 738 801 Deus
766 737 799 799 in
827 733 931 880 seipso
958 732 1163 817 intelligitur.

102 813 312 901 Quapropter
333 820 545 905 principium,
561 840 603 882 ex
624 839 688 903 quo
711 817 793 881 visio
809 818 873 881 inte
888 816 1004 881 lectiva
1027 813 1088 880 Ilei
1110 814 1167 880 olo

105 896 202 960 lineri
226 908 347 983 potest,
372 922 435 965 non
458 900 546 966 aliud
569 920 639 965 esse
659 900 753 997 quit,
775 899 836 963 nisi
858 894 993 983 aliquid,
1022 896 1109 981 quod
1133 897 1167 961 in

104 979 175 1061 ipso
198 977 267 1044 Deo
295 993 368 1059 est;
391 993 424 1047 ct
444 984 597 1067 qnoniam
621 978 784 1067 quidquid
804 982 836 1045 in
857 980 926 1045 Deo
948 989 1017 1053 est,
1041 999 1166 1055 unum,

105 1058 256 1146 idemque
284 1084 358 1128 cum
386 1066 466 1130 Eius
488 1067 680 1131 assentiare
703 1066 771 1149 ipsa
793 1074 852 1138 est,
876 1062 1101 1147 principium,
1123 1081 1167 1125 ex

104 1161 170 1225 quo
192 1145 273 1210 visio
297 1146 493 1212 intellectiva
515 1147 575 1212 Ilei
599 1148 748 1223 allicitur,
764 1146 895 1231 estipsa
910 1145 991 1209 Eius
1006 1143 1166 1218 Essentia,

105 1244 201 1308 quae,
224 1238 260 1292 ut
282 1230 326 1292 ita
348 1228 507 1305 dicamus,
526 1232 613 1295 vices
635 1231 720 1314 gerit
741 1228 864 1293 lormae
881 1223 1109 1310 intelligibilia,
1125 1244 1168 1287 ex

105 1326 170 1389 qua
193 1308 375 1376 intellectus
396 1309 431 1376 fit
452 1325 524 1376 octo
539 1312 758 1396 intelligens²¹
777 1335 793 1373 a
811 1308 909 1386 Deus,
926 1306 1031 1394 inquit
1043 1328 1069 1372 s.
1086 1305 1169 1402 'lhu-

105 1408 184 1465 mas,
209 1410 273 1456 non
296 1393 482 1459 immediate
504 1391 681 1471 videretur,
699 1394 761 1458 nisi
785 1394 932 1459 Essentia
954 1412 1009 1455 sua
1033 1409 1169 1455 coniun-

106 1479 236 1553 geretur
263 1473 438 1540 intellectui
456 1477 498 1541 ⁸».
522 1476 635 1561 ltaque
659 1477 738 1541 visio
762 1474 954 1540 intellectiva
977 1473 1036 1537 Dei
1059 1482 1108 1537 est
1130 1471 1170 1535 it-

106 1554 146 1628 la,
163 1574 226 1637 qua
250 1554 335 1619 lleus
358 1578 415 1641 per
436 1559 648 1643 principium,
665 1556 751 1643 quod
775 1578 837 1621 non
860 1556 901 1621 sit
922 1553 1012 1620 aliud
1034 1554 1074 1619 ab
1096 1554 1168 1638 ipso

105 1633 198 1712 Ileo,
222 1638 415 1724 intelligitur
434 1641 483 1705 uti
504 1654 552 1707 est
573 1640 608 1705 in
629 1642 746 1726 seipso.

146 1716 196 1782 39.
218 1719 369 1807 Ontologi
395 1722 586 1809 pertendunt
613 1721 813 1809 principium
839 1719 1044 1784 immediatae
1072 1717 1170 1783 visio-

106 1797 156 1862 nis
178 1799 238 1865 llei
263 1824 325 1868 non
346 1826 415 1871 esse
437 1805 540 1889 ipsam
563 1805 713 1872 Divinam
734 1802 922 1880 essentiam,
947 1800 1001 1867 sed
1024 1798 1075 1867 vel
1089 1800 1169 1865 Esse

106 1878 184 1959 Ilei,
207 1883 277 1962 vel,
299 1896 335 1952 ut
356 1889 448 1953 aiunt
472 1886 618 1973 Ubaglrs,
641 1888 776 1972 eiusque
799 1882 936 1949 asseclae
950 1887 981 1962 ⁴,
1004 1883 1093 1949 ideas
1114 1902 1170 1945 ne-

104 1967 271 2044 cessarias,
295 1982 392 2055 atque
414 1968 588 2045 absolutas,
605 1980 704 2057 prout
724 1977 903 2043 concretae,
925 1980 958 2033 et
979 1966 1081 2032 reales
1095 1974 1171 2029 sunt

107 2045 140 2108 in
163 2045 242 2125 Deo,
265 2072 347 2135 quae
370 2072 432 2117 non
454 2051 541 2117 aliud
564 2062 650 2130 sunt,
673 2052 734 2117 nisi
757 2051 826 2135 ipsa
847 2048 1009 2116 Attributa
1032 2049 1102 2113 Dei.
1127 2050 1171 2111 Aa

108 2147 186 2192 vero
208 2129 296 2207 Reus
315 2135 349 2197 in
371 2136 477 2230 seipso
504 2134 764 2220 simplicissimus
785 2142 844 2195 est.
868 2133 1013 2219 Eiusque
1035 2142 1170 2196 naturae

109 2203 270 2296 repugllat
289 2214 456 2282 distinctio
483 2217 569 2281 inter
593 2215 797 2289 Essentiam,
820 2224 853 2279 et
873 2216 973 2291 Esse,
997 2214 1047 2281 vel
1070 2212 1172 2279 Attri-

106 2288 194 2357 buta.
217 2292 325 2371 Quare
347 2300 374 2363 si
389 2298 478 2364 Deus
497 2299 648 2383 cognosci
668 2296 796 2361 dicatur
816 2314 857 2359 ex
871 2317 982 2361 rerurn
1002 2294 1169 2361 finitarum

106 2373 388 2455 consideratione,
411 2390 515 2465 potest
563 2379 673 2446 uidem
701 2399 759 2464 per
780 2376 900 2445 divisos
921 2388 1095 2476 conceptus
1117 2398 1170 2442 co-

108 2458 205 2539 gitari
228 2460 307 2527 Eius
328 2465 486 2541 Esseutia,
510 2402 558 2527 vei
581 2464 658 2527 Esse
681 2462 728 2527 vel
752 2458 928 2539 Attributa3
953 2473 985 2527 nt
1006 2481 1033 2526 si
1056 2462 1170 2525 imme-

109 2539 195 2607 diate
219 2550 434 2629 cognoscitur,
449 2547 563 2630 nequit
583 2545 731 2631 cognosci
747 2544 823 2607 Esse
846 2544 896 2609 vel
916 2541 1048 2630 aliquod
1068 2542 1172 2608 Attri-

109 2620 234 2703 butum,
257 2632 338 2773 quin
359 2630 440 2695 Eius
461 2628 608 2694 Essentia
629 2628 725 2693 simul
748 2638 969 2772 cognoscatur.
992 2628 1103 2709 ltaque
1119 2622 1171 2691 vel

107 2703 194 2799 [leus
216 2728 260 2773 nu
275 2710 305 2775 lo
328 2710 423 2776 modo
446 2712 479 2776 in
500 2712 607 2795 seipso
635 2720 668 2777 et
682 2713 779 2775 imme
806 2707 869 2774 iate
891 2708 1106 2795 cognoscitur,
1119 2706 1172 2771 vel

107 2786 236 2854 videtur
257 2794 304 2857 uti
328 2804 376 2859 est
398 2794 430 2857 in
452 2815 496 2870 se,
517 2813 555 2858 ac
575 2792 754 2858 secundum
776 2792 878 2875 ipsam
900 2792 1094 2857 Essentiam.
1112 2788 1172 2854 Ce—

107 2876 224 2961 terum,
247 2876 375 2939 etiamsi
397 2874 571 2952 distinctio,
585 2896 683 2962 quam
698 2875 851 2958 Ontologi
866 2874 1168 2947 comminiscuntur,

108 2952 272 3019 inter'Dei
300 2957 499 3034 Essentiam,
521 2969 554 3023 at
576 2979 618 3022 ue
644 2959 739 3032 Esse,
763 2958 812 3022 vel
836 2954 1000 3020 Attributa
1022 2952 1172 3019 admitta-

107 3044 172 3126 !l¹r3
196 3044 313 3116 lamen,
338 3042 386 3104 uti
401 3061 443 3103 ex
456 2979 602 3105 dicendis
616 3040 749 3127 patebit,
765 3060 893 3125 semper
907 3033 1105 3124 impossibile
1120 3044 1171 3101 est

107 3117 305 3211 intellectum
328 3122 519 3188 naturaliter
540 3125 667 3209 assequi
689 3122 847 3187 visionem
869 3118 945 3198 Dei,
966 3119 1033 3185 aive
1056 3119 1172 3183 Essen-

107 3205 151 3341 ζει
164 3199 294 3348 ἀίοὸῑιιτ
315 3204 513 3290 principium
534 3205 632 3271 huius
653 3204 799 3279 visionis,
815 3204 883 3269 sire
898 3204 988 3279 Esse,
1003 3200 1055 3267 vel
1069 3200 1172 3266 Attri-

129 3293 184 3349 uta
236 3287 277 3352 ei.

438 3428 763 3445 Μ

145 3503 152 3536 ¹
174 3502 293 3564 Quodttb.
315 3499 373 3561 Vll,
393 3516 421 3565 q.
443 3498 464 3558 l,
483 3513 510 3548 a.
532 3500 542 3547 l
566 3512 591 3547 o.

125 3571 156 3635 ,²
174 3575 206 3623 lu
223 3574 268 3623 lto.
290 3576 328 3623 W
346 3576 429 3632 Sam..
450 3570 516 3622 urar.
537 3566 630 3629 xllx,
650 3584 678 3634 q.
701 3567 732 3627 ll,
754 3584 780 3620 a.
802 3571 814 3620 l
835 3571 886 3620 aot.

144 3645 247 3707 uota,
266 3649 318 3697 loc.
337 3647 385 3698 cit.
403 3646 495 3697 oduu-
507 3672 540 3680 -
553 3640 562 3678 l
575 3638 611 3693 Gt
623 3644 703 3695 Reduc
721 3644 852 3708 cottottq.,
873 3638 999 3701 louvain,
1015 3638 1067 3710 Mei
1090 3640 1172 3691 rasi.
