2475 3909
498 188 700 237 coenonoars
1054 171 1113 238 155

80 289 192 334 rerum
215 276 410 346 creatarum,
436 283 530 354 prout
551 292 671 357 nempe
690 271 749 337 hae
771 273 805 336 in
820 292 879 336 suo
902 293 1018 358 genere
1038 274 1156 340 consti·

81 363 231 428 tuuntur,
255 362 287 416 et
307 351 512 437 operationes
535 356 619 420 intra
643 374 745 437 genus
766 373 867 419 suum.
884 366 1033 420 exerunt.
1050 357 1156 423 Natu·

79 433 145 498 reli
167 433 227 498 hoe
249 454 343 499 sensu
365 445 497 532 accepto
519 436 699 521 opponitur
713 437 959 520 supernaturale.
976 436 1107 504 Dicitur
1120 460 1155 504 e-

81 516 149 579 nim
173 515 419 602 supernaturale
443 516 536 594 illud,
553 515 638 602 quod
654 519 754 603 totips
775 529 909 582 naturae
934 530 1061 585 creatae
1080 541 1155 606 pro·

84 597 263 682 prietates,
293 600 442 682 viresque
484 601 743 684 raetergreditur
762 599 785 662 ⁴.
812 600 1029 676 Huiusmodi,
1052 623 1083 666 e.
1107 624 1152 688 g.,

79 690 130 745 est
151 679 290 744 elevatio
312 691 446 746 naturae
463 620 628 747 humanae
660 681 700 747 ad
732 682 886 745 unionem
920 683 1154 769 hypostaticam

79 781 156 824 curn
178 761 287 826 Verbo
310 760 383 826 Dei.
408 765 456 826 Ex
479 764 530 828 his
552 762 642 828 vides
661 763 918 849 supernaturale,
942 777 1040 850 prout
1062 776 1154 832 natu-

80 841 142 906 rali
165 845 362 928 opponitur,
386 865 448 908 non
478 866 546 909 esse
576 845 801 930 accipiendum
822 845 975 922 relatis-e,
997 848 1058 911 hoc
1081 859 1151 925 est,

79 936 179 1010 prout
201 947 263 989 una
288 936 400 990 natura
424 937 530 992 creata
552 937 601 992 est
623 928 724 993 altera
752 929 926 1012 superior,
950 927 1004 993 sed
1027 931 1155 994 omniuo

78 1005 224 1080 absolate,
249 1007 307 1072 hoc
329 1017 386 1084 est,
412 1018 508 1094 prout
530 1029 658 1074 omnem
681 1018 830 1074 naturam
846 1020 986 1075 creatam
1007 1011 1150 1076 excedit.

79 1090 141 1162 lta,
165 1090 315 1172 quamvis
338 1103 451 1155 natura
475 1091 619 1172 angelica
637 1092 680 1155 sit
694 1091 831 1154 hnmana
854 1093 972 1167 maior,
993 1093 1154 1157 excellen-

80 1171 227 1255 tiorque,
250 1191 312 1234 non
337 1181 440 1236 tamen
468 1172 541 1237 inde
567 1174 636 1258 ipsa
657 1183 706 1237 est
726 1171 861 1235 dicenda
882 1175 1152 1260 supernaturalis,

80 1253 161 1337 quia
186 1250 311 1316 ambitu
336 1274 443 1318 rerum
466 1265 649 1320 creatarum
671 1254 857 1319 continetur
876 1258 902 1319 ².

123 1335 192 1400 137.
216 1335 354 1399 Nomine
377 1345 486 1400 autem
506 1336 629 1401 ordinis
661 1335 851 1420 designatur
882 1347 958 1421 apta
988 1337 1154 1421 dispositio

77 1414 224 1500 plur-ium
247 1417 287 1480 ad
307 1419 528 1482 assecutionem
550 1419 633 1504 pinis.
657 1421 726 1484 lam
748 1416 828 1482 ordo
850 1421 885 1483 in
906 1417 1006 1482 rebus
1036 1420 1154 1484 creatis

78 1496 280 1562 considerari
306 1509 410 1582 potest
430 1499 480 1565 vel
505 1513 601 1585 prout
615 1500 655 1564 ad
671 1521 784 1564 earum
806 1511 951 1573 naturas,
975 1519 1153 1585 earumque

78 1581 248 1646 naturales
271 1580 356 1645 vires
388 1583 554 1669 pertinet,
576 1584 627 1647 vel
649 1593 747 1667 prout
767 1582 900 1647 illarum
932 1593 1087 1658 naturas,
1121 1592 1154 1646 et

78 1663 247 1729 naturales
280 1663 367 1728 vires
389 1663 680 1750 praetergreditur.
705 1664 782 1728 lnde
804 1664 927 1728 divisio
948 1664 1083 1748 exurgit
1104 1682 1156 1726 or·

77 1741 168 1809 dinis
189 1744 221 1808 in
244 1746 419 1809 naturalem
441 1759 474 1811 et
488 1746 764 1830 supernaturalem.
781 1746 870 1811 Ordo
886 1745 1043 1812 naturalis
1060 1745 1094 1808 in
1112 1744 1155 1808 iis

78 1825 233 1890 omnihus
257 1839 412 1902 versatur,
436 1849 518 1911 quae
540 1828 667 1893 ambitu
690 1839 825 1892 naturae
840 1829 1059 1901 continentur,
1084 1836 1154 1890 tum

78 1907 189 1992 quoad
211 1929 321 1973 rerum
355 1921 537 1976 creatarum
570 1910 789 1988 snbstantias,
815 1920 882 1974 tum
912 1907 1019 1993 quoad
1042 1908 1154 1984 vires,-

77 1988 202 2074 quibus
225 1992 314 2075 ipsae
337 1993 420 2056 intra
444 2013 546 2078 genus
568 2014 664 2057 saum
693 2011 762 2055 sese
791 1990 979 2076 explicant,
1002 1999 1036 2056 et
1057 1989 1157 2074 perli-

79 2072 183 2138 ciunt.
206 2072 296 2138 Ordo
318 2083 426 2139 autern
449 2072 707 2159 supernaturalis
728 2094 765 2137 ea
788 2073 898 2138 omnia
912 2070 1153 2156 complectitur,

78 2174 166 2238 quae
190 2175 319 2220 omnem
343 2157 409 2220 vim
432 2166 624 2220 staturarum
655 2164 841 2220 creatarum
875 2152 1156 2240 praetergrediun-

81 2247 149 2311 tur,
173 2247 369 2322 naturasque
393 2240 479 2324 ipsas
501 2238 586 2305 ultra
609 2258 710 2322 genus
731 2258 826 2302 suum
849 2235 1023 2321 perficiant
1037 2236 1060 2298 ⁸.

126 2318 197 2386 138.
219 2319 310 2386 Ordo
330 2321 507 2394 naturalis,
532 2320 570 2384 dc
592 2340 660 2404 quo
681 2318 734 2383 hic
755 2318 905 2403 agimus,
928 2317 983 2383 ille
1004 2325 1072 2393 cst,
1095 2316 1155 2400 qui

80 2401 169 2466 inter
190 2421 241 2465 res
262 2400 441 2468 mundanas
462 2402 586 2478 existit;
610 2401 696 2466 unde
713 2399 1019 2485 vocaturplrysicus,
1035 2397 1087 2462 vel
1103 2417 1158 2461 or-

79 2480 125 2547 do
145 2493 286 2556 naturae,
310 2493 346 2548 ut
366 2482 589 2569 distinguatur
611 2484 653 2548 ah
675 2482 790 2547 ordine
812 2481 922 2563 lupico,
946 2481 1003 2545 illo
1024 2498 1155 2564 nempe,

80 2584 180 2648 quem
202 2563 384 2630 intellectus
407 2568 493 2630 inter
507 2585 581 2630 suas
596 2566 827 2650 conceptiones
843 2565 947 2650 ponit3
964 2573 1033 2629 turn
1047 2561 1088 2625 ah
1099 2580 1156 2651 or-

120 2787 131 2829 ¹
151 2786 187 2842 Cl
201 2805 224 2840 s.
245 2787 352 2848 Thom,
377 2789 402 2839 l·
420 2789 471 2843 2¹⁰.
491 2804 519 2852 q.
540 2784 623 2845 cittt,
642 2801 669 2836 a.
694 2788 703 2836 i
727 2801 753 2837 e.

119 2862 131 2898 ²
152 2861 212 2914 Vid.
234 2861 376 2920 Schrader,
398 2864 436 2912 le
455 2863 552 2923 triplici
571 2861 662 2909 ordina
679 2864 747 2917 eto„
767 2856 831 2908 Para
848 2861 945 2917 altera,
965 2874 992 2910 c.
1011 2859 1040 2917 3,
1060 2865 1075 2920 s
1095 2859 1124 2909 θ.

119 2935 131 2972 ³
152 2931 192 2985 ttx
212 2935 262 2985 hac
282 2935 379 2984 ordinis
392 2933 601 2995 supernaturalia
621 2933 730 2982 notione
749 2932 911 2993 perspicitur
923 2935 1008 2994 ipsum
1022 2932 1101 2981 rerho
1114 2944 1157 2980 re-

81 3007 172 3062 tineri,
193 3009 238 3056 sed
259 3019 287 3056 rs
309 3007 365 3055 tolti
385 3004 417 3054 ah
438 3006 467 3053 iis
487 3005 619 3060 omnihus,
640 3003 686 3066 qui
706 3017 757 3052 non
778 3003 814 3060 id,
834 3004 904 3066 quod
923 3004 1047 3061 absoluta,
1065 3003 1110 3052 sed
1130 3003 1157 3053 id

84 3084 211 3134 tanturn,
232 3079 302 3142 qarod
322 3079 428 3130 relatiua
447 3077 650 3139 supernaturale
668 3079 726 3131 est,
746 3075 901 3124 admittunt.
921 3074 954 3128 Ul
972 3075 1004 3124 de
1024 3088 1077 3124 uno
1096 3071 1159 3126 (iio-

83 3152 172 3202 bertio
190 3152 331 3207 dicamus,
353 3150 395 3199 hic
416 3150 548 3212 pertendit
566 3146 712 3213 qrrarnlibet
732 3152 855 3196 natrrram
874 3160 933 3197 esse
951 3148 1114 3201 naturalem,
1134 3148 1160 3197 sl

82 3225 116 3272 ad
138 3227 262 3274 naturam
286 3225 342 3284 tpaa
362 3222 536 3284 superiorum.
555 3227 581 3268 et
601 3221 837 3281 supernaturalem,
851 3221 873 3267 si
886 3220 919 3267 ad
933 3221 1012 3267 stiam
1033 3223 1157 3268 naturam

83 3291 141 3356 lpas
160 3293 312 3344 interiorem
335 3293 466 3344 relocatur
480 3289 597 3358 (Taurica
609 3292 650 3341 del
662 3292 889 3349 saaraauoturols,
902 3295 957 3340 not.
969 3286 1050 3342 xiv.
1063 3304 1090 3352 p.
1102 3289 1158 3341 384

83 3365 187 3424 stass,
202 3367 245 3416 sd.
260 3366 300 3424 2¹,
315 3361 411 3415 Terina
432 3363 522 3433 tatu).
544 3363 611 3429 Quin
632 3365 714 3411 imane
735 3364 801 3424 ipse,
821 3364 905 3412 errori
926 3359 1088 3419 Deletarum,
1108 3375 1157 3412 sen

83 3434 310 3489 Naturalistsrnm
331 3438 487 3497 adhaerens,
509 3437 614 3494 scripsit
633 3447 740 3498 qnoque
759 3435 957 3496 persuasionem
971 3433 1003 3483 de
1016 3434 1157 3484 existentia

84 3510 185 3564 ordinis
202 3511 412 3572 supernaturalis
431 3511 464 3560 ab
483 3510 647 3573 ignoratione
671 3520 813 3556 aanmrnm
839 3505 989 3569 protloisoi3
1015 3508 1158 3570 quocirca,

84 3585 165 3648 prout
184 3583 299 3644 cognitio
318 3595 472 3638 erasmum,
496 3581 675 3645 progreditur,
694 3578 811 3634 ambitus
828 3579 927 3628 ordinis
948 3577 1160 3642 supernaturalia

85 3657 249 3719 coaretatur,
270 3656 348 3709 litas.
370 3654 437 3708 della
457 3656 552 3716 iliad„
574 3653 685 3720 5321).
710 3650 754 3714 13..
775 3645 872 3708 Terina
894 3650 977 3709 taso.

1156 3846 1235 3880 A
