<?xml version="1.0" encoding="UTF-8"?>
<!DOCTYPE html PUBLIC "-//W3C//DTD XHTML 1.0 Transitional//EN"
    "http://www.w3.org/TR/xhtml1/DTD/xhtml1-transitional.dtd">
<html xmlns="http://www.w3.org/1999/xhtml" xml:lang="en" lang="en">
 <head>
  <title>
</title>
<meta http-equiv="Content-Type" content="text/html;charset=utf-8" />
  <meta name='ocr-system' content='tesseract 3.04.00' />
  <meta name='ocr-capabilities' content='ocr_page ocr_carea ocr_par ocr_line ocrx_word'/>
</head>
<body>
  <div class='ocr_page' id='page_1' title='image "./philosophiachri00sansgoog_0172.png"; bbox 0 0 2475 3909; ppageno 0'>
   <div class='ocr_carea' id='block_1_1' title="bbox 127 149 731 214">
    <p class='ocr_par' dir='ltr' id='par_1_1' title="bbox 127 149 731 214">
     <span class='ocr_line' id='line_1_1' title="bbox 127 149 731 214; baseline 0 -1"><span class='ocrx_word' id='word_1_1' title='bbox 127 149 187 214; x_wconf 83' lang='lat'><strong>158</strong></span> <span class='ocrx_word' id='word_1_2' title='bbox 501 167 731 214; x_wconf 78' lang='lat' dir='ltr'><strong>orueuuoem</strong></span> 
     </span>
    </p>
   </div>
   <div class='ocr_carea' id='block_1_2' title="bbox 84 243 1161 2291">
    <p class='ocr_par' dir='ltr' id='par_1_2' title="bbox 84 243 1153 477">
     <span class='ocr_line' id='line_1_2' title="bbox 84 243 1152 352; baseline 0.001 -42"><span class='ocrx_word' id='word_1_3' title='bbox 84 266 236 332; x_wconf 87' lang='lat' dir='ltr'><strong>gressus,</strong></span> <span class='ocrx_word' id='word_1_4' title='bbox 260 245 380 332; x_wconf 85' lang='lat' dir='ltr'><strong>quibus</strong></span> <span class='ocrx_word' id='word_1_5' title='bbox 402 247 545 352; x_wconf 87' lang='lat' dir='ltr'><strong>cognitio</strong></span> <span class='ocrx_word' id='word_1_6' title='bbox 578 258 684 312; x_wconf 88' lang='lat' dir='ltr'><strong>nostra</strong></span> <span class='ocrx_word' id='word_1_7' title='bbox 719 245 909 332; x_wconf 88' lang='lat' dir='ltr'><strong>perficitur,</strong></span> <span class='ocrx_word' id='word_1_8' title='bbox 933 243 973 309; x_wconf 88' lang='lat' dir='ltr'><strong>ad</strong></span> <span class='ocrx_word' id='word_1_9' title='bbox 1005 244 1152 311; x_wconf 81' lang='lat' dir='ltr'><strong>eamdem</strong></span> 
     </span>
     <span class='ocr_line' id='line_1_3' title="bbox 87 325 1153 416; baseline -0.002 -24"><span class='ocrx_word' id='word_1_10' title='bbox 87 329 241 394; x_wconf 85' lang='lat' dir='ltr'><strong>rationem</strong></span> <span class='ocrx_word' id='word_1_11' title='bbox 266 338 420 416; x_wconf 88' lang='lat' dir='ltr'><strong>spectent.</strong></span> <span class='ocrx_word' id='word_1_12' title='bbox 435 329 521 414; x_wconf 82' lang='lat' dir='ltr'><strong>hrgo</strong></span> <span class='ocrx_word' id='word_1_13' title='bbox 543 329 627 393; x_wconf 87' lang='lat' dir='ltr'><strong>ratio</strong></span> <span class='ocrx_word' id='word_1_14' title='bbox 650 330 815 415; x_wconf 82' lang='lat' dir='ltr'>superior,</span> <span class='ocrx_word' id='word_1_15' title='bbox 839 338 872 393; x_wconf 88' lang='lat' dir='ltr'><strong>et</strong></span> <span class='ocrx_word' id='word_1_16' title='bbox 895 325 1034 392; x_wconf 81' lang='lat' dir='ltr'><strong>interior</strong></span> <span class='ocrx_word' id='word_1_17' title='bbox 1052 348 1153 396; x_wconf 80' lang='lat' dir='ltr'><strong>uuam</strong></span> 
     </span>
     <span class='ocr_line' id='line_1_4' title="bbox 88 410 505 477; baseline 0 -4"><span class='ocrx_word' id='word_1_18' title='bbox 88 410 274 476; x_wconf 78' lang='lat' dir='ltr'><strong>facultatem</strong></span> <span class='ocrx_word' id='word_1_19' title='bbox 296 414 505 477; x_wconf 87' lang='lat' dir='ltr'><strong>constituunt.</strong></span> 
     </span>
    </p>

    <p class='ocr_par' dir='ltr' id='par_1_3' title="bbox 86 489 1154 638">
     <span class='ocr_line' id='line_1_5' title="bbox 127 489 1154 612; baseline -0.005 -55"><span class='ocrx_word' id='word_1_20' title='bbox 127 493 195 557; x_wconf 70' lang='lat'><strong>172.</strong></span> <span class='ocrx_word' id='word_1_21' title='bbox 219 493 316 612; x_wconf 77' lang='lat' dir='ltr'><strong>Ppop.</strong></span> <span class='ocrx_word' id='word_1_22' title='bbox 339 491 387 556; x_wconf 73' lang='lat'><strong>2³.</strong></span> <span class='ocrx_word' id='word_1_23' title='bbox 411 493 504 558; x_wconf 80' lang='lat' dir='ltr'><em>Ratio</em></span> <span class='ocrx_word' id='word_1_24' title='bbox 527 493 673 577; x_wconf 80' lang='lat' dir='ltr'><strong><em>superior</em></strong></span> <span class='ocrx_word' id='word_1_25' title='bbox 699 511 760 554; x_wconf 83' lang='lat' dir='ltr'><strong>non</strong></span> <span class='ocrx_word' id='word_1_26' title='bbox 781 501 824 554; x_wconf 80' lang='lat' dir='ltr'><strong>est</strong></span> <span class='ocrx_word' id='word_1_27' title='bbox 851 500 964 565; x_wconf 79' lang='lat' dir='ltr'><strong>extra,</strong></span> <span class='ocrx_word' id='word_1_28' title='bbox 987 489 1035 553; x_wconf 86' lang='lat' dir='ltr'><strong>oel</strong></span> <span class='ocrx_word' id='word_1_29' title='bbox 1056 509 1154 573; x_wconf 80' lang='lat' dir='ltr'><strong>sopra</strong></span> 
     </span>
     <span class='ocr_line' id='line_1_6' title="bbox 86 595 265 638; baseline 0 0"><span class='ocrx_word' id='word_1_30' title='bbox 86 595 227 638; x_wconf 78' lang='lat' dir='ltr'><strong>noemam</strong></span> <span class='ocrx_word' id='word_1_31' title='bbox 258 623 265 638; x_wconf 97' lang='lat'><strong>.</strong></span> 
     </span>
    </p>

    <p class='ocr_par' dir='ltr' id='par_1_4' title="bbox 85 651 1157 1232">
     <span class='ocr_line' id='line_1_7' title="bbox 129 651 1155 738; baseline -0.005 -17"><span class='ocrx_word' id='word_1_32' title='bbox 129 656 286 721; x_wconf 80' lang='lat' dir='ltr'><strong><em>Probatur</em></strong></span> <span class='ocrx_word' id='word_1_33' title='bbox 307 665 418 722; x_wconf 88' lang='lat' dir='ltr'><strong>contra</strong></span> <span class='ocrx_word' id='word_1_34' title='bbox 440 654 646 731; x_wconf 81' lang='lat' dir='ltr'><strong>Consiuium,</strong></span> <span class='ocrx_word' id='word_1_35' title='bbox 659 654 716 738; x_wconf 85' lang='lat' dir='ltr'><strong>qui</strong></span> <span class='ocrx_word' id='word_1_36' title='bbox 739 651 907 717; x_wconf 79' lang='lat' dir='ltr'>contendit</span> <span class='ocrx_word' id='word_1_37' title='bbox 928 653 1088 716; x_wconf 89' lang='lat' dir='ltr'><strong>rationem</strong></span> <span class='ocrx_word' id='word_1_38' title='bbox 1102 671 1155 717; x_wconf 89' lang='lat' dir='ltr'><strong>su·</strong></span> 
     </span>
     <span class='ocr_line' id='line_1_8' title="bbox 91 733 1156 823; baseline -0.004 -21"><span class='ocrx_word' id='word_1_39' title='bbox 91 740 255 822; x_wconf 89' lang='lat' dir='ltr'><strong>perierem</strong></span> <span class='ocrx_word' id='word_1_40' title='bbox 277 759 346 804; x_wconf 90' lang='lat' dir='ltr'><strong>esse</strong></span> <span class='ocrx_word' id='word_1_41' title='bbox 370 736 528 814; x_wconf 85' lang='lat' dir='ltr'><strong>medium,</strong></span> <span class='ocrx_word' id='word_1_42' title='bbox 548 757 606 823; x_wconf 85' lang='lat' dir='ltr'><strong>per</strong></span> <span class='ocrx_word' id='word_1_43' title='bbox 619 733 706 820; x_wconf 90' lang='lat' dir='ltr'><strong>quod</strong></span> <span class='ocrx_word' id='word_1_44' title='bbox 723 734 820 799; x_wconf 84' lang='lat' dir='ltr'><strong>Ratio</strong></span> <span class='ocrx_word' id='word_1_45' title='bbox 835 733 952 797; x_wconf 81' lang='lat' dir='ltr'><strong>Divina</strong></span> <span class='ocrx_word' id='word_1_46' title='bbox 967 753 1000 797; x_wconf 91' lang='lat' dir='ltr'><strong>se</strong></span> <span class='ocrx_word' id='word_1_47' title='bbox 1015 752 1090 795; x_wconf 91' lang='lat' dir='ltr'><strong>cum</strong></span> <span class='ocrx_word' id='word_1_48' title='bbox 1104 755 1156 798; x_wconf 83' lang='lat' dir='ltr'><strong>re-</strong></span> 
     </span>
     <span class='ocr_line' id='line_1_9' title="bbox 89 815 1157 901; baseline -0.005 -18"><span class='ocrx_word' id='word_1_49' title='bbox 89 821 175 884; x_wconf 91' lang='lat' dir='ltr'><strong>tione</strong></span> <span class='ocrx_word' id='word_1_50' title='bbox 199 819 336 884; x_wconf 90' lang='lat' dir='ltr'><strong>bumana</strong></span> <span class='ocrx_word' id='word_1_51' title='bbox 358 819 614 893; x_wconf 87' lang='lat' dir='ltr'><strong>communicat²,</strong></span> <span class='ocrx_word' id='word_1_52' title='bbox 631 826 663 881; x_wconf 91' lang='lat' dir='ltr'><strong>et</strong></span> <span class='ocrx_word' id='word_1_53' title='bbox 690 827 802 881; x_wconf 88' lang='lat' dir='ltr'><strong>contra</strong></span> <span class='ocrx_word' id='word_1_54' title='bbox 824 815 1013 901; x_wconf 89' lang='lat' dir='ltr'><strong>Ontologos,</strong></span> <span class='ocrx_word' id='word_1_55' title='bbox 1042 832 1157 878; x_wconf 85' lang='lat' dir='ltr'><strong>seeun-</strong></span> 
     </span>
     <span class='ocr_line' id='line_1_10' title="bbox 89 895 1156 986; baseline -0.005 -22"><span class='ocrx_word' id='word_1_56' title='bbox 89 899 167 965; x_wconf 89' lang='lat' dir='ltr'><strong>dum</strong></span> <span class='ocrx_word' id='word_1_57' title='bbox 189 922 271 985; x_wconf 88' lang='lat' dir='ltr'><strong>quos</strong></span> <span class='ocrx_word' id='word_1_58' title='bbox 292 903 377 967; x_wconf 89' lang='lat' dir='ltr'><strong>ratio</strong></span> <span class='ocrx_word' id='word_1_59' title='bbox 399 902 551 986; x_wconf 81' lang='lat' dir='ltr'><strong>superior</strong></span> <span class='ocrx_word' id='word_1_60' title='bbox 572 909 620 965; x_wconf 91' lang='lat' dir='ltr'><strong>est</strong></span> <span class='ocrx_word' id='word_1_61' title='bbox 642 899 727 962; x_wconf 91' lang='lat' dir='ltr'><strong>ratio</strong></span> <span class='ocrx_word' id='word_1_62' title='bbox 749 895 919 971; x_wconf 83' lang='lat' dir='ltr'><strong>absoluta,</strong></span> <span class='ocrx_word' id='word_1_63' title='bbox 942 915 1056 980; x_wconf 81' lang='lat' dir='ltr'><strong>nempe</strong></span> <span class='ocrx_word' id='word_1_64' title='bbox 1084 897 1156 980; x_wconf 88' lang='lat' dir='ltr'><strong>ipsa</strong></span> 
     </span>
     <span class='ocr_line' id='line_1_11' title="bbox 87 975 1156 1068; baseline -0.004 -24"><span class='ocrx_word' id='word_1_65' title='bbox 87 982 185 1047; x_wconf 83' lang='lat' dir='ltr'><strong>Ratio</strong></span> <span class='ocrx_word' id='word_1_66' title='bbox 207 982 338 1048; x_wconf 84' lang='lat' dir='ltr'><strong>Divino.</strong></span> <span class='ocrx_word' id='word_1_67' title='bbox 361 984 397 1047; x_wconf 90' lang='lat' dir='ltr'><strong>ln</strong></span> <span class='ocrx_word' id='word_1_68' title='bbox 422 983 560 1068; x_wconf 89' lang='lat' dir='ltr'><strong>primis,</strong></span> <span class='ocrx_word' id='word_1_69' title='bbox 585 982 670 1045; x_wconf 90' lang='lat' dir='ltr'><strong>ratio</strong></span> <span class='ocrx_word' id='word_1_70' title='bbox 691 982 842 1062; x_wconf 81' lang='lat' dir='ltr'><strong>superior</strong></span> <span class='ocrx_word' id='word_1_71' title='bbox 863 977 977 1042; x_wconf 84' lang='lat' dir='ltr'><strong>eodem</strong></span> <span class='ocrx_word' id='word_1_72' title='bbox 991 984 1040 1042; x_wconf 88' lang='lat' dir='ltr'><strong>est</strong></span> <span class='ocrx_word' id='word_1_73' title='bbox 1054 975 1156 1041; x_wconf 88' lang='lat' dir='ltr'><strong>facul-</strong></span> 
     </span>
     <span class='ocr_line' id='line_1_12' title="bbox 90 1058 1156 1149; baseline -0.004 -23"><span class='ocrx_word' id='word_1_74' title='bbox 90 1074 151 1140; x_wconf 85' lang='lat' dir='ltr'><strong>tas,</strong></span> <span class='ocrx_word' id='word_1_75' title='bbox 175 1083 212 1128; x_wconf 87' lang='lat' dir='ltr'><strong>ac</strong></span> <span class='ocrx_word' id='word_1_76' title='bbox 233 1068 319 1130; x_wconf 90' lang='lat' dir='ltr'><strong>ratio</strong></span> <span class='ocrx_word' id='word_1_77' title='bbox 343 1063 495 1138; x_wconf 72' lang='lat' dir='ltr'><strong>interium</strong></span> <span class='ocrx_word' id='word_1_78' title='bbox 519 1083 598 1149; x_wconf 89' lang='lat' dir='ltr'><strong>ergo</strong></span> <span class='ocrx_word' id='word_1_79' title='bbox 621 1063 706 1127; x_wconf 91' lang='lat' dir='ltr'><strong>sicut</strong></span> <span class='ocrx_word' id='word_1_80' title='bbox 731 1065 802 1135; x_wconf 90' lang='lat' dir='ltr'><strong>ista,</strong></span> <span class='ocrx_word' id='word_1_81' title='bbox 826 1063 870 1126; x_wconf 90' lang='lat' dir='ltr'><strong>ita</strong></span> <span class='ocrx_word' id='word_1_82' title='bbox 892 1062 992 1124; x_wconf 86' lang='lat' dir='ltr'><strong>etiam</strong></span> <span class='ocrx_word' id='word_1_83' title='bbox 1014 1058 1071 1123; x_wconf 86' lang='lat' dir='ltr'><strong>iila</strong></span> <span class='ocrx_word' id='word_1_84' title='bbox 1090 1079 1156 1122; x_wconf 91' lang='lat' dir='ltr'><strong>uon</strong></span> 
     </span>
     <span class='ocr_line' id='line_1_13' title="bbox 85 1147 632 1232; baseline 0 -24"><span class='ocrx_word' id='word_1_85' title='bbox 85 1155 135 1210; x_wconf 89' lang='lat' dir='ltr'><strong>est</strong></span> <span class='ocrx_word' id='word_1_86' title='bbox 156 1156 260 1223; x_wconf 84' lang='lat' dir='ltr'><strong>extra,</strong></span> <span class='ocrx_word' id='word_1_87' title='bbox 285 1147 334 1211; x_wconf 91' lang='lat' dir='ltr'><strong>vel</strong></span> <span class='ocrx_word' id='word_1_88' title='bbox 356 1167 454 1232; x_wconf 81' lang='lat' dir='ltr'><strong>supra</strong></span> <span class='ocrx_word' id='word_1_89' title='bbox 477 1149 632 1210; x_wconf 88' lang='lat' dir='ltr'><strong>animam.</strong></span> 
     </span>
    </p>

    <p class='ocr_par' dir='ltr' id='par_1_5' title="bbox 86 1221 1158 1864">
     <span class='ocr_line' id='line_1_14' title="bbox 128 1221 1155 1312; baseline -0.003 -22"><span class='ocrx_word' id='word_1_90' title='bbox 128 1227 197 1293; x_wconf 88' lang='lat'><strong>173.</strong></span> <span class='ocrx_word' id='word_1_91' title='bbox 224 1229 415 1306; x_wconf 88' lang='lat' dir='ltr'><strong>Praeterea,</strong></span> <span class='ocrx_word' id='word_1_92' title='bbox 439 1227 651 1312; x_wconf 78' lang='lat' dir='ltr'><strong>Philosophi,</strong></span> <span class='ocrx_word' id='word_1_93' title='bbox 672 1244 756 1310; x_wconf 88' lang='lat' dir='ltr'><strong>quoe</strong></span> <span class='ocrx_word' id='word_1_94' title='bbox 777 1223 829 1288; x_wconf 89' lang='lat' dir='ltr'><strong>bic</strong></span> <span class='ocrx_word' id='word_1_95' title='bbox 851 1221 1055 1299; x_wconf 80' lang='lat' dir='ltr'><strong>refutemus,</strong></span> <span class='ocrx_word' id='word_1_96' title='bbox 1078 1221 1155 1287; x_wconf 92' lang='lat' dir='ltr'><strong>ideo</strong></span> 
     </span>
     <span class='ocr_line' id='line_1_15' title="bbox 86 1308 1158 1395; baseline -0.002 -25"><span class='ocrx_word' id='word_1_97' title='bbox 86 1308 286 1375; x_wconf 88' lang='lat' dir='ltr'><strong>contendunt</strong></span> <span class='ocrx_word' id='word_1_98' title='bbox 308 1313 468 1376; x_wconf 89' lang='lat' dir='ltr'><strong>rationem</strong></span> <span class='ocrx_word' id='word_1_99' title='bbox 491 1309 695 1395; x_wconf 87' lang='lat' dir='ltr'><strong>superiorem</strong></span> <span class='ocrx_word' id='word_1_100' title='bbox 717 1327 785 1370; x_wconf 92' lang='lat' dir='ltr'><strong>esse</strong></span> <span class='ocrx_word' id='word_1_101' title='bbox 806 1316 912 1381; x_wconf 81' lang='lat' dir='ltr'><strong>extre,</strong></span> <span class='ocrx_word' id='word_1_102' title='bbox 935 1313 992 1368; x_wconf 90' lang='lat' dir='ltr'><strong>aut</strong></span> <span class='ocrx_word' id='word_1_103' title='bbox 1012 1324 1108 1389; x_wconf 89' lang='lat' dir='ltr'><strong>supra</strong></span> <span class='ocrx_word' id='word_1_104' title='bbox 1123 1325 1158 1368; x_wconf 91' lang='lat' dir='ltr'><strong>a·</strong></span> 
     </span>
     <span class='ocr_line' id='line_1_16' title="bbox 87 1387 1156 1479; baseline -0.002 -27"><span class='ocrx_word' id='word_1_105' title='bbox 87 1389 232 1465; x_wconf 87' lang='lat' dir='ltr'><strong>nimam,</strong></span> <span class='ocrx_word' id='word_1_106' title='bbox 255 1392 333 1476; x_wconf 88' lang='lat' dir='ltr'><strong>quia</strong></span> <span class='ocrx_word' id='word_1_107' title='bbox 356 1394 532 1479; x_wconf 85' lang='lat' dir='ltr'><strong>opinentur</strong></span> <span class='ocrx_word' id='word_1_108' title='bbox 563 1387 768 1454; x_wconf 80' lang='lat' dir='ltr'><strong>immutabile</strong></span> <span class='ocrx_word' id='word_1_109' title='bbox 802 1408 864 1451; x_wconf 91' lang='lat' dir='ltr'><strong>uon</strong></span> <span class='ocrx_word' id='word_1_110' title='bbox 887 1407 981 1472; x_wconf 90' lang='lat' dir='ltr'><strong>posse</strong></span> <span class='ocrx_word' id='word_1_111' title='bbox 1002 1388 1156 1470; x_wconf 82' lang='lat' dir='ltr'><strong>cognosci</strong></span> 
     </span>
     <span class='ocr_line' id='line_1_17' title="bbox 88 1467 1154 1614; baseline -0.006 -79"><span class='ocrx_word' id='word_1_112' title='bbox 88 1491 146 1554; x_wconf 90' lang='lat' dir='ltr'><strong>per</strong></span> <span class='ocrx_word' id='word_1_113' title='bbox 167 1473 323 1537; x_wconf 89' lang='lat' dir='ltr'><strong>rationem</strong></span> <span class='ocrx_word' id='word_1_114' title='bbox 345 1475 532 1546; x_wconf 87' lang='lat' dir='ltr'><strong>humanam,</strong></span> <span class='ocrx_word' id='word_1_115' title='bbox 548 1492 632 1569; x_wconf 80' lang='lat' dir='ltr'><strong>quae</strong></span> <span class='ocrx_word' id='word_1_116' title='bbox 647 1480 697 1534; x_wconf 90' lang='lat' dir='ltr'><strong>est</strong></span> <span class='ocrx_word' id='word_1_117' title='bbox 711 1468 890 1535; x_wconf 90' lang='lat' dir='ltr'><strong>mutabilis.</strong></span> <span class='ocrx_word' id='word_1_118' title='bbox 915 1469 1014 1614; x_wconf 69' lang='lat' dir='ltr'><strong>Atrpui</strong></span> <span class='ocrx_word' id='word_1_119' title='bbox 1034 1467 1154 1531; x_wconf 92' lang='lat' dir='ltr'><strong>nedum</strong></span> 
     </span>
     <span class='ocr_line' id='line_1_18' title="bbox 86 1551 1157 1636; baseline -0.005 -20"><span class='ocrx_word' id='word_1_120' title='bbox 86 1573 167 1636; x_wconf 84' lang='lat' dir='ltr'><strong>repu</strong></span> <span class='ocrx_word' id='word_1_121' title='bbox 192 1563 267 1632; x_wconf 90' lang='lat' dir='ltr'><strong>nat,</strong></span> <span class='ocrx_word' id='word_1_122' title='bbox 292 1576 419 1620; x_wconf 85' lang='lat' dir='ltr'><strong>neeesse</strong></span> <span class='ocrx_word' id='word_1_123' title='bbox 447 1563 494 1619; x_wconf 93' lang='lat' dir='ltr'><strong>est</strong></span> <span class='ocrx_word' id='word_1_124' title='bbox 520 1575 661 1618; x_wconf 92' lang='lat' dir='ltr'><strong>ammam</strong></span> <span class='ocrx_word' id='word_1_125' title='bbox 684 1551 858 1615; x_wconf 88' lang='lat' dir='ltr'><strong>humanam</strong></span> <span class='ocrx_word' id='word_1_126' title='bbox 886 1571 946 1635; x_wconf 93' lang='lat' dir='ltr'><strong>per</strong></span> <span class='ocrx_word' id='word_1_127' title='bbox 982 1551 1157 1614; x_wconf 90' lang='lat' dir='ltr'><strong>acultatem</strong></span> 
     </span>
     <span class='ocr_line' id='line_1_19' title="bbox 88 1574 1157 1722; baseline -0.002 -26"><span class='ocrx_word' id='word_1_128' title='bbox 88 1574 280 1701; x_wconf 72' lang='lat' dir='ltr'><strong>mutabilem</strong></span> <span class='ocrx_word' id='word_1_129' title='bbox 303 1657 496 1722; x_wconf 83' lang='lat' dir='ltr'><strong>cognoscere</strong></span> <span class='ocrx_word' id='word_1_130' title='bbox 520 1632 738 1700; x_wconf 80' lang='lat' dir='ltr'><strong>immutabile.</strong></span> <span class='ocrx_word' id='word_1_131' title='bbox 763 1635 810 1698; x_wconf 84' lang='lat' dir='ltr'><strong>Er</strong></span> <span class='ocrx_word' id='word_1_132' title='bbox 834 1655 854 1696; x_wconf 93' lang='lat' dir='ltr'><strong>o</strong></span> <span class='ocrx_word' id='word_1_133' title='bbox 876 1633 990 1697; x_wconf 91' lang='lat' dir='ltr'><strong>horum</strong></span> <span class='ocrx_word' id='word_1_134' title='bbox 1014 1631 1157 1718; x_wconf 88' lang='lat' dir='ltr'><strong>philoso-</strong></span> 
     </span>
     <span class='ocr_line' id='line_1_20' title="bbox 89 1652 1157 1813; baseline -0.004 -34"><span class='ocrx_word' id='word_1_135' title='bbox 89 1716 225 1813; x_wconf 75' lang='lat' dir='ltr'><strong>phorum</strong></span> <span class='ocrx_word' id='word_1_136' title='bbox 253 1720 411 1782; x_wconf 86' lang='lat' dir='ltr'><strong>sententie</strong></span> <span class='ocrx_word' id='word_1_137' title='bbox 440 1718 543 1794; x_wconf 88' lang='lat' dir='ltr'><strong>lalso,</strong></span> <span class='ocrx_word' id='word_1_138' title='bbox 572 1726 604 1782; x_wconf 92' lang='lat' dir='ltr'><strong>et</strong></span> <span class='ocrx_word' id='word_1_139' title='bbox 632 1712 774 1780; x_wconf 80' lang='lat' dir='ltr'><strong>absurdo</strong></span> <span class='ocrx_word' id='word_1_140' title='bbox 807 1652 1018 1780; x_wconf 71' lang='lat' dir='ltr'><strong>brudamento</strong></span> <span class='ocrx_word' id='word_1_141' title='bbox 1045 1732 1157 1798; x_wconf 88' lang='lat' dir='ltr'><strong>super-</strong></span> 
     </span>
     <span class='ocr_line' id='line_1_21' title="bbox 89 1809 239 1864; baseline 0.013 -4"><span class='ocrx_word' id='word_1_142' title='bbox 89 1809 239 1864; x_wconf 77' lang='lat' dir='ltr'><strong>struitur.</strong></span> 
     </span>
    </p>

    <p class='ocr_par' dir='ltr' id='par_1_6' title="bbox 87 1877 1161 2291">
     <span class='ocr_line' id='line_1_22' title="bbox 130 1877 1157 1974; baseline -0.006 -29"><span class='ocrx_word' id='word_1_143' title='bbox 130 1881 198 1945; x_wconf 84' lang='lat' dir='ltr'><strong>17t.</strong></span> <span class='ocrx_word' id='word_1_144' title='bbox 224 1878 381 1944; x_wconf 80' lang='lat' dir='ltr'><strong>Probatur</strong></span> <span class='ocrx_word' id='word_1_145' title='bbox 403 1883 517 1944; x_wconf 82' lang='lat' dir='ltr'><strong>minor.</strong></span> <span class='ocrx_word' id='word_1_146' title='bbox 545 1877 576 1944; x_wconf 86' lang='lat'><strong>1⁰</strong></span> <span class='ocrx_word' id='word_1_147' title='bbox 599 1878 671 1943; x_wconf 92' lang='lat' dir='ltr'><strong>Nou</strong></span> <span class='ocrx_word' id='word_1_148' title='bbox 694 1889 854 1974; x_wconf 87' lang='lat' dir='ltr'><strong>repugnat</strong></span> <span class='ocrx_word' id='word_1_149' title='bbox 874 1881 1017 1943; x_wconf 87' lang='lat' dir='ltr'><strong>enimam</strong></span> <span class='ocrx_word' id='word_1_150' title='bbox 1042 1877 1157 1941; x_wconf 88' lang='lat' dir='ltr'><strong>buma-</strong></span> 
     </span>
     <span class='ocr_line' id='line_1_23' title="bbox 88 1958 1157 2046; baseline -0.004 -22"><span class='ocrx_word' id='word_1_151' title='bbox 88 1982 161 2025; x_wconf 92' lang='lat' dir='ltr'><strong>uam</strong></span> <span class='ocrx_word' id='word_1_152' title='bbox 183 1983 379 2046; x_wconf 84' lang='lat' dir='ltr'><strong>cognoscere</strong></span> <span class='ocrx_word' id='word_1_153' title='bbox 403 1961 605 2027; x_wconf 81' lang='lat' dir='ltr'><strong>iuunutebile</strong></span> <span class='ocrx_word' id='word_1_154' title='bbox 630 1981 688 2045; x_wconf 93' lang='lat' dir='ltr'><strong>per</strong></span> <span class='ocrx_word' id='word_1_155' title='bbox 709 1961 854 2025; x_wconf 77' lang='lat' dir='ltr'><strong>medium</strong></span> <span class='ocrx_word' id='word_1_156' title='bbox 877 1959 1055 2035; x_wconf 88' lang='lat' dir='ltr'><strong>mutabile,</strong></span> <span class='ocrx_word' id='word_1_157' title='bbox 1077 1958 1157 2043; x_wconf 89' lang='lat' dir='ltr'><strong>quia</strong></span> 
     </span>
     <span class='ocr_line' id='line_1_24' title="bbox 88 2040 1156 2128; baseline -0.003 -22"><span class='ocrx_word' id='word_1_158' title='bbox 88 2047 169 2128; x_wconf 90' lang='lat' dir='ltr'><strong>ipsa,</strong></span> <span class='ocrx_word' id='word_1_159' title='bbox 193 2065 267 2108; x_wconf 94' lang='lat' dir='ltr'><strong>cum</strong></span> <span class='ocrx_word' id='word_1_160' title='bbox 291 2065 342 2108; x_wconf 90' lang='lat' dir='ltr'><strong>res</strong></span> <span class='ocrx_word' id='word_1_161' title='bbox 364 2046 550 2128; x_wconf 81' lang='lat' dir='ltr'><strong>cognoscit,</strong></span> <span class='ocrx_word' id='word_1_162' title='bbox 579 2064 693 2107; x_wconf 84' lang='lat' dir='ltr'><strong>earum</strong></span> <span class='ocrx_word' id='word_1_163' title='bbox 717 2044 948 2128; x_wconf 83' lang='lat' dir='ltr'><strong>proprietates,</strong></span> <span class='ocrx_word' id='word_1_164' title='bbox 972 2052 1005 2106; x_wconf 91' lang='lat' dir='ltr'><strong>et</strong></span> <span class='ocrx_word' id='word_1_165' title='bbox 1025 2040 1156 2106; x_wconf 90' lang='lat' dir='ltr'><strong>relatio·</strong></span> 
     </span>
     <span class='ocr_line' id='line_1_25' title="bbox 87 2123 1161 2222; baseline -0.002 -35"><span class='ocrx_word' id='word_1_166' title='bbox 87 2145 144 2188; x_wconf 88' lang='lat' dir='ltr'><strong>nes</strong></span> <span class='ocrx_word' id='word_1_167' title='bbox 167 2146 230 2188; x_wconf 91' lang='lat' dir='ltr'><strong>uon</strong></span> <span class='ocrx_word' id='word_1_168' title='bbox 252 2136 352 2201; x_wconf 83' lang='lat' dir='ltr'><strong>ercet,</strong></span> <span class='ocrx_word' id='word_1_169' title='bbox 375 2127 429 2192; x_wconf 90' lang='lat' dir='ltr'><strong>sed</strong></span> <span class='ocrx_word' id='word_1_170' title='bbox 453 2125 622 2192; x_wconf 87' lang='lat' dir='ltr'><strong>dumtaxat</strong></span> <span class='ocrx_word' id='word_1_171' title='bbox 643 2126 828 2222; x_wconf 86' lang='lat' dir='ltr'><strong>investigat,</strong></span> <span class='ocrx_word' id='word_1_172' title='bbox 843 2135 875 2191; x_wconf 90' lang='lat' dir='ltr'><strong>et</strong></span> <span class='ocrx_word' id='word_1_173' title='bbox 888 2125 1020 2210; x_wconf 90' lang='lat' dir='ltr'><strong>detegit.</strong></span> <span class='ocrx_word' id='word_1_174' title='bbox 1042 2123 1077 2188; x_wconf 79' lang='lat'><strong>2⁰</strong></span> <span class='ocrx_word' id='word_1_175' title='bbox 1092 2123 1161 2186; x_wconf 90' lang='lat' dir='ltr'><strong>Ne·</strong></span> 
     </span>
     <span class='ocr_line' id='line_1_26' title="bbox 89 2205 1158 2291; baseline -0.004 -20"><span class='ocrx_word' id='word_1_176' title='bbox 89 2227 177 2271; x_wconf 89' lang='lat' dir='ltr'><strong>cesse</strong></span> <span class='ocrx_word' id='word_1_177' title='bbox 211 2216 258 2271; x_wconf 91' lang='lat' dir='ltr'><strong>est</strong></span> <span class='ocrx_word' id='word_1_178' title='bbox 290 2218 327 2273; x_wconf 90' lang='lat' dir='ltr'><strong>ut</strong></span> <span class='ocrx_word' id='word_1_179' title='bbox 348 2211 454 2273; x_wconf 78' lang='lat' dir='ltr'><strong>auinna</strong></span> <span class='ocrx_word' id='word_1_180' title='bbox 482 2209 621 2272; x_wconf 88' lang='lat' dir='ltr'><strong>humana</strong></span> <span class='ocrx_word' id='word_1_181' title='bbox 643 2226 702 2291; x_wconf 91' lang='lat' dir='ltr'><strong>per</strong></span> <span class='ocrx_word' id='word_1_182' title='bbox 723 2207 910 2273; x_wconf 77' lang='lat' dir='ltr'><strong>huiusmodi</strong></span> <span class='ocrx_word' id='word_1_183' title='bbox 934 2205 1078 2271; x_wconf 87' lang='lat' dir='ltr'><strong>medium</strong></span> <span class='ocrx_word' id='word_1_184' title='bbox 1102 2224 1158 2268; x_wconf 90' lang='lat' dir='ltr'><strong>eo-</strong></span> 
     </span>
    </p>
   </div>
   <div class='ocr_carea' id='block_1_3' title="bbox 89 2287 1159 2786">
    <p class='ocr_par' dir='ltr' id='par_1_7' title="bbox 89 2287 1159 2786">
     <span class='ocr_line' id='line_1_27' title="bbox 89 2287 1156 2385; baseline -0.003 -34"><span class='ocrx_word' id='word_1_185' title='bbox 89 2300 222 2385; x_wconf 82' lang='lat' dir='ltr'><strong>gnoscat</strong></span> <span class='ocrx_word' id='word_1_186' title='bbox 244 2289 461 2354; x_wconf 82' lang='lat' dir='ltr'><strong>immutabile.</strong></span> <span class='ocrx_word' id='word_1_187' title='bbox 485 2290 615 2355; x_wconf 88' lang='lat' dir='ltr'><strong>Etenim</strong></span> <span class='ocrx_word' id='word_1_188' title='bbox 639 2287 795 2365; x_wconf 90' lang='lat' dir='ltr'><strong>medium,</strong></span> <span class='ocrx_word' id='word_1_189' title='bbox 811 2310 981 2374; x_wconf 86' lang='lat' dir='ltr'><strong>quomens</strong></span> <span class='ocrx_word' id='word_1_190' title='bbox 1003 2289 1156 2353; x_wconf 87' lang='lat' dir='ltr'><strong>veritates</strong></span> 
     </span>
     <span class='ocr_line' id='line_1_28' title="bbox 89 2369 1159 2456; baseline -0.003 -22"><span class='ocrx_word' id='word_1_191' title='bbox 89 2370 310 2436; x_wconf 77' lang='lat' dir='ltr'><strong>immutabiles</strong></span> <span class='ocrx_word' id='word_1_192' title='bbox 332 2373 509 2456; x_wconf 85' lang='lat' dir='ltr'><strong>cognoscit,</strong></span> <span class='ocrx_word' id='word_1_193' title='bbox 532 2370 762 2456; x_wconf 89' lang='lat' dir='ltr'><strong>quodcumque</strong></span> <span class='ocrx_word' id='word_1_194' title='bbox 784 2393 853 2436; x_wconf 90' lang='lat' dir='ltr'><strong>esse</strong></span> <span class='ocrx_word' id='word_1_195' title='bbox 875 2374 1015 2446; x_wconf 89' lang='lat' dir='ltr'><strong>dicatur,</strong></span> <span class='ocrx_word' id='word_1_196' title='bbox 1042 2369 1159 2435; x_wconf 87' lang='lat' dir='ltr'><strong>intriu-</strong></span> 
     </span>
     <span class='ocr_line' id='line_1_29' title="bbox 89 2453 1158 2551; baseline -0.002 -35"><span class='ocrx_word' id='word_1_197' title='bbox 89 2473 182 2517; x_wconf 88' lang='lat' dir='ltr'><strong>eecus</strong></span> <span class='ocrx_word' id='word_1_198' title='bbox 215 2454 275 2551; x_wconf 92' lang='lat' dir='ltr'><strong>ipsi</strong></span> <span class='ocrx_word' id='word_1_199' title='bbox 300 2457 427 2520; x_wconf 90' lang='lat' dir='ltr'><strong>enimae</strong></span> <span class='ocrx_word' id='word_1_200' title='bbox 454 2474 524 2518; x_wconf 90' lang='lat' dir='ltr'><strong>esse</strong></span> <span class='ocrx_word' id='word_1_201' title='bbox 553 2453 650 2518; x_wconf 91' lang='lat' dir='ltr'><strong>debet</strong></span> <span class='ocrx_word' id='word_1_202' title='bbox 664 2453 686 2516; x_wconf 78' lang='lat'><strong>³.</strong></span> <span class='ocrx_word' id='word_1_203' title='bbox 711 2456 811 2537; x_wconf 77' lang='lat' dir='ltr'><strong>Atqui</strong></span> <span class='ocrx_word' id='word_1_204' title='bbox 835 2458 944 2520; x_wconf 90' lang='lat' dir='ltr'><strong>anima</strong></span> <span class='ocrx_word' id='word_1_205' title='bbox 974 2475 1032 2540; x_wconf 82' lang='lat' dir='ltr'><strong>per</strong></span> <span class='ocrx_word' id='word_1_206' title='bbox 1053 2475 1086 2518; x_wconf 91' lang='lat' dir='ltr'><strong>se</strong></span> <span class='ocrx_word' id='word_1_207' title='bbox 1109 2461 1158 2515; x_wconf 89' lang='lat' dir='ltr'><strong>est</strong></span> 
     </span>
     <span class='ocr_line' id='line_1_30' title="bbox 89 2533 1154 2681; baseline -0.003 -83"><span class='ocrx_word' id='word_1_208' title='bbox 89 2533 277 2612; x_wconf 80' lang='lat' dir='ltr'><strong>mutabilis,</strong></span> <span class='ocrx_word' id='word_1_209' title='bbox 301 2558 337 2600; x_wconf 92' lang='lat' dir='ltr'><strong>ac</strong></span> <span class='ocrx_word' id='word_1_210' title='bbox 361 2537 498 2623; x_wconf 87' lang='lat' dir='ltr'><strong>proinde</strong></span> <span class='ocrx_word' id='word_1_211' title='bbox 526 2533 688 2681; x_wconf 61' lang='lat' dir='ltr'><strong>quidguitl</strong></span> <span class='ocrx_word' id='word_1_212' title='bbox 716 2537 747 2598; x_wconf 92' lang='lat' dir='ltr'><strong>ei</strong></span> <span class='ocrx_word' id='word_1_213' title='bbox 779 2537 882 2613; x_wconf 91' lang='lat' dir='ltr'><strong>inest,</strong></span> <span class='ocrx_word' id='word_1_214' title='bbox 916 2551 963 2603; x_wconf 87' lang='lat' dir='ltr'><strong>est</strong></span> <span class='ocrx_word' id='word_1_215' title='bbox 984 2533 1154 2601; x_wconf 86' lang='lat' dir='ltr'><strong>mutabile.</strong></span> 
     </span>
     <span class='ocr_line' id='line_1_31' title="bbox 89 2617 1156 2703; baseline -0.001 -22"><span class='ocrx_word' id='word_1_216' title='bbox 89 2618 177 2702; x_wconf 87' lang='lat' dir='ltr'><strong>Ergo</strong></span> <span class='ocrx_word' id='word_1_217' title='bbox 199 2620 305 2682; x_wconf 86' lang='lat' dir='ltr'><strong>anime</strong></span> <span class='ocrx_word' id='word_1_218' title='bbox 334 2640 399 2684; x_wconf 93' lang='lat' dir='ltr'><strong>nou</strong></span> <span class='ocrx_word' id='word_1_219' title='bbox 426 2621 488 2683; x_wconf 92' lang='lat' dir='ltr'><strong>nisi</strong></span> <span class='ocrx_word' id='word_1_220' title='bbox 516 2639 574 2703; x_wconf 86' lang='lat' dir='ltr'><strong>per</strong></span> <span class='ocrx_word' id='word_1_221' title='bbox 599 2617 733 2702; x_wconf 88' lang='lat' dir='ltr'><strong>aiquod</strong></span> <span class='ocrx_word' id='word_1_222' title='bbox 757 2619 900 2683; x_wconf 89' lang='lat' dir='ltr'><strong>medium</strong></span> <span class='ocrx_word' id='word_1_223' title='bbox 921 2619 1078 2684; x_wconf 90' lang='lat' dir='ltr'><strong>mutabile</strong></span> <span class='ocrx_word' id='word_1_224' title='bbox 1104 2639 1156 2680; x_wconf 90' lang='lat' dir='ltr'><strong>eo-</strong></span> 
     </span>
     <span class='ocr_line' id='line_1_32' title="bbox 91 2699 826 2786; baseline -0.003 -23"><span class='ocrx_word' id='word_1_225' title='bbox 91 2719 243 2782; x_wconf 88' lang='lat' dir='ltr'><strong>gnoscere</strong></span> <span class='ocrx_word' id='word_1_226' title='bbox 266 2711 372 2786; x_wconf 91' lang='lat' dir='ltr'><strong>potest</strong></span> <span class='ocrx_word' id='word_1_227' title='bbox 393 2703 547 2768; x_wconf 87' lang='lat' dir='ltr'><strong>veritates</strong></span> <span class='ocrx_word' id='word_1_228' title='bbox 570 2699 788 2765; x_wconf 89' lang='lat' dir='ltr'><strong>immutabiles</strong></span> <span class='ocrx_word' id='word_1_229' title='bbox 803 2702 826 2761; x_wconf 78' lang='lat'><strong>⁴.</strong></span> 
     </span>
    </p>
   </div>
   <div class='ocr_carea' id='block_1_4' title="bbox 358 2835 893 2902">
    <p class='ocr_par' dir='ltr' id='par_1_8' title="bbox 358 2835 893 2902">
     <span class='ocr_line' id='line_1_33' title="bbox 358 2835 893 2902; baseline -0.002 -15"><span class='ocrx_word' id='word_1_230' title='bbox 358 2835 562 2902; x_wconf 56' lang='lat' dir='ltr'><strong>berbii-lle</strong></span> <span class='ocrx_word' id='word_1_231' title='bbox 583 2839 711 2888; x_wconf 85' lang='lat' dir='ltr'><strong>memoria</strong></span> <span class='ocrx_word' id='word_1_232' title='bbox 732 2837 893 2887; x_wconf 78' lang='lat' dir='ltr'><strong>intellectiva</strong></span> 
     </span>
    </p>
   </div>
   <div class='ocr_carea' id='block_1_5' title="bbox 90 2941 1158 3111">
    <p class='ocr_par' dir='ltr' id='par_1_9' title="bbox 90 2941 1158 3111">
     <span class='ocr_line' id='line_1_34' title="bbox 131 2941 1157 3028; baseline 0.002 -23"><span class='ocrx_word' id='word_1_233' title='bbox 131 2941 199 3006; x_wconf 85' lang='lat'><strong>175.</strong></span> <span class='ocrx_word' id='word_1_234' title='bbox 223 2942 313 3008; x_wconf 86' lang='lat' dir='ltr'><strong>Sicut</strong></span> <span class='ocrx_word' id='word_1_235' title='bbox 335 2945 491 3008; x_wconf 88' lang='lat' dir='ltr'><strong>memoria</strong></span> <span class='ocrx_word' id='word_1_236' title='bbox 514 2944 688 3021; x_wconf 81' lang='lat' dir='ltr'><strong>sensitiva,</strong></span> <span class='ocrx_word' id='word_1_237' title='bbox 713 2946 757 3009; x_wconf 90' lang='lat' dir='ltr'><strong>ita</strong></span> <span class='ocrx_word' id='word_1_238' title='bbox 779 2945 878 3010; x_wconf 90' lang='lat' dir='ltr'><strong>etiam</strong></span> <span class='ocrx_word' id='word_1_239' title='bbox 907 2941 1068 3028; x_wconf 90' lang='lat' dir='ltr'><strong>quaedam</strong></span> <span class='ocrx_word' id='word_1_240' title='bbox 1090 2963 1157 3007; x_wconf 90' lang='lat' dir='ltr'><strong>me-</strong></span> 
     </span>
     <span class='ocr_line' id='line_1_35' title="bbox 90 3023 1158 3111; baseline 0.003 -25"><span class='ocrx_word' id='word_1_241' title='bbox 90 3025 193 3090; x_wconf 89' lang='lat' dir='ltr'><strong>moria</strong></span> <span class='ocrx_word' id='word_1_242' title='bbox 215 3023 414 3090; x_wconf 85' lang='lat' dir='ltr'><strong>intellectiva</strong></span> <span class='ocrx_word' id='word_1_243' title='bbox 435 3028 470 3091; x_wconf 91' lang='lat' dir='ltr'><strong>in</strong></span> <span class='ocrx_word' id='word_1_244' title='bbox 493 3027 602 3091; x_wconf 89' lang='lat' dir='ltr'><strong>anima</strong></span> <span class='ocrx_word' id='word_1_245' title='bbox 616 3025 816 3093; x_wconf 88' lang='lat' dir='ltr'><strong>admittenda</strong></span> <span class='ocrx_word' id='word_1_246' title='bbox 838 3036 897 3103; x_wconf 93' lang='lat' dir='ltr'><strong>est,</strong></span> <span class='ocrx_word' id='word_1_247' title='bbox 921 3023 1085 3111; x_wconf 85' lang='lat' dir='ltr'><strong>siquidem</strong></span> <span class='ocrx_word' id='word_1_248' title='bbox 1107 3027 1158 3108; x_wconf 93' lang='lat' dir='ltr'><strong>ip·</strong></span> 
     </span>
    </p>
   </div>
   <div class='ocr_carea' id='block_1_6' title="bbox 419 3179 769 3198">
    <p class='ocr_par' dir='ltr' id='par_1_10' title="bbox 419 3179 769 3198">
     <span class='ocr_line' id='line_1_36' title="bbox 419 3179 769 3198; baseline 0.003 -5"><span class='ocrx_word' id='word_1_249' title='bbox 419 3179 769 3198; x_wconf 54' lang='lat' dir='ltr'><strong>m</strong></span> 
     </span>
    </p>
   </div>
   <div class='ocr_carea' id='block_1_7' title="bbox 89 3261 1160 3691">
    <p class='ocr_par' dir='ltr' id='par_1_11' title="bbox 89 3261 1160 3542">
     <span class='ocr_line' id='line_1_37' title="bbox 127 3261 1160 3328; baseline -0.001 -13"><span class='ocrx_word' id='word_1_250' title='bbox 127 3265 135 3301; x_wconf 84' lang='lat'><strong>¹</strong></span> <span class='ocrx_word' id='word_1_251' title='bbox 159 3285 168 3310; x_wconf 85' lang='grc' dir='ltr'>ι</span> <span class='ocrx_word' id='word_1_252' title='bbox 191 3261 268 3316; x_wconf 83' lang='lat' dir='ltr'><strong>Ratio</strong></span> <span class='ocrx_word' id='word_1_253' title='bbox 285 3266 428 3328; x_wconf 75' lang='lat' dir='ltr'><strong>superior,</strong></span> <span class='ocrx_word' id='word_1_254' title='bbox 449 3265 537 3328; x_wconf 87' lang='lat' dir='ltr'><strong>iuquit</strong></span> <span class='ocrx_word' id='word_1_255' title='bbox 555 3279 577 3314; x_wconf 83' lang='lat' dir='ltr'><strong>s.</strong></span> <span class='ocrx_word' id='word_1_256' title='bbox 599 3261 806 3325; x_wconf 79' lang='lat' dir='ltr'><strong>bonaventura,</strong></span> <span class='ocrx_word' id='word_1_257' title='bbox 826 3265 906 3315; x_wconf 87' lang='lat' dir='ltr'><strong>habet</strong></span> <span class='ocrx_word' id='word_1_258' title='bbox 924 3267 1045 3315; x_wconf 83' lang='lat' dir='ltr'><strong>indicere</strong></span> <span class='ocrx_word' id='word_1_259' title='bbox 1063 3277 1160 3315; x_wconf 72' lang='lat' dir='ltr'><strong>seeum</strong></span> 
     </span>
     <span class='ocr_line' id='line_1_38' title="bbox 89 3335 1158 3403; baseline -0.003 -14"><span class='ocrx_word' id='word_1_260' title='bbox 89 3341 152 3389; x_wconf 84' lang='lat' dir='ltr'><strong>dum</strong></span> <span class='ocrx_word' id='word_1_261' title='bbox 173 3339 258 3388; x_wconf 58' lang='lat' dir='ltr'><strong>umen</strong></span> <span class='ocrx_word' id='word_1_262' title='bbox 275 3342 412 3403; x_wconf 75' lang='lat' dir='ltr'><strong>proprium</strong></span> <span class='ocrx_word' id='word_1_263' title='bbox 434 3355 467 3396; x_wconf 70' lang='lat' dir='ltr'><strong>&#39;t</strong></span> <span class='ocrx_word' id='word_1_264' title='bbox 491 3339 523 3386; x_wconf 84' lang='lat' dir='ltr'><strong>In</strong></span> <span class='ocrx_word' id='word_1_265' title='bbox 543 3336 586 3388; x_wconf 83' lang='lat' dir='ltr'><strong>ttt.</strong></span> <span class='ocrx_word' id='word_1_266' title='bbox 609 3339 639 3387; x_wconf 85' lang='lat'><strong>11</strong></span> <span class='ocrx_word' id='word_1_267' title='bbox 655 3339 739 3396; x_wconf 71' lang='lat' dir='ltr'><strong>Sene,</strong></span> <span class='ocrx_word' id='word_1_268' title='bbox 760 3335 829 3388; x_wconf 78' lang='lat' dir='ltr'><strong>Det.</strong></span> <span class='ocrx_word' id='word_1_269' title='bbox 850 3335 955 3397; x_wconf 76' lang='lat' dir='ltr'><strong>xxiv,</strong></span> <span class='ocrx_word' id='word_1_270' title='bbox 976 3352 1004 3401; x_wconf 86' lang='lat' dir='ltr'><strong>p.</strong></span> <span class='ocrx_word' id='word_1_271' title='bbox 1024 3337 1061 3395; x_wconf 74' lang='lat'><strong>2,</strong></span> <span class='ocrx_word' id='word_1_272' title='bbox 1081 3350 1108 3386; x_wconf 83' lang='lat' dir='ltr'><strong>a.</strong></span> <span class='ocrx_word' id='word_1_273' title='bbox 1131 3339 1158 3397; x_wconf 89' lang='lat' dir='ltr'><strong>t,</strong></span> 
     </span>
     <span class='ocr_line' id='line_1_39' title="bbox 89 3405 1157 3474; baseline -0.003 -14"><span class='ocrx_word' id='word_1_274' title='bbox 89 3427 116 3474; x_wconf 84' lang='lat' dir='ltr'><strong>q.</strong></span> <span class='ocrx_word' id='word_1_275' title='bbox 139 3407 245 3460; x_wconf 77' lang='lat' dir='ltr'><strong>lrerol.</strong></span> <span class='ocrx_word' id='word_1_276' title='bbox 267 3405 304 3461; x_wconf 82' lang='lat' dir='ltr'><strong>Gi</strong></span> <span class='ocrx_word' id='word_1_277' title='bbox 318 3425 341 3461; x_wconf 80' lang='lat' dir='ltr'><strong>e.</strong></span> <span class='ocrx_word' id='word_1_278' title='bbox 363 3410 444 3474; x_wconf 66' lang='lat' dir='ltr'><strong>Aug,</strong></span> <span class='ocrx_word' id='word_1_279' title='bbox 468 3411 506 3460; x_wconf 88' lang='lat' dir='ltr'><strong>De</strong></span> <span class='ocrx_word' id='word_1_280' title='bbox 525 3412 608 3468; x_wconf 66' lang='lat' dir='ltr'><strong>Tria„</strong></span> <span class='ocrx_word' id='word_1_281' title='bbox 629 3410 677 3458; x_wconf 81' lang='lat' dir='ltr'><strong>lib.</strong></span> <span class='ocrx_word' id='word_1_282' title='bbox 698 3407 759 3470; x_wconf 86' lang='lat' dir='ltr'><strong>llll,</strong></span> <span class='ocrx_word' id='word_1_283' title='bbox 778 3425 804 3459; x_wconf 91' lang='lat' dir='ltr'><strong>e.</strong></span> <span class='ocrx_word' id='word_1_284' title='bbox 827 3411 853 3469; x_wconf 81' lang='lat' dir='ltr'><strong>t,</strong></span> <span class='ocrx_word' id='word_1_285' title='bbox 874 3423 902 3460; x_wconf 93' lang='lat' dir='ltr'><strong>u.</strong></span> <span class='ocrx_word' id='word_1_286' title='bbox 924 3409 968 3470; x_wconf 71' lang='lat'><strong>¹²5</strong></span> <span class='ocrx_word' id='word_1_287' title='bbox 992 3409 1157 3460; x_wconf 71' lang='lat' dir='ltr'><strong>Delibero.</strong></span> 
     </span>
     <span class='ocr_line' id='line_1_40' title="bbox 91 3479 562 3542; baseline -0.002 -10"><span class='ocrx_word' id='word_1_288' title='bbox 91 3484 137 3533; x_wconf 91' lang='lat' dir='ltr'><strong>lib.</strong></span> <span class='ocrx_word' id='word_1_289' title='bbox 160 3479 193 3542; x_wconf 83' lang='lat' dir='ltr'><strong>ll,</strong></span> <span class='ocrx_word' id='word_1_290' title='bbox 213 3496 239 3531; x_wconf 93' lang='lat' dir='ltr'><strong>c.</strong></span> <span class='ocrx_word' id='word_1_291' title='bbox 262 3483 305 3541; x_wconf 79' lang='lat'><strong>¹0,</strong></span> <span class='ocrx_word' id='word_1_292' title='bbox 327 3497 357 3533; x_wconf 85' lang='lat' dir='ltr'><strong>u.</strong></span> <span class='ocrx_word' id='word_1_293' title='bbox 377 3483 422 3540; x_wconf 64' lang='lat'><strong>28,</strong></span> <span class='ocrx_word' id='word_1_294' title='bbox 442 3489 469 3533; x_wconf 88' lang='lat' dir='ltr'><strong>et</strong></span> <span class='ocrx_word' id='word_1_295' title='bbox 489 3482 562 3532; x_wconf 84' lang='lat' dir='ltr'><strong>alibi.</strong></span> 
     </span>
    </p>

    <p class='ocr_par' dir='ltr' id='par_1_12' title="bbox 125 3553 818 3617">
     <span class='ocr_line' id='line_1_41' title="bbox 125 3553 818 3617; baseline -0.001 -13"><span class='ocrx_word' id='word_1_296' title='bbox 125 3555 137 3591; x_wconf 89' lang='lat'><strong>²</strong></span> <span class='ocrx_word' id='word_1_297' title='bbox 155 3557 273 3617; x_wconf 60' lang='lat' dir='ltr'><strong>brepm,</strong></span> <span class='ocrx_word' id='word_1_298' title='bbox 296 3555 365 3606; x_wconf 73' lang='lat' dir='ltr'><strong>eres.</strong></span> <span class='ocrx_word' id='word_1_299' title='bbox 386 3555 402 3605; x_wconf 76' lang='lat' dir='ltr'><strong>e</strong></span> <span class='ocrx_word' id='word_1_300' title='bbox 422 3557 445 3605; x_wconf 88' lang='lat' dir='ltr'><strong>la</strong></span> <span class='ocrx_word' id='word_1_301' title='bbox 468 3557 495 3605; x_wconf 73' lang='grc' dir='ltr'><strong>1ο</strong></span> <span class='ocrx_word' id='word_1_302' title='bbox 513 3554 590 3614; x_wconf 79' lang='lat' dir='ltr'><strong>edit,</strong></span> <span class='ocrx_word' id='word_1_303' title='bbox 612 3569 639 3616; x_wconf 89' lang='lat' dir='ltr'><strong>p.</strong></span> <span class='ocrx_word' id='word_1_304' title='bbox 660 3553 707 3613; x_wconf 84' lang='grc'><strong>36,</strong></span> <span class='ocrx_word' id='word_1_305' title='bbox 726 3560 754 3604; x_wconf 88' lang='lat' dir='ltr'><strong>et</strong></span> <span class='ocrx_word' id='word_1_306' title='bbox 773 3555 818 3604; x_wconf 83' lang='lat'><strong>37.</strong></span> 
     </span>
    </p>

    <p class='ocr_par' dir='ltr' id='par_1_13' title="bbox 126 3622 1158 3691">
     <span class='ocr_line' id='line_1_42' title="bbox 126 3622 1158 3691; baseline -0.005 -13"><span class='ocrx_word' id='word_1_307' title='bbox 126 3627 137 3663; x_wconf 75' lang='lat'>³</span> <span class='ocrx_word' id='word_1_308' title='bbox 157 3622 193 3678; x_wconf 83' lang='lat' dir='ltr'><strong>Cr</strong></span> <span class='ocrx_word' id='word_1_309' title='bbox 209 3639 236 3689; x_wconf 86' lang='lat' dir='ltr'><strong>p.</strong></span> <span class='ocrx_word' id='word_1_310' title='bbox 254 3626 377 3677; x_wconf 70' lang='lat' dir='ltr'><strong>libb-⁶</strong></span> <span class='ocrx_word' id='word_1_311' title='bbox 392 3622 427 3680; x_wconf 79' lang='lat' dir='ltr'><strong>Cr</strong></span> <span class='ocrx_word' id='word_1_312' title='bbox 436 3644 458 3680; x_wconf 84' lang='lat' dir='ltr'><strong>s.</strong></span> <span class='ocrx_word' id='word_1_313' title='bbox 474 3625 555 3691; x_wconf 65' lang='lat' dir='ltr'><strong>bug„</strong></span> <span class='ocrx_word' id='word_1_314' title='bbox 572 3629 609 3678; x_wconf 82' lang='lat' dir='ltr'><strong>De</strong></span> <span class='ocrx_word' id='word_1_315' title='bbox 624 3628 707 3686; x_wconf 71' lang='lat' dir='ltr'><strong>itio,</strong></span> <span class='ocrx_word' id='word_1_316' title='bbox 722 3626 769 3678; x_wconf 85' lang='lat' dir='ltr'><strong>lib.</strong></span> <span class='ocrx_word' id='word_1_317' title='bbox 786 3623 844 3686; x_wconf 86' lang='lat' dir='ltr'><strong>llll,</strong></span> <span class='ocrx_word' id='word_1_318' title='bbox 860 3641 885 3676; x_wconf 90' lang='lat' dir='ltr'><strong>e.</strong></span> <span class='ocrx_word' id='word_1_319' title='bbox 902 3627 928 3685; x_wconf 82' lang='lat'><strong>7,</strong></span> <span class='ocrx_word' id='word_1_320' title='bbox 943 3640 969 3676; x_wconf 88' lang='lat' dir='ltr'><strong>n.</strong></span> <span class='ocrx_word' id='word_1_321' title='bbox 986 3625 1027 3688; x_wconf 68' lang='lat' dir='ltr'><strong>te,</strong></span> <span class='ocrx_word' id='word_1_322' title='bbox 1041 3629 1069 3676; x_wconf 89' lang='lat' dir='ltr'><strong>et</strong></span> <span class='ocrx_word' id='word_1_323' title='bbox 1083 3624 1158 3677; x_wconf 78' lang='lat' dir='ltr'><strong>alibi.</strong></span> 
     </span>
    </p>
   </div>
   <div class='ocr_carea' id='block_1_8' title="bbox 0 0 1246 3909">
    <p class='ocr_par' dir='ltr' id='par_1_14' title="bbox 0 0 1246 3909">
     <span class='ocr_line' id='line_1_43' title="bbox 0 0 1246 3909; baseline 0 0"><span class='ocrx_word' id='word_1_324' title='bbox 0 0 1246 3909; x_wconf 95' lang='lat' dir='ltr'><strong> </strong></span> 
     </span>
    </p>
   </div>
  </div>
 </body>
</html>
