2475 3909
151 186 211 256 162
528 209 763 260 nassamones

148 295 219 362 181.
244 293 340 379 Prop.
364 291 410 361 3¹.
435 297 579 363 Actiones
600 299 772 364 intellectus
801 309 960 385 tamquam
988 297 1178 364 tentationes

108 386 336 441 transmutatae
357 376 464 442 haberi
484 393 648 464 nequeunt.

148 457 318 523 Probatur.
343 459 513 536 attentio,
537 460 718 538 iudicium,
741 462 963 539 ratiocinatio,
986 473 1178 545 ceteraeque

105 540 248 606 actiones
271 540 486 606 intellectione
509 553 673 627 tamquam
688 543 880 608 sensatianis
895 545 1178 610 transmutationes

105 639 164 684 nec
185 642 277 700 esse,
299 643 358 688 nec
382 623 517 707 intelligi
547 635 681 708 pessunt
702 627 771 691 sine
794 625 904 708 aliqua
929 627 958 688 vi
981 627 1111 703 activa,
1132 647 1176 691 ex

104 720 169 784 qua
191 706 389 768 sensationes
413 716 679 772 transmutentur.
702 706 801 792 Atqui
823 705 1010 770 huiusmodi
1030 708 1077 771 ris
1096 709 1176 773 acti·

104 803 142 845 va
167 786 201 847 in
224 785 462 852 sensationihus
485 809 547 850 non
572 788 747 865 invenitur,
770 790 847 874 quia
869 788 941 863 hae,
959 789 1028 872 ipso
1042 787 1175 853 Cssndil-

102 863 194 929 lacha
216 866 364 944 decente,
381 880 455 933 sunt
469 872 674 952 operationes
694 872 842 964 passivae
863 871 1002 934 animae.
1023 871 1112 954 Ergo
1126 882 1174 934 at-

102 947 215 1024 tentio,
240 948 409 1026 iudicium,
433 961 625 1036 ceteraeque
647 951 833 1016 huiusmodi
854 951 998 1016 actiones
1015 960 1175 1016 transmu-

103 1028 239 1094 tationes
260 1032 452 1098 sensatinnis
474 1054 542 1098 csse
563 1044 730 1118 nequeunt
746 1033 769 1096 ¹.

537 1173 675 1240 CAPVT
697 1176 737 1239 l'.

394 1305 438 1371 lle
460 1307 676 1373 tacutaunus
697 1307 877 1390 appetendi

140 1436 208 1502 185.
232 1435 371 1500 Nomine
392 1440 550 1520 appetitus
573 1437 783 1522 designantur
806 1435 881 1501 illae
897 1437 1078 1516 facultates,
1093 1441 1170 1524 qui-

98 1515 157 1582 hus
178 1519 284 1582 anima
308 1517 408 1582 tendit
428 1519 468 1582 ad
491 1540 543 1582 res
565 1540 673 1595 sensu,
690 1521 738 1584 vel
756 1518 920 1584 intellectu
936 1521 1167 1606 apprehensas,

98 1600 146 1665 vel
169 1621 223 1663 eas
246 1599 352 1685 fugit,
376 1611 474 1684 prout
494 1602 653 1665 rationem
677 1600 771 1678 honi,
795 1602 844 1665 vel
868 1601 945 1666 mali
970 1602 1089 1666 inillis
1110 1601 1168 1668 de·

96 1681 277 1764 prehendit.
302 1683 386 1747 llinc
408 1693 578 1767 postquam
594 1682 765 1747 facultates
785 1682 1002 1767 cognoscendi
1016 1683 1168 1768 explora-

93 1764 214 1842 vimus,
236 1763 317 1828 ordo
339 1765 385 1829 rei
411 1763 605 1849 expostulat,
629 1777 666 1830 ut
688 1763 857 1830 facultates
879 1764 1052 1849 appetendi
1075 1766 1167 1831 inve·

94 1847 263 1930 stigemus.

287 1969 469 2023 Auel—De
489 1973 609 2036 appetitu
630 1974 656 2022 tn
676 1974 829 2022 universnm
849 1975 970 2035 spectata

135 2077 203 2144 186.
228 2079 391 2223 Appetitas
412 2099 430 2141 a
455 2098 481 2140 a.
506 2076 629 2141 Thema
653 2074 827 2142 definitur:
852 2100 869 2138 a
892 2075 1066 2141 lnclinatio
1088 2079 1161 2156 rei,

90 2173 123 2227 et
144 2157 224 2226 orde
247 2182 264 2224 a
309 2159 452 2243 aliquam
473 2180 542 2222 rem
569 2157 634 2222 sihi
662 2158 934 2223 convenientem²
959 2181 990 2233 o,
1013 2160 1082 2224 sive
1105 2159 1162 2224 illa

92 2244 278 2329 propensio,
301 2262 366 2325 qua
388 2261 441 2304 res
462 2239 501 2303 ad
525 2239 659 2316 hautun,
683 2239 767 2306 idest
781 2239 821 2304 ad
839 2239 1072 2324 perfectionem
1094 2241 1160 2307 sihi

90 2331 336 2390 consentaneam
368 2320 601 2406 assequendam
635 2322 797 2386 nituntur.
820 2321 857 2385 ln
878 2343 942 2406 qna
970 2319 1160 2387 delinitione

90 2403 270 2472 includitur
290 2403 389 2469 etiam
411 2403 498 2486 suqa,
520 2403 589 2468 sive
611 2405 764 2468 aversatio
779 2424 798 2466 a
812 2402 911 2480 malo,
934 2404 1012 2488 quin
1033 2423 1084 2468 res
1099 2424 1159 2489 per

89 2489 177 2554 idem
200 2486 423 2605 principium,
446 2506 511 2570 quo
545 2483 667 2551 honum
700 2494 878 2571 appetunt,
913 2485 1036 2549 malum
1068 2505 1159 2552 aver·

86 2577 201 2635 santur
232 2619 238 2632 .

130 2651 199 2717 187.
223 2649 287 2715 llic
309 2670 442 2714 monere
464 2658 607 2735 praestat
622 2646 796 2732 aliquanda
811 2648 922 2743 appeti
937 2648 1073 2724 malum,
1089 2669 1156 2714 non

87 2743 192 2797 tamen
215 2731 273 2797 suh
296 2733 421 2796 ratione
444 2730 548 2806 mali,
571 2728 625 2794 sed
648 2729 812 2805 indirecte,
834 2752 903 2795 sive
923 2749 981 2813 per
1002 2729 1156 2808 accidens,

86 2835 215 2900 nempe,
239 2823 274 2879 ut
296 2814 405 2896 inquit
426 2834 451 2877 s.
476 2812 626 2887 Thomas,
642 2836 660 2874 a
675 2822 836 2907 quatenus
850 2811 986 2889 honum,
1001 2832 1076 2876 cnm
1090 2833 1157 2897 quo

84 2897 297 2982 coniungitur
319 2895 454 2971 malum,
470 2894 574 2980 magis
588 2904 767 2978 appetitur,
790 2914 890 2977 qnam
911 2893 1046 2970 honum,
1066 2893 1157 2979 quad

84 2979 235 3065 privatur
258 2996 315 3061 per
337 2977 486 3040 malum⁴
510 2999 540 3039 a.
564 2977 603 3042 Ε.
630 2997 675 3060 g.,
699 2975 749 3041 leo
771 2975 923 3041 occidens
950 2997 1082 3042 cervum
1106 2975 1157 3040 in·

85 3061 187 3127 tendit
207 3059 330 3135 cihunr,
354 3080 428 3123 cum
452 3079 517 3142 quo
539 3057 752 3144 coniungitur
773 3059 895 3124 occisio
916 3058 1077 3122 animalis.

130 3146 198 3214 188.
225 3145 293 3208 lam
316 3141 504 3226 appetitus,
528 3149 688 3226 quatenus
716 3140 886 3206 constituit
912 3138 1076 3225 quoddam
1099 3159 1157 3235 ge·

82 3247 143 3291 nus
165 3224 359 3313 specialium
382 3223 592 3300 facultatum,
615 3221 740 3288 dicitur
759 3221 886 3286 elicitus
902 3270 910 3300 ,
929 3242 998 3368 quo
1021 3241 1154 3286 nomine

80 3305 298 3394 distinguitur
319 3303 359 3368 ab
382 3307 527 3390 appetitu
549 3304 735 3388 simpliciter
755 3303 908 3370 uuurofi.
961 3304 1105 3390 ppetitus
1124 3325 1155 3365 e-

444 3443 611 3453 ausam-n..-
636 3441 770 3451 ...m—-

116 3521 124 3556 ¹
146 3513 182 3568 Cf
197 3514 326 3575 llasmlnl,
348 3515 428 3565 Breve
446 3514 607 3576 espostzloae
626 3511 695 3562 detto
712 3511 823 3577 filosofla
841 3513 868 3562 dl
886 3513 925 3566 ff·
945 3513 1031 3574 Gtota,
1051 3510 1131 3582 ¹¹·'.⁴·

114 3591 126 3626 ²
146 3593 194 3654 (lq.
215 3591 313 3652 dtspp..
337 3590 374 3638 De
399 3589 469 3638 l'er..
491 3601 517 3648 q.
539 3581 627 3642 XXV,
646 3598 673 3634 a.
696 3583 706 3631 l
730 3598 756 3634 a.

115 3658 180 3714 ³Cl
197 3665 281 3714 torar.
304 3661 391 3720 Geren,
413 3659 459 3709 lib.
481 3653 528 3718 lll,
548 3671 574 3707 a.
596 3657 624 3718 3,
645 3671 672 3707 a.
694 3657 721 3707 t.
736 3653 797 3695 -l
818 3653 839 3716 l,
859 3671 888 3722 q.
909 3651 981 3720 xlx,
1001 3670 1028 3707 a.
1049 3655 1065 3705 9
1083 3671 1111 3715 c.
