2475 3909
463 206 717 257 carrnnrococm
1024 186 1085 250 235

59 300 122 357 tur.
146 289 235 438 Erpo
257 300 387 377 oportet
416 292 605 357 memoriam
635 302 690 356 aut
713 298 876 372 tamquam
901 307 958 373 pcr
979 308 1011 351 se
1034 310 1128 354 vere·

59 394 130 437 cem
152 373 191 437 ha
214 395 282 450 ere,
306 381 363 438 aut
385 374 495 437 auimo
516 374 678 457 denegare
693 372 716 434 ¹.

97 456 150 519 70.
174 456 360 533 Praeterea,
383 475 442 518 nos
464 464 622 539 potestate
646 452 805 541 pollemus
826 447 1031 514 discernendi
1057 473 1128 532 per-

59 536 248 620 ceptiones,
270 557 351 621 quas
373 557 408 599 re
433 536 503 622 ipsa
529 535 720 609 habuimus,
744 531 784 595 ah
807 534 863 609 iis,
888 553 972 616 quae
993 530 1127 600 fictitiae

60 628 146 693 sunt;
169 639 243 682 nam
267 619 396 703 quoties
422 636 579 682 conamur
600 615 741 701 aliquid,
765 615 860 679 cuius
887 614 981 681 obiiti
1004 635 1126 693 sumna,

59 696 250 777 recordari,
274 700 398 783 species
419 719 551 773 rerum,
574 718 659 784 quac
682 696 776 763 uobis
803 717 870 760 sese
892 696 1053 774 oiierunt,
1078 719 1129 763 re-

60 779 227 862 spuimus,
251 780 353 845 donec
375 780 446 857 iiia,
469 800 569 863 quarn
589 780 795 864 quaerimus,
819 777 913 843 nohis
935 780 1127 844 occurrerit.

61 861 162 945 Atqui
191 871 351 945 potestas,
378 883 443 946 qua
465 864 553 927 reaie
580 883 600 926 a
621 860 735 926 fictitio
764 859 985 937 discernitur,
1007 868 1056 925 est
1078 882 1131 925 ve-

60 962 134 1007 rax.
157 942 319 1061 quoria
340 944 463 1028 igitur,
492 964 576 1028 quae
603 953 652 1007 est
671 940 858 1007 huiusmodi
892 950 1056 1026 potestas,
1078 963 1130 1009 ve-

61 1043 122 1087 rax
144 1032 192 1089 est
222 1072 229 1089 .

265 1149 332 1199 har.
349 1145 382 1197 ΙΙ.
394 1144 587 1199 -Nonnuitao
606 1150 769 1199 obtortiones
789 1150 926 1200 diluuntur

101 1262 155 1327 71.
177 1258 286 1325 Ohiic.
309 1260 397 1323 Nihii
430 1260 635 1346 frequentius
667 1258 820 1335 auditur,
844 1281 942 1344 quam
970 1266 1133 1329 memoria

62 1367 123 1410 nos
145 1340 264 1426 decipi.
289 1343 376 1423 Ergo
399 1344 555 1406 memoria
583 1364 647 1406 non
669 1353 718 1407 est
740 1343 911 1407 criterium
935 1346 1014 1409 veri.

104 1426 157 1491 72.
181 1424 299 1509 Resp,
322 1424 403 1487 Dist.
432 1434 520 1499 ont„
543 1422 690 1507 eoquod
713 1444 808 1509 saepe
831 1424 1058 1489 obliviscimur
1078 1448 1134 1492 eo-

64 1530 153 1582 rum,
175 1526 258 1589 quae
280 1517 375 1570 antea
396 1506 621 1603 cognovimus,
646 1526 728 1568 conc.
749 1518 826 1582 ann,
851 1527 890 1569 eo
912 1506 997 1589 quod
1021 1529 1134 1573 revera

65 1611 129 1654 non
159 1585 331 1652 habuimus
358 1608 396 1651 co
445 1587 585 1665 itiones,
608 1607 689 1672 quas
712 1588 868 1653 memoria
891 1590 1061 1675 perspicuo
1085 1612 1133 1654 re·

66 1681 172 1746 vocat,
194 1688 261 1751 neq.
285 1680 348 1731 ont.
407 1688 452 1750 eq.
481 1690 564 1732 cons.
589 1670 620 1735 Si
646 1690 697 1733 res
720 1668 897 1755 diiigenter
918 1670 1132 1756 expendatur,

66 1750 163 1817 facilc
185 1751 400 1835 perspicietur
422 1751 569 1816 homines
588 1751 688 1815 huius
703 1751 751 1814 rei
768 1752 974 1837 potissimum
997 1774 1136 1837 conque-

67 1836 108 1912 ri,
131 1831 219 1929 quod
243 1832 368 1896 nonnisi
399 1852 503 1919 pauca
529 1853 663 1910 eorum,
688 1854 772 1915 quae
795 1832 989 1909 didicerunt,
1011 1837 1045 1899 in
1070 1857 1139 1900 me·

68 1934 207 1979 moriam
230 1934 383 1978 revocare
413 1924 569 1999 possunt,
596 1936 660 1978 non
683 1914 769 1998 quod
793 1917 1017 1999 perceptiones
1039 1938 1138 1981 noras

66 2018 129 2082 pro
145 1996 330 2080 praeteritis
345 1996 521 2093 accipiunt.
542 1998 691 2060 lamvero
713 1995 792 2059 iiiud
809 2018 871 2061 non
893 2018 935 2060 ex
958 2000 1137 2063 memoriae

67 2081 165 2155 vitio,
186 2076 242 2142 sed
265 2099 308 2141 ex
330 2078 491 2142 iimitrhus
517 2080 620 2161 ipsius
647 2078 772 2151 oritur,
795 2082 851 2162 qui
874 2080 908 2143 in
930 2102 1026 2145 causa
1048 2091 1135 2157 sunt,

70 2183 130 2229 cur
152 2180 216 2223 non
238 2157 446 2223 recordemur
466 2162 623 2236 onmium,
646 2180 730 2243 quae
753 2160 940 2226 didicimus

108 2244 162 2308 73.
186 2241 263 2307 lust.
286 2240 385 2324 Atqui
408 2262 444 2305 re
468 2241 539 2324 ipsa
559 2240 708 2305 homines
729 2239 923 2327 quandoque
947 2254 1059 2328 putant
1081 2244 1138 2329 fig-

69 2333 180 2390 menta
201 2344 279 2387 suae
301 2323 487 2407 phantasiae
513 2343 583 2387 esse
611 2324 769 2408 imagines
792 2324 974 2404 factorum,
997 2347 1081 2410 quae
1104 2346 1140 2389 0·-

68 2406 130 2471 iim
153 2414 378 2491 perceperunt.
403 2405 503 2488 Ergo.

109 2488 164 2553 74.
187 2487 306 2571 Resp,
327 2487 408 2561 Dist.
431 2496 520 2559 coc,
544 2484 604 2549 hoc
631 2486 739 2551 evcnit
767 2508 864 2571 penes
885 2487 1032 2553 homines
1053 2490 1140 2554 haud

69 2570 124 2634 sui
148 2582 323 2652 compotes,
347 2588 432 2634 conc.
446 2579 529 2643 occ,
546 2565 632 2650 apud
653 2568 801 2633 homines
815 2571 867 2634 sui
882 2583 1056 2654 compotes,
1072 2592 1138 2654 neq.

68 2662 139 2715 ont.
163 2651 312 2727 Revera,
333 2647 607 2735 quemadmodum
634 2649 823 2715 Aristoteles
846 2653 911 2716 iam
938 2654 1142 2719 animadver-

72 2734 124 2811 tit,
148 2732 242 2809 iiiud,
257 2733 344 2817 quod
366 2729 460 2796 uobis
482 2730 658 2797 adversarii
680 2730 853 2807 obiiciunt,
875 2733 909 2796 in
931 2734 972 2797 iis
996 2734 1142 2813 quande·

71 2836 138 2899 que
160 2818 314 2895 occurrit,
337 2816 394 2901 qui
421 2814 574 2889 extasim,
598 2812 696 2889 idest,
719 2824 755 2878 nt
776 2814 920 2899 explicat
942 2836 966 2879 s.
991 2816 1142 2893 Thomas,

71 2896 288 2961 ‹alienationcm
309 2898 421 2962 mentis
442 2896 509 2980 pati
532 2895 635 2961 soient
650 2896 672 2957 ³.
698 2896 950 2962 «Phantasmata
971 2899 1070 2975 enim,
1095 2900 1143 2963 in-

73 2989 218 3065 terprete
241 2979 354 3047 eodem
375 2987 484 3044 sancto
511 2977 667 3051 Baetem,
689 2998 771 3075 quae
795 2979 842 3043 eis
863 2976 902 3043 de
925 2999 1008 3043 novo
1030 3002 1142 3045 occur-

73 3072 165 3138 runt,
181 3064 422 3138 existimantur,
438 3061 517 3124 acsi
533 3072 639 3127 essent
661 3059 846 3143 aliquorum
865 3062 960 3206 prius
984 3062 1144 3127 sactorum

72 3146 162 3211 acsi
186 3156 408 3210 memorentur
429 3141 496 3217 iiia,
522 3162 605 3226 quae
629 3162 807 3226 numquam
832 3143 861 3205 vi

73 3227 255 3293 diverunt*
272 3249 301 3288 n.
324 3227 391 3292 lam
415 3231 504 3311 patet
524 3226 592 3287 rim
614 3223 807 3289 facultatum
833 3225 962 3289 animae
990 3246 1053 3289 non
1075 3246 1143 3291 esse

73 3332 117 3375 ex
140 3312 183 3374 iis
205 3308 414 3384 metiendam,
429 3326 513 3391 quae
530 3306 664 3381 insanis,
686 3304 741 3369 sed
763 3326 847 3391 quae
871 3306 958 3372 sanis
981 3307 1142 3373 accidunt.

886 3155 993 3221 erunt,
1017 3155 1072 3209 aut
1086 3165 1144 3208 au-

114 3529 121 3563 ¹
144 3520 182 3575 Ci'
197 3538 219 3575 ε.
240 3521 321 3589 dup,
343 3520 385 3572 Da'
401 3525 485 3584 nin„
506 3525 552 3573 iih.
573 3522 621 3579 xi,
642 3540 667 3575 c.
689 3526 716 3585 8,
738 3542 765 3577 n.
789 3523 831 3576 13.

111 3598 124 3636 ²
144 3594 180 3649 Cf
195 3612 218 3647 s.
241 3596 322 3662 hug..
344 3598 430 3655 Ceut„
452 3597 497 3647 iih.
520 3594 554 3656 x,
575 3612 601 3647 c.
625 3598 668 3657 19,
690 3607 716 3651 h.
738 3600 783 3650 28.

112 3672 124 3708 ³
147 3673 178 3721 io
199 3667 282 3722 arten
305 3672 343 3723 De
362 3671 441 3722 ilem.
462 3679 485 3721 et
504 3673 588 3737 item„
610 3671 673 3723 ieet.
696 3669 801 3724 tlt-⁴
823 3673 886 3724 idid.
