2475 3909
127 147 186 210 1¹³2
519 164 721 213 coenonema

129 249 180 316 45.
204 247 317 332 Resp,
340 247 419 330 Nep.
442 269 524 314 cens.
549 249 677 316 Etenim
695 249 890 334 privatioad
905 252 1149 334 generationem

84 332 234 416 corporis
255 351 318 394 non
341 332 508 396 concurrit
528 342 693 426 tamquam
716 332 933 416 principium,
956 334 1042 417 qnod
1066 355 1152 397 eom-

85 415 180 497 ponit
202 409 258 488 id,
282 413 374 475 euius
402 420 451 476 est
472 413 697 496 principium,
722 435 837 499 nempe
865 424 1030 498 tamqnam
1052 435 1150 500 pars,

85 513 171 577 quae
195 496 303 578 ipsum
317 493 462 576 genitum
480 494 661 566 constituit;
676 493 732 558 sed
749 504 914 579 tamqnam
936 498 1151 593 principium,

86 594 103 636 a
149 595 192 638 uo
216 573 383 660 generatio
399 573 626 670 proficiscitur.
642 601 660 640 n
676 574 806 640 Dicitur
820 576 930 650 etiam,
947 590 1094 663 apposite
1108 577 1154 642 ait

86 675 112 719 s.
127 595 285 732 qfirornas,
308 655 506 741 principium
530 658 767 742 generationis,
791 677 809 719 a
829 678 898 753 quo
920 659 1038 746 incipit
1059 679 1153 755 gene-

86 739 184 814 ratio,
205 747 237 802 ct
257 738 317 802 hoc
339 737 436 802 modo
460 739 680 835 principium,
704 739 755 803 rei
778 740 911 805 initium
933 742 1152 825 generationis

86 829 134 885 ost
155 821 296 904 privatio
319 819 442 885 fornae
464 818 664 886 inducendae
687 822 699 860 ¹
721 843 751 885 a.

486 963 515 1030 C,
526 969 557 1030 Α
569 965 594 1030 Ρ
609 965 638 1032 V
653 963 678 1030 Τ
712 963 756 1030 IL

433 1101 478 1165 lie
499 1101 648 1166 essentia
667 1097 815 1182 corporis

128 1233 178 1297 dd.
204 1256 220 1293 n
244 1233 279 1296 ln
302 1230 402 1296 rebus
420 1231 609 1313 compositis
631 1252 674 1294 ex
696 1230 846 1305 materia,
868 1239 901 1295 et
922 1231 1039 1312 forma,
1061 1236 1153 1302 aits.

88 1313 241 1392 Thomas,
260 1314 402 1379 essentia
421 1312 583 1398 significat
597 1333 660 1375 non
674 1312 779 1376 scium
802 1309 959 1389 formem,
978 1335 1037 1380 nec
1051 1318 1156 1382 sointu

89 1396 271 1472 materiam,
293 1395 348 1461 sed
372 1397 589 1480 compositum
610 1415 654 1457 ex
675 1394 872 1468 materian
886 1393 990 1460 forma
1012 1417 1158 1463 comnm-

88 1475 134 1554 ni,
159 1488 255 1562 prout
288 1487 362 1542 sunt
394 1477 554 1561 principia
581 1475 730 1560 speeiei²
755 1499 784 1537 n.
806 1475 916 1550 Quare
942 1477 980 1541 ad
1005 1493 1157 1547 naturam

88 1561 234 1643 corporis
257 1556 499 1641 intelligendam
522 1558 599 1623 satis
622 1578 686 1622 non
707 1565 757 1621 est
777 1576 985 1640 cognoscere,
1008 1562 1090 1646 qnid
1113 1561 1159 1625 sit

90 1639 209 1717 forma,
225 1650 258 1706 et
278 1640 358 1725 quid
380 1641 423 1705 sit
444 1641 594 1714 materia,
614 1637 670 1703 sed
692 1658 886 1722 cognoscere
901 1643 1000 1707 etiarn
1015 1653 1157 1741 oportet,

89 1719 169 1805 qnid
191 1724 236 1788 sit
255 1743 386 1808 corpus,
407 1720 495 1807 quod
517 1744 558 1786 ex
581 1730 718 1805 utraque
738 1718 923 1799 condatur,
946 1725 1015 1788 sire
1038 1749 1071 1791 m
1093 1747 1160 1811 qno

91 1806 242 1870 consistat
257 1808 395 1880 essentia,
412 1825 470 1868 seu
493 1825 555 1866 esse
577 1802 736 1866 essentiale
756 1804 914 1886 corporis,
931 1805 1018 1892 quod
1043 1831 1084 1873 ex
1107 1829 1161 1873 co·

96 1884 260 1969 putatione
284 1885 408 1951 formae
430 1906 505 1950 cum
528 1886 664 1950 materia
687 1886 906 1950 constituitur.

262 2021 329 2073 dnn.
344 2019 365 2072 1.
378 2050 411 2058 —
425 2021 582 2084 Aliquorum
603 2019 824 2084 Philosophorum
843 2023 991 2072 sententiae

385 2095 418 2144 de
436 2096 554 2157 corporis
574 2095 689 2144 essentia
709 2095 869 2143 reiicinntur

133 2211 184 2275 47.
207 2208 347 2273 Lockius
368 2219 457 2274 ratus
479 2209 653 2273 essentiam
684 2210 832 2294 corporis
864 2209 1005 2293 positam
1033 2229 1103 2274 esse
1127 2213 1161 2276 in

93 2291 281 2358 collectione
305 2293 452 2356 omnium
474 2291 545 2355 eius
571 2291 831 2376 proprietatum,
854 2291 969 2357 statuit
989 2293 1163 2358 essentiam

97 2375 241 2461 corporis
263 2373 355 2438 nobis
379 2375 491 2452 intere,
514 2373 638 2458 quippe
665 2373 752 2456 quod
777 2394 840 2437 non
863 2393 975 2436 omnes
996 2373 1070 2438 eius
1090 2394 1164 2459 pro

116 2460 247 2525 rietates
270 2456 451 2542 exploratas
473 2453 631 2520 habemus
644 2456 667 2517 ⁸.
690 2454 868 2529 Cartesins,
890 2457 959 2530 eui,
981 2468 1112 2542 praeter
1133 2479 1165 2521 a·

93 2479 156 2605 dios
178 2541 309 2616 multos,
333 2537 624 2603 Maiebranchius⁶
645 2535 801 2614 adhaesit,
824 2544 998 2603 essentiam
1013 2542 1166 2624 eorporis

93 2623 128 2686 in
148 2623 233 2687 trina
261 2621 487 2696 dimensione,
510 2621 577 2682 siue
606 2620 796 2684 extensione
824 2620 933 2705 posuit
948 2621 970 2683 ⁵.
994 2619 1091 2685 niatu
1114 2643 1166 2685 re-

94 2716 201 2770 centes
223 2707 392 2769 essentiam
421 2703 569 2798 corporis
594 2701 630 2764 in
652 2723 690 2765 eo
712 2701 807 2766 sitam
828 2721 897 2765 esse
917 2701 1052 2778 uoinnt,
1075 2705 1166 2789 quod

95 2807 136 2850 cx
158 2785 343 2852 substantiis
365 2786 507 2873 physicis
528 2782 629 2848 veluti
653 2783 799 2868 partibus
826 2781 1020 2848 confletur⁸.
1043 2785 1166 2852 Lockii

497 2913 835 2925 ..---—--·--—-..·-..

135 2970 145 3008 ¹
166 2973 197 3022 ln
217 2972 262 3022 tte.
279 2974 290 3022 i
306 2973 388 3030 Sene,
408 2968 474 3022 Dist.
489 2970 522 3031 V,
543 2987 571 3036 g.
586 2970 633 3032 iii,
653 2987 680 3022 e.
701 2986 749 3022 un.
769 2974 818 3023 sot.
836 2971 935 3038 Quare,
953 2995 965 3021 ι
980 2983 1105 3028 monente
1121 2991 1171 3028 en·

98 3047 157 3096 dem
180 3051 273 3095 sancto
293 3042 417 3104 Doctore,
438 3047 550 3108 privatio
570 3046 669 3096 dicitnr
688 3047 848 3108 principium
866 3061 924 3098 esse
942 3048 1031 3109 tiendi,
1051 3051 1171 3102 sednon

99 3117 202 3169 essendi
225 3136 250 3176 ις
272 3119 320 3180 Qq.
340 3119 438 3180 etspp..
461 3121 498 3168 De
518 3121 590 3178 Poe,
608 3133 637 3182 q.
659 3116 705 3179 ili,
726 3131 753 3168 e.
776 3119 788 3167 i
809 3119 843 3169 ed
865 3119 907 3169 to.

137 3188 189 3250 ²1,
209 3205 237 3254 q.
259 3185 355 3247 XXIX,
375 3203 402 3238 a.
423 3189 438 3237 4
460 3189 492 3238 ad
513 3190 538 3240 3.

134 3261 145 3298 ³
164 3265 252 3314 Eureia
271 3268 337 3321 etc„
359 3260 405 3312 iib.
426 3259 473 3319 itt,
494 3277 520 3312 c.
542 3263 570 3321 6,
591 3269 605 3322 s
626 3262 672 3313 21.

134 3331 309 3386 innuerem
328 3338 394 3394 eto,
415 3330 521 3384 Entret.
546 3337 570 3384 i.

135 3405 146 3440 ⁵
165 3407 214 3454 Les
230 3409 362 3469 principer
380 3408 410 3456 de
428 3407 454 3455 lo
471 3407 550 3472 phil„
573 3413 642 3469 pert.
666 3407 691 3467 i,
711 3414 727 3470 s
746 3407 793 3458 53.

135 3474 147 3509 ⁰
166 3471 233 3525 Hinc
253 3479 280 3524 in
299 3479 390 3527 moitis
409 3478 593 3542 philosophiae
613 3481 823 3531 institutionibus
843 3494 940 3544 corpus
953 3481 1033 3546 rotgo
1044 3481 1174 3534 definitur

100 3545 138 3602 id,
159 3547 230 3605 quod
249 3561 281 3594 en
301 3549 419 3608 partibus
439 3556 555 3607 cunstat:
569 3553 746 3617 eamdemque
764 3566 824 3604 esse
842 3556 987 3619 compositi,
1007 3560 1035 3604 et
1053 3559 1176 3621 eorporis

100 3615 235 3665 notionem
255 3619 392 3669 asseritur.
