2475 3909
143 153 205 218 a'ro
448 167 635 216 rarescere
657 169 845 216 servastis

146 254 214 320 123.
231 253 355 318 Rursus
375 253 550 330 certitudo,
565 265 598 318 ct
622 253 839 318 infallibilitas
855 252 1022 318 scientiae
1040 251 1169 316 Divinae

105 337 294 402 futurorum
308 337 548 419 contingentiae
563 335 699 400 minime
717 335 832 401 obstat.
850 334 1056 418 Contingens
1078 339 1169 407 enin,

106 427 144 482 ut
163 439 238 482 cum
253 419 416 502 Aquinate
439 418 621 502 loquamur,
636 437 711 482 cum
732 439 750 481 a
772 418 852 494 Deo,
871 427 971 500 prout
986 429 1065 482 actu
1081 431 1129 482 est
1144 421 1172 481 ia

105 521 162 566 aue
177 499 450 584 praesentialitote,
465 521 504 566 co
548 510 689 576 oscatur,
704 501 751 564 sic
774 502 997 564 necessarium
1023 505 1086 563 erit
1106 523 1171 567 esse.

106 583 189 647 sicut
208 583 416 648 necessarium
442 593 483 646 eat
533 593 637 648 ortem
660 581 770 648 sedere
796 603 837 645 ex
864 581 936 656 hoc,
961 581 1054 679 quod
1076 583 1174 648 Sortes

107 665 207 728 sedere
229 665 363 730 uidetur.
386 666 456 730 lam
480 665 559 730 lraec
585 667 757 731 necessitas
781 666 1041 747 contingentiam
1070 686 1172 729 rerum

109 745 194 812 haud
216 746 312 822 tollit,
335 747 494 831 siquidem
515 767 579 812 non
601 759 649 812 est
671 749 842 812 necessitas
863 746 1016 822 obsolute,
1034 745 1092 810 sed
1112 771 1174 811 eor-

107 849 241 914 seqeerta,
257 849 321 924 qua
337 830 460 914 nempel
471 850 558 892 omne
579 831 662 913 quod
681 841 737 908 est,
753 829 825 892 dum
842 839 896 900 est,
912 850 1034 892 necesse
1050 840 1172 892 estesse.

107 910 229 986 Quare,
251 922 337 977 stcut
358 911 434 976 saec
456 912 655 987 enunciatio,
673 912 762 989 Quod
782 910 908 974 videtur
928 911 1046 988 sedere,
1066 931 1175 976 necesse

108 1001 152 1056 est
177 992 289 1068 sedere,
312 993 501 1078 accipienda
527 1002 576 1058 est
601 994 637 1057 ιἰι
662 1014 750 1058 sensu
772 994 947 1076 composito,
974 1014 1041 1057 non
1071 1007 1175 1058 autem

109 1075 144 1137 in
163 1096 254 1138 seusu
273 1075 386 1148 diviso,
401 1075 444 1138 ita
466 1074 545 1140 haec
560 1075 759 1151 enuncians,
777 1075 866 1153 Quod
887 1075 971 1138 neus
989 1077 1056 1140 ¹scit
1070 1076 1176 1158 flerim-

109 1156 198 1230 dum,
212 1156 295 1222 illud
314 1157 480 1221 necessarie
499 1159 549 1241 fiet
561 1157 585 1220 ⁴.
1215 1162 1217 1234 ζ

148 1238 219 1304 sut.
242 1238 370 1304 Exinde
392 1241 489 1304 etiam
512 1239 579 1317 illa,
595 1260 679 1324 quae
701 1239 735 1304 in
757 1239 900 1304 medium
922 1237 1075 1314 affertur,
1100 1238 1176 1304 dilis
1217 1278 1218 1282 =

109 1320 212 1386 cultas
232 1323 421 1396 extricatur,
444 1342 560 1406 nempe
580 1325 637 1407 qul
660 1321 731 1386 lieri
755 1332 870 1407 potest,
894 1330 929 1385 ut
948 1332 1176 1386 creaturarum

110 1402 264 1479 actiones,
279 1402 357 1468 dum
379 1425 398 1468 a
419 1401 489 1468 Deo
511 1405 576 1469 iam
599 1403 728 1470 futurae
751 1401 994 1488 praevidentur,
1008 1402 1079 1469 sint
1101 1402 1177 1467 libe-

109 1486 198 1550 rae⁸.
215 1487 297 1553 Sane
312 1484 422 1550 lutura
437 1507 455 1548 a
468 1483 537 1550 Deo
553 1487 712 1572 praevisa,
728 1496 764 1549 ut
779 1487 845 1549 iam
860 1484 1015 1561 diximus,
1030 1495 1064 1549 et
1079 1498 1177 1556 certo,

110 1578 143 1632 et
163 1567 394 1642 infallibiliter,
410 1589 475 1631 non
497 1577 604 1633 tamen
627 1569 808 1634 necessario
828 1567 914 1632 fient.
932 1591 949 1628 tt
963 1568 1059 1634 Sicut
1082 1579 1131 1644 tu,
1148 1583 1179 1633 ut

111 1671 137 1713 s.
148 1650 322 1734 Augustini
337 1648 434 1714 verba
447 1646 834 1726 adhibeamus‚memoria
847 1660 900 1713 tua
914 1669 978 1713 non
990 1649 1085 1734 cogis
1097 1649 1179 1715 lacta

111 1751 192 1803 esse,
214 1751 296 1815 quae
319 1732 580 1817 praeterierunt3
603 1733 649 1796 sic
670 1731 758 1797 Deus
783 1731 999 1818 praescientia
1027 1751 1089 1794 sua
1120 1754 1181 1795 non

111 1815 201 1898 cogit
225 1812 387 1890 iacienda,
409 1833 492 1898 quae
520 1813 632 1878 futura
660 1825 734 1880 sunt
749 1815 790 1876 ⁸».
806 1813 894 1890 Quin
923 1813 1023 1876 immo
1053 1822 1180 1878 tantum

112 1894 214 1967 abest,
236 1905 273 1960 ιιι
295 1895 507 1980 praescientia
527 1894 586 1961 Dei
609 1897 755 1982 imponat
775 1896 881 1961 causis
906 1893 1019 1958 liberis
1042 1897 1182 1960 necessi-

112 1987 222 2054 tatem,
245 1987 281 2042 ut
307 1979 415 2061 potius
436 1975 477 2042 ab
498 1979 568 2062 ipsa
589 1976 651 2043 Dei
674 1979 884 2064 praescientia
905 1987 1126 2042 conservetur
1148 1977 1181 2042 li·

113 2203 250 2268 lingentis,
265 2207 344 2266 prout
363 2207 424 2253 aunt
443 2203 468 2254 iu
488 2216 536 2252 suo
555 2215 624 2262 esse,
644 2203 713 2252 sieut
732 2215 790 2260 nos,
810 2203 855 2252 sed
875 2201 971 2252 simul:
985 2203 1051 2265 quia
1072 2217 1123 2256 sua
1140 2221 1184 2256 ce-

112 2278 194 2341 gnitio
213 2279 381 2326 mensuratur
398 2276 566 2332 aeternitate,
587 2277 657 2324 sieut
675 2277 756 2325 etiam
775 2289 853 2324 auum
872 2287 940 2322 esse.
962 2271 1117 2328 Aeternitas
1137 2293 1182 2329 au·

115 2344 1182 2412 tmwummmmmmfflmmoemmfflmmmfflmmm

114 2418 1181 2482 immwemfflmmmmwmmmfflmmmmnmffl

115 2507 168 2558 qua
188 2492 268 2542 habet
286 2495 401 2543 rationes
419 2506 508 2543 rerum
526 2493 596 2555 apud
616 2505 644 2542 ae
664 2497 827 2555 praesentes,
848 2495 877 2541 ut
895 2492 1004 2554 quidam
1018 2493 1125 2552 dicunt,
1140 2497 1183 2548 aed

115 2561 1183 2630 qmfflmmmmmmmwmmwmommmmwmmm

115 2636 350 2702 praesentialitate.
366 2637 437 2691 Unde
456 2637 627 2687 manifestum
646 2642 697 2697 cst,
718 2636 788 2700 quod
808 2639 986 2697 contingentia
1006 2642 1036 2686 et
1055 2639 1184 2690 tntatttst·

116 2712 211 2761 litera
232 2707 285 2760 Dee
305 2717 524 2774 cognoscuntur,
544 2711 571 2759 in
588 2715 720 2773 quantum
740 2709 887 2759 subduntur
905 2705 998 2758 Divino
1025 2715 1183 2775 conspectui

116 2781 264 2835 secundum
283 2795 358 2832 auam
380 2783 653 2847 praesentialitatem:
672 2788 700 2832 et
719 2787 809 2834 tamen
828 2786 889 2830 sunt
908 2779 996 2830 lutura
1024 2786 1183 2848 contingen·

117 2859 152 2906 tia
174 2855 229 2904 ruia
248 2855 336 2905 causis
355 2857 481 2919 proximis
500 2861 654 2918 comparata
672 2873 703 2914 r,
725 2853 745 2914 l,
766 2869 793 2918 q.
814 2850 886 2912 xtv,
906 2867 933 2902 a.
956 2853 989 2903 13
1008 2867 1035 2903 c.

153 2928 161 2964 ¹
182 2927 248 2978 illd.
270 2927 302 2977 ad
322 2925 350 2985 2,
369 2935 397 2978 et
417 2931 506 2980 contr.
527 2925 706 2986 timorist,
727 2942 753 2978 o.
774 2927 820 2978 et.

152 2997 255 3050 ²llaec
273 2998 414 3051 difficultas
434 3000 542 3064 paganis
561 2999 725 3063 philosophia
747 3004 819 3050 tanta
840 2999 894 3047 risa
914 2995 987 3054 luit,
1009 3003 1040 3047 ut
1060 3001 1184 3051 nonnulli

117 3077 256 3135 propterea
270 3071 406 3122 hominem
425 3073 538 3122 liberum
556 3085 614 3122 esse
633 3077 770 3136 negarent,
784 3077 893 3136 atquae
907 3073 1040 3120 contrario
1059 3074 1108 3122 alii
1122 3087 1184 3124 eum

118 3139 246 3198 Cicerone
265 3147 352 3208 potina
371 3143 417 3196 Det
437 3147 641 3209 praescientiam
662 3149 688 3194 in
707 3145 786 3195 dubio
806 3147 949 3207 ponerent,
971 3143 1007 3192 ita
1027 3149 1075 3204 nt,
1097 3149 1184 3196 aiente

118 3232 142 3268 a.
157 3215 304 3280 Augustino
322 3214 375 3285 (De
393 3221 447 3270 cte.
467 3219 524 3275 Dei,
545 3217 593 3267 lits.
614 3214 648 3274 v.
669 3231 695 3267 e.
715 3213 754 3286 9),
775 3219 837 3268 dom
860 3217 976 3265 tornines
994 3217 1128 3268 vetuerint
1142 3219 1185 3280 {e-

117 3304 174 3340 eere
192 3290 294 3348 ιιιονοι,
306 3290 414 3351 {wem
431 3291 579 3351 socrusque.
594 3287 731 3350 llamiron,
747 3289 890 3340 hodiernae
909 3284 1018 3336 scholae
1037 3291 1184 3341 eclectieae

120 3366 268 3418 patronus,
297 3361 404 3410 litorum
424 3362 499 3410 litem
518 3360 568 3411 hee
588 3361 666 3410 modo
694 3363 845 3424 componit:
867 3359 961 3409 Procul
978 3359 1054 3408 delio
1074 3371 1098 3412 et
1117 3365 1185 3412 um

116 3433 247 3489 maceret
263 3431 351 3492 Ῑιιιιινιι
368 3466 375 3488 ,
395 3439 418 3482 st
435 3434 511 3482 temo
535 3432 599 3481 liter
617 3439 670 3495 αις
689 3435 757 3484 Deua
774 3436 843 3484 enim
867 3446 921 3483 non
940 3437 1112 3492 praeuertit,
1132 3437 1184 3483 ⁸5⁸5

119 3511 160 3551 ea,
179 3512 243 3558 quea
261 3505 406 3552 necessarie
422 3504 512 3565 sutore
529 3510 598 3554 mat.
618 3501 686 3554 Mira
705 3518 780 3564 saue,
799 3509 827 3556 et
847 3515 953 3568 prorsus
970 3503 1101 3554 eotecum
1120 3519 1184 3555 eou-

39 3606 40 3609 ,
119 3561 236 3615 oillattet

156 3633 223 3684 *ιιι
242 3637 286 3687 te.
305 3641 376 3695 erle..
397 3641 443 3692 lib.
464 3641 512 3702 lll,
532 3658 558 3694 c.
578 3644 606 3703 l,
629 3660 655 3695 n.
681 3649 722 3700 ll.
