2475 3909
520 144 697 197 tuuscoctn
1037 126 1097 195 201

71 232 183 318 persio
204 232 328 298 ratione
348 233 532 312 relationis,
555 231 638 300 idest
659 232 783 299 ratione
805 250 906 296 nexus
926 230 1010 297 inter
1031 231 1140 299 suble

75 327 177 392 etum,
198 327 230 380 et
244 313 448 393 attributum,
471 337 603 403 nempe,
626 314 787 399 categoria
807 312 994 378 mistontioe
1014 324 1044 380 et
1058 316 1139 380 ocei-

74 397 178 462 elentis
200 394 306 482 quoad
329 396 384 461 illa
409 397 554 476 iudicia,
577 397 751 482 inquibus
777 394 966 463 attributum
991 396 1138 463 absolute

72 480 226 546 convenit
252 479 418 556 subiecto,
441 483 604 566 categoria
625 502 732 547 coasoe
754 488 786 545 et
805 476 926 565 effectes
951 478 1058 564 quoad
1080 480 1139 545 illa

75 561 214 638 iudicia,
231 562 264 625 in
279 562 399 648 quihus
414 562 607 628 attributum
628 562 689 628 suh
711 562 822 647 aliqua
841 559 1023 628 conditione
1038 581 1140 627 enun-

74 647 184 710 ciatur
204 643 244 708 de
265 644 429 721 subiect03
457 646 621 741 categoria
647 645 780 710 actionis
802 655 834 710 et
851 646 1009 727 passionis
1031 642 1139 729 quoad

74 726 145 803 illa,
170 724 338 811 inquibus
358 727 450 813 plura
470 726 624 794 attributa
640 728 682 792 ita
697 727 737 793 de
752 726 895 792 subiecto
909 730 1136 804 enuncientur,

73 820 122 886 ut,
146 830 211 874 uno
233 830 346 873 eorum
369 809 496 895 posito,
518 821 624 876 cetera
647 810 812 886 tollantur,
835 821 879 887 et,
901 810 1016 876 ceteris
1036 810 1139 875 omni·

73 890 134 955 hus
149 890 296 968 sublatis,
311 913 414 957 unum
433 892 595 979 reliquum
610 903 760 979 ponatur.
784 892 931 978 Denique
950 890 1051 975 [ονηια
1065 912 1138 977 pos-

76 972 240 1037 sibilitatis
261 986 293 1041 et
315 974 589 1059 impossibilitatis,
612 976 792 1039 existentiae
812 986 845 1041 et
870 975 1136 1050 nore-esisteretioe,

71 1055 265 1120 necessitatis
278 1067 310 1124 et
324 1058 544 1139 contingentiae
566 1058 691 1122 ratione
712 1057 913 1134 mortalitatis,
930 1059 996 1123 sive
1010 1058 1137 1121 ratione

72 1136 176 1215 modi,
199 1158 265 1223 quo
287 1137 479 1216 subiectum,
502 1149 534 1206 et
556 1140 746 1206 attributum
768 1138 807 1203 ad
830 1148 968 1204 mentem
995 1148 1137 1208 nostram

71 1220 275 1299 reseruntur,
289 1241 405 1306 nempe
421 1233 518 1307 prout
536 1242 707 1289 consensus
730 1222 815 1287 inter
836 1220 1030 1301 subiectum,
1045 1232 1078 1287 et
1092 1231 1138 1286 at·

71 1302 233 1367 tributum
255 1326 272 1368 a
294 1303 389 1367 nohis
409 1304 592 1390 concipitur
616 1304 666 1369 vel
689 1314 725 1370 ut
741 1302 921 1389 possibilis,
943 1304 994 1369 rel
1015 1316 1051 1370 ut
1071 1325 1138 1368 reo-

73 1386 128 1461 lis3
144 1394 178 1449 et
198 1403 314 1450 rursus·
333 1384 429 1451 realis
450 1385 500 1451 vel
522 1389 707 1471 contingens,
731 1386 778 1452 vel
800 1388 1001 1451 necessarias.
1024 1388 1137 1472 ltaque

71 1466 270 1544 intellectus,
286 1468 450 1560 applicans
470 1469 528 1534 has
548 1470 669 1535 formas
690 1467 754 1534 sibi
777 1469 979 1535 inhaerentes
1000 1468 1139 1535 elemen-

71 1551 115 1614 tis
130 1549 316 1628 sensilibus,
332 1548 458 1616 obiecta
473 1572 550 1617 snae
564 1551 756 1637 cognitionis
771 1550 835 1617 sihi
854 1550 1012 1617 efformet.
1028 1548 1137 1628 Quare

71 1652 125 1697 res
146 1652 165 1696 a
186 1630 281 1698 nohis
301 1642 540 1718 cognoscuntur
559 1654 621 1719 ope
645 1633 844 1699 iudiciorum
865 1634 1103 1719 syntieiieorssrn
1117 1656 1137 1695 o

65 1714 177 1797 priori
196 1716 220 1776 ¹.
245 1712 314 1780 Hoc
335 1716 464 1782 nomine
490 1736 529 1781 ea
555 1716 677 1781 iudicia
706 1715 936 1813 designantur,
961 1712 1137 1800 inquibus

71 1797 180 1863 anima
194 1817 299 1881 neque
313 1818 372 1884 per
385 1797 622 1883 experientiam
642 1806 807 1885 cognoscit
827 1795 1062 1883 praedicatum,
1081 1816 1137 1860 ne-

70 1898 136 1963 que
151 1880 187 1943 in
201 1878 329 1945 notione
350 1878 487 1945 subiecti
509 1879 590 1945 illud
613 1880 747 1966 detegit,
767 1878 822 1945 sed
844 1879 952 1945 haurit
973 1878 1081 1963 ipsum
1095 1896 1137 1941 ex

69 1959 262 2027 subiectiris
284 1959 421 2039 formis,
443 1962 610 2061 quaesibi
634 1961 820 2039 inhaerent,
842 1972 875 2027 et
895 1981 975 2046 quas
995 1981 1036 2025 ex
1058 1979 1137 2043 quo-

69 2042 147 2107 dam
168 2044 324 2110 instinctu
344 2052 500 2110 maternae
526 2066 602 2111 suae
624 2045 852 2130 cogitationis,
875 2042 942 2108 sive
968 2042 1136 2109 elementis

69 2123 248 2191 sensilibus
269 2125 422 2213 applicat.

110 2208 163 2272 22.
187 2206 395 2294 Philosophi,
418 2212 474 2294 qui
495 2210 654 2276 Kantium
676 2208 775 2273 secuti
800 2215 885 2284 sunt,
908 2208 980 2272 eius
1000 2216 1137 2294 systema

69 2290 269 2368 evolventes,
292 2290 473 2358 docuerunt
485 2291 644 2359 elementa
666 2290 860 2377 cognitionis
875 2288 915 2353 ab
928 2288 1067 2358 obiectis
1081 2308 1138 2354 ex.-

68 2383 121 2436 tra
142 2385 281 2438 mentem
309 2374 423 2459 positis
455 2373 630 2440 derivanda
659 2395 721 2440 non
748 2393 828 2438 esse.
852 2372 1006 2447 Quamvis
1028 2380 1135 2438 autem

66 2454 134 2539 ipsi
156 2454 346 2520 sententiam
368 2476 458 2521 suam
480 2453 615 2521 diversis
643 2453 747 2531 modis
770 2453 947 2542 explicent,
971 2466 1078 2520 tamen
1101 2454 1136 2517 in

67 2556 110 2599 eo
131 2538 356 2615 consentiunt,
378 2537 465 2623 quod
494 2539 637 2603 animam
660 2559 728 2603 esse
749 2560 827 2603 suae
849 2535 1042 2623 cognitionis
1063 2535 1136 2604 uni-

68 2637 141 2681 cam
164 2638 306 2695 causam,
323 2620 422 2693 immo
437 2640 514 2685 suae
536 2621 730 2705 cognitionis
745 2620 872 2686 obiecta
887 2618 947 2684 sibi
971 2628 1135 2685 construe-

67 2720 105 2764 re
127 2711 282 2766 statuunt.
302 2701 389 2767 luter
415 2722 470 2768 eos
491 2701 641 2769 Fictheus
662 2724 701 2769 eo
722 2701 863 2781 devenit,
880 2711 915 2768 ut
929 2702 1069 2769 animam
1092 2721 1135 2767 eu

67 2783 101 2846 ri
124 2782 186 2848 sihi
208 2785 304 2849 insita
325 2783 488 2853 obiectum
510 2782 727 2871 intelligibile,
746 2788 847 2851 immo
869 2786 1007 2870 seipsam
1021 2802 1134 2851 creare

67 2875 210 2948 putaret,

101 3124 111 3160 ¹
133 3121 284 3182 ludieiom,
304 3122 381 3173 ouius
399 3122 582 3183 praedicatum
602 3123 716 3185 pertinet
734 3122 767 3173 ad
786 3124 927 3175 essentiam
947 3125 1074 3181 snhiectl,
1096 3126 1134 3175 lta

65 3205 94 3247 nt
111 3194 258 3248 restituenti
270 3196 405 3245 notionem
418 3194 530 3245 subtecti
549 3195 621 3245 notio
641 3196 784 3257 praedicati
804 3202 939 3256 oeerrrrat,
959 3197 1056 3247 dicitnr
1068 3211 1135 3247 ono·

64 3264 220 3334 letiorem}
241 3268 375 3317 contrario
393 3266 490 3317 dicitnr
502 3268 669 3331 synthettesem
687 3268 752 3318 illud
767 3268 905 3325 iudicium,
925 3270 1001 3318 cuius
1020 3269 1134 3319 ettrlhu·

63 3347 122 3391 tom
142 3354 196 3396 noo
221 3342 335 3402 pertinet
359 3340 391 3389 ad
410 3343 553 3390 essentiam
580 3340 711 3399 subiecti,
731 3340 776 3390 sed
800 3342 824 3389 ei
845 3340 1038 3401 superadditur.
1061 3336 1133 3393 istud

49 3415 164 3465 dieitur
182 3429 199 3463 s
216 3415 366 3476 posteriori,
386 3414 448 3483 qnia
468 3413 496 3462 in
514 3426 546 3462 eo
565 3412 718 3474 adiungltur
737 3413 917 3475 praedicatum
938 3412 1056 3465 subiecto
1075 3421 1134 3480 post

65 3488 255 3549 coguitionem,
275 3498 356 3550 quem
376 3485 450 3535 nohis
468 3486 631 3548 experientia
657 3486 774 3547 praehet.
803 3482 869 3534 lllud
888 3486 985 3536 dieitur
1003 3502 1020 3536 o
1036 3490 1133 3551 priori,

64 3561 125 3623 qnia
146 3558 243 3610 relatio
261 3559 331 3609 inter
350 3558 544 3622 praedicatum,
563 3564 591 3610 et
610 3558 760 3611 subiectum
779 3570 810 3609 ex
830 3558 885 3623 ipsa
906 3559 1024 3613 idearum
1049 3559 1133 3617 eous·

65 3634 134 3685 tione
155 3632 279 3699 patescit,
