2475 3909
163 190 223 254 276
528 202 777 252 cerrenrococra

123 291 187 353 viru
211 289 368 353 maiorem
389 306 443 363 ea,
466 304 531 381 qua
553 288 622 370 ipsa
643 288 756 373 pollet,
779 286 904 372 largiri.
928 286 1016 371 Ergo
1037 286 1063 351 si
1087 289 1182 367 ratio,

121 372 234 436 Kantii
257 369 404 442 iudicio,
427 367 622 433 obrectivam
648 370 874 436 certitudinem
896 368 980 433 haud
1004 373 1105 457 parit,
1126 392 1183 435 ne·

123 475 211 519 cesse
234 463 294 525 cst,
315 463 351 516 ut
372 451 496 525 critica,
516 470 598 534 quae
621 453 693 517 eius
715 473 776 538 ope
799 452 993 527 instituitur,
1016 454 1184 518 certitudi-

121 557 163 599 ne
179 534 338 600 obiectiva
361 544 480 609 careat;
496 553 533 596 ac
548 534 685 619 proinde
707 534 905 599 conclusioni
930 534 1026 599 huius
1040 537 1181 613 critices,

122 640 187 704 qua
209 616 360 681 statuitur
386 626 517 680 naturas
543 636 654 680 rerum
681 617 773 682 nobis
800 636 934 701 prorsus
955 617 1072 693 latere,
1095 618 1184 683 uuila

122 701 174 764 ris
197 703 300 766 inesse
323 706 436 783 potest.
457 698 642 775 Praeterea,
664 700 818 764 abnorme
840 710 889 764 est
913 698 991 764 illud
1013 701 1182 765 criticismi

122 783 381 867 pronuntiatum,
396 801 460 865 quo
475 781 628 846 statuitur
642 784 800 847 rationem
816 782 991 867 practicam
1014 781 1108 847 nobis
1123 784 1186 847 lar·

124 862 188 949 girl
207 864 295 927 illam
310 862 502 927 obiectivam
520 864 738 947 cognitionem
753 885 874 940 rerum,
888 883 985 947 quam
999 866 1083 931 ratio
1099 864 1186 929 theo-

122 946 226 1010 retica
248 966 309 1029 sup
334 944 456 1009 editare
478 944 561 1008 haud
577 946 672 1011 valet.
688 946 837 1029 Namque
860 946 1081 1029 imperativum
1102 946 1187 1011 obso-

123 1028 225 1091 letum
246 1048 288 1091 ex
309 964 429 1092 dontio
443 1037 491 1091 est
511 1026 639 1109 suetum,
654 1026 740 1113 quod
762 1028 977 1092 conscientiae
999 1030 1187 1094 testimonio

122 1108 218 1173 uobis
240 1111 385 1195 patescit.
403 1108 435 1174 Si
452 1110 552 1193 igitur
565 1109 706 1175 Kantius
727 1109 909 1174 consentire
932 1109 993 1173 sibi
1016 1112 1107 1186 velit,
1125 1111 1185 1176 im-

122 1194 307 1275 perativum
339 1190 521 1256 absolutum
549 1192 857 1275 phaenomeuicum,
886 1192 1025 1277 ideoque
1052 1193 1187 1258 minime

124 1273 402 1339 accommodatum
424 1272 463 1335 ad
479 1272 675 1338 obiectivam
696 1274 915 1358 cognitionem
938 1296 1046 1339 rerum
1067 1273 1188 1359 produ-

124 1355 260 1419 cendam
283 1355 381 1421 lateri
402 1354 509 1419 debet.
534 1354 691 1431 Accedit,
713 1354 799 1440 quod
821 1357 906 1421 ratio
932 1358 1129 1434 theoretica,
1153 1369 1188 1422 et

122 1438 209 1503 ratio
232 1440 372 1524 practica
394 1446 559 1513 suntuna,
575 1437 753 1523 eademque
775 1436 911 1503 facultas
926 1440 950 1515 ¹,
962 1451 996 1506 et
1017 1439 1099 1503 ratio
1115 1461 1188 1525 pra-

124 1522 209 1584 ctica
235 1520 328 1584 nobis
354 1541 417 1584 non
445 1519 584 1604 largitur
610 1540 722 1585 rerum
743 1520 979 1603 cognitionem,
1002 1520 1055 1584 sed
1077 1523 1190 1607 cogni-

124 1602 247 1666 tionem
268 1610 486 1688 comparatam
508 1622 567 1685 per
588 1603 749 1667 rationem
765 1604 974 1668 theoreticam
995 1604 1132 1668 extendit
1147 1605 1188 1667 cd

124 1702 201 1767 opus
216 1686 240 1747 ¹.
263 1686 371 1763 Quare
393 1683 571 1749 absurdum
597 1694 646 1748 est
667 1685 787 1749 rationi
815 1686 977 1767 practicae
1003 1685 1092 1750 illem
1119 1686 1188 1750 rim

124 1766 324 1851 producendi
348 1765 538 1833 obiectivam
561 1765 789 1830 certitudinem
812 1765 1008 1845 attribuere,
1030 1788 1112 1854 quae
1137 1788 1191 1831 ra-

125 1849 210 1915 tioni
233 1852 426 1917 theoreticae
447 1848 635 1933 denegatur.

520 1973 702 2041 curvi
736 1972 795 2039 lx.

251 2101 368 2165 Utrum
388 2113 481 2163 mens
501 2096 640 2160 humana
660 2091 832 2157 moraliter
853 2093 1062 2159 considerata

418 2194 534 2242 rerum
553 2190 683 2259 semper
703 2179 899 2256 assequatur

236 2322 304 2375 har.
317 2320 338 2371 l.
351 2319 486 2371 -Statua
499 2318 661 2382 quaestionis
670 2317 823 2379 exponitur,
836 2322 864 2367 at
876 2332 938 2369 rara
951 2322 1082 2371 sententia

561 2392 760 2441 demonstratur

168 2509 237 2574 122.
255 2506 418 2569 Hactenus
432 2498 710 2584 investigavimus,
726 2497 806 2583 quid
820 2501 907 2565 vires
921 2502 1080 2568 humanae
1100 2524 1191 2568 meu-

126 2595 180 2667 tis,
205 2592 236 2655 in
258 2587 394 2673 seipsis,
418 2587 485 2647 sive
513 2581 646 2645 obsolute
673 2579 915 2660 consideratae,
938 2583 978 2648 ad
1004 2606 1115 2649 rerum
1137 2606 1193 2650 co-

128 2675 306 2761 gnitionem
327 2667 422 2734 nobis
452 2662 702 2750 comparandam
728 2664 867 2729 valeant.
895 2666 957 2732 Sed
983 2665 1192 2732 recolendum

127 2756 236 2820 animo
258 2764 317 2828 est,
340 2751 439 2816 menti
453 2748 610 2813 humanae
633 2746 734 2810 multa
748 2759 781 2812 et
796 2748 989 2814 intrinsecus
1005 2759 1042 2821 ¹et
1066 2750 1193 2814 extrin-

126 2856 220 2902 secus
242 2854 437 2907 occurrere,
459 2849 541 2914 quac
560 2828 693 2891 illarum
718 2829 839 2892 virium
859 2852 956 2895 usum
978 2852 1082 2917 neque
1109 2851 1193 2895 sem-

127 2941 188 3019 per
209 2926 326 2993 tutum,
341 2934 444 3012 ueque
460 2911 537 2976 satis
551 2907 741 2994 expeditum
754 2911 898 2978 efficiunt
916 2914 938 2975 ⁸.
953 2913 1081 2979 Etenim
1096 2932 1193 3000 prae-

124 3001 290 3069 iudicatae
312 2997 502 3081 opiniones,
525 3010 701 3076 quaecum
734 2990 814 3057 lacte
841 2993 1074 3072 combibimus,
1096 2994 1195 3060 rebe·

127 3095 251 3151 mentes
282 3080 468 3146 affectiones
500 3074 625 3151 animi,
646 3092 780 3138 coecum
801 3094 878 3161 erga
901 3078 1072 3162 magistros
1098 3075 1196 3142 obse-

126 3168 254 3253 quium,
270 3163 399 3247 aliaque
415 3159 448 3223 id
464 3176 564 3243 genus
578 3153 664 3221 haud
679 3176 755 3220 raro
769 3155 928 3222 iudicium
947 3160 1083 3225 rationis
1097 3180 1195 3244 prae-

125 3258 270 3322 vertunt;
284 3258 316 3312 et
329 3246 461 3329 insuper
483 3260 557 3303 cum
578 3239 844 3304 ratiocinationes
864 3240 945 3306 alias
965 3262 1007 3307 ex
1021 3241 1095 3305 aliis
1115 3262 1195 3306 cou-

127 3334 296 3408 nectimus,
313 3329 443 3393 evenire
465 3331 571 3409 potest
592 3332 628 3386 ut
649 3322 718 3385 sire
739 3320 781 3385 ob
807 3323 991 3389 attentionis
1011 3320 1193 3399 defectum,

126 3418 196 3480 sive
222 3411 264 3476 ob
296 3411 393 3475 aliam
419 3423 656 3493 quamcumque
688 3423 819 3470 causam
848 3425 940 3470 error
966 3404 1113 3483 formae,
1135 3418 1195 3472 aut

497 3544 845 3561 ἡ

162 3654 172 3690 ¹
193 3647 229 3703 (ll
246 3652 372 3715 Dpnom„
393 3660 418 3695 c.
440 3640 485 3699 lv,
506 3656 533 3692 a.
555 3637 598 3698 10,
619 3652 647 3701 p.
670 3639 861 3690 iomisit-²
880 3638 944 3691 lbid.

163 3720 229 3777 itit
244 3738 266 3774 s.
287 3718 394 3781 Thom„
416 3719 503 3769 contr.
524 3716 610 3772 (lant,
632 3711 678 3763 lib.
700 3710 720 3775 l,
741 3726 767 3762 c.
788 3713 815 3764 l.
