2475 3909
391 197 573 246 rnrnroura
599 199 786 254 narrantes
824 179 830 192 “
1024 181 1086 248 379

53 274 145 361 quit.
161 273 263 343 Porro
285 277 483 345 voluntatem
497 303 516 344 a
529 282 637 367 primo
660 290 796 358 motare,
813 298 928 363 nempe
943 298 961 342 a
976 277 1045 344 Deo
1061 300 1126 343 mo·

56 359 146 436 veri,
166 372 199 424 et
220 359 318 425 simul
339 359 474 426 liberam
495 383 564 427 esse
584 361 723 448 probant
744 384 785 427 ex
807 381 858 436 eo,
881 359 968 446 quod
991 359 1077 426 Deus
1091 381 1127 424 u-

56 442 309 527 numquodque,
331 454 428 526 prout
449 446 521 510 eius
541 456 657 510 natura
678 466 719 509 ex
743 442 883 518 ustulat,
909 453 1037 520 movet;
1061 461 1128 505 mo-

58 521 125 586 dus
139 536 247 589 autem
269 524 384 608 agendi
406 527 581 593 voluntatis
602 539 663 602 cst,
677 465 829 591 utiibera
852 526 895 592 sit
917 526 950 588 in
973 523 1127 589 electione

59 606 223 670 bonorum
246 606 504 692 particularium
519 608 669 675 voluntas
687 630 765 695 ergo
786 610 886 675 etiam
908 606 968 671 sub
982 625 1129 692 praemo-

60 691 152 754 tione
175 688 277 754 libere
296 704 462 773 operatur.
485 691 600 776 Neque
620 691 742 767 obstat,
764 687 850 776 quod
872 689 1018 754 voluntas
1040 707 1131 772 prac-

61 780 152 834 mota
171 771 264 856 sequi
285 769 403 837 debeat
422 772 518 852 illud,
540 772 579 836 ad
602 775 689 859 quod
712 781 963 858 praemonetur;
987 769 1021 834 id
1042 769 1132 834 enim

62 850 204 918 ostendit
217 853 349 938 quidem
361 853 499 919 Divinae
515 857 748 942 praemntionis
764 853 1041 928 infallibilitatem,
1054 852 1132 936 quia

62 934 126 1080 Ilpa
151 935 285 1002 intentio
306 936 443 1002 delicere
465 958 529 1002 non
552 949 669 1024 potest,
685 937 805 1010 nullam
822 955 896 1001 vero
911 935 1132 1000 necessitatem

63 1037 101 1082 ro
118 1027 179 1082 ert.

109 1097 142 1164 3⁰
164 1102 215 1165 Ex
236 1120 276 1166 eo
295 1100 382 1185 qaod
405 1099 492 1166 Deus
514 1103 642 1168 actione
664 1122 722 1167 sua
748 1103 781 1164 in
814 1096 992 1184 quamlibet
1022 1116 1134 1183 opera-

66 1181 190 1247 tionem
213 1194 380 1248 creaturae
402 1181 521 1257 inlluit‚
534 1196 648 1249 auctor
664 1185 786 1270 peccati
810 1179 974 1245 habendus
997 1200 1060 1243 non
1074 1189 1132 1252 est;

67 1285 163 1340 nam,
185 1276 222 1330 ut
241 1264 336 1331 docet
357 1287 382 1332 s.
399 1265 550 1341 Thomas,
566 1289 583 1326 a
598 1267 734 1332 allectus
755 1281 885 1328 caussae
901 1261 1060 1327 secundae
1083 1259 1136 1325 de-

68 1346 210 1412 licieutis
234 1348 402 1414 reducitur
427 1349 460 1410 in
488 1367 635 1412 caussam
665 1350 805 1432 primam
833 1367 895 1408 uon
917 1343 1134 1416 deficientem,

68 1439 227 1515 quantum
249 1429 290 1495 ad
314 1429 360 1505 id,
375 1428 461 1515 quod
484 1429 579 1494 hahet
600 1431 758 1501 entitatis,
774 1438 805 1493 et
829 1426 1050 1512 perfectionis,
1073 1447 1136 1492 non

69 1523 178 1608 autem
200 1522 357 1596 quantum
378 1510 418 1576 ad
443 1511 489 1587 id,
499 1512 590 1657 puod
613 1512 706 1578 habet
720 1510 759 1576 de
774 1509 913 1575 delectu.
931 1511 1033 1585 Sicut,
1045 1508 1139 1596 quid-

68 1592 150 1690 qurd
172 1605 219 1658 est
241 1604 348 1660 motus
370 1596 403 1659 in
424 1593 497 1658 clau
523 1597 678 1672 rcatione,
703 1603 871 1659 caussatur
891 1613 909 1654 a
931 1593 1050 1658 virtute
1072 1611 1141 1655 mo-

71 1687 151 1740 trva:
173 1675 228 1741 sed
243 1675 331 1760 quod
346 1687 395 1742 est
408 1674 611 1761 obliquitatis
627 1679 661 1742 in
675 1699 726 1754 ea,
743 1696 804 1740 non
821 1685 869 1740 est
882 1695 923 1739 ex
936 1678 1056 1741 virtute
1073 1695 1141 1740 mo·

72 1759 152 1834 tiva,
167 1759 223 1824 sed
237 1780 276 1823 ex
292 1762 449 1826 curvitate
471 1761 586 1824 cruris.
604 1761 646 1824 Et
666 1760 818 1826 similiter
837 1756 997 1843 quidquid
1018 1767 1066 1822 est
1087 1777 1142 1822 en-

71 1841 191 1919 titatis,
213 1851 246 1906 et
266 1845 405 1908 actionis
431 1843 463 1907 in
492 1843 617 1907 actione
646 1841 753 1920 mala,
780 1841 948 1906 reducitur
970 1844 1003 1906 in
1026 1840 1141 1914 Deum,

72 1923 161 1990 sicut
182 1927 215 1988 in
236 1945 404 1990 caussam:
428 1923 483 1988 sed
506 1923 592 2009 quod
616 1938 665 1989 est
686 1924 731 1990 ihi
754 1923 909 1994 delectus,
933 1945 996 1988 non
1017 1943 1143 1987 caussa-

74 2006 261 2082 turaDeo,
277 2007 330 2072 sed
353 2029 394 2072 ex
416 2027 528 2070 caussa
550 2007 689 2071 secunda
712 2005 879 2071 deficiente
896 2004 906 2044 ¹
924 2027 953 2068 n.
978 2004 1014 2071 ld
1036 2006 1142 2091 ipsum

74 2109 119 2154 ex
139 2090 296 2154 sententia
318 2088 601 2174 Philosophorum,
619 2091 674 2173 qui
700 2089 863 2176 physicam
882 2089 1141 2233 praemotionem

75 2172 266 2246 admittunt,
288 2171 460 2237 dicendum
482 2183 541 2248 est;
559 2170 646 2235 Deus
667 2172 767 2245 enim,
784 2190 879 2234 socan
904 2192 958 2233 um
976 2172 1073 2255 ipsos,
1092 2189 1145 2232 ro-

75 2255 231 2318 luntatem
256 2263 441 2339 praemonet
463 2252 501 2316 ad
525 2253 685 2317 actionem
709 2272 852 2339 pravam,
876 2273 939 2316 non
961 2252 1095 2340 quidem
1110 2262 1146 2315 ut

77 2355 179 2422 prava
201 2345 260 2412 est,
282 2335 337 2401 sed
359 2337 501 2402 utactio
522 2344 581 2401 est.

376 2463 443 2516 Aac.
465 2462 509 2515 lV.
525 2493 558 2502 -
574 2463 610 2514 lle
630 2464 793 2515 Prorirlcntla
814 2463 860 2515 Del

122 2577 193 2644 178.
216 2573 421 2640 Providentia
442 2572 509 2638 duo
530 2571 768 2658 complectitur,
784 2572 909 2636 scilicet
929 2589 1039 2636 rerum
1061 2565 1148 2631 ordi-

79 2680 156 2726 nem
177 2659 210 2723 in
231 2657 351 2723 Divina
365 2655 486 2730 Mente,
511 2665 608 2740 atque
631 2655 734 2741 ipsius
756 2653 883 2718 ordinis
901 2673 959 2740 per
981 2661 1068 2715 certa
1084 2670 1149 2714 me·

119 2817 128 2852 ·
150 2813 171 2876 l,
191 2830 219 2879 q.
239 2810 332 2873 xllx,
352 2828 379 2864 a.
399 2813 415 2864 Ξ
435 2813 468 2862 ad
487 2811 515 2862 2.
538 2831 550 2856 ι
573 2809 660 2868 ltlud,
680 2810 741 2860 altbl
762 2809 857 2873 lnquit,
878 2809 975 2858 dicitur
994 2807 1026 2856 atl
1047 2805 1148 2855 malum

81 2889 232 2954 cooperari,
252 2888 321 2952 quod
342 2887 452 2936 inclinat
469 2884 502 2934 ad
521 2885 665 2941 actionem,
680 2882 826 2932 meandum
845 2881 914 2944 quod
934 2879 1004 2929 aotlo
1023 2877 1151 2928 deformi·

82 2964 133 3015 tall
153 2961 275 3019 substat,
296 2958 365 3009 undo
384 2958 454 3008 mala
473 2960 525 3007 ost.
546 2954 602 3006 lloe
621 2961 711 3004 autem
731 2953 785 3006 Deo
804 2967 856 3003 non
875 2953 1017 3008 conventu
1041 2956 1068 3000 et
1091 2951 1150 3000 ideo

83 3050 138 3088 nou
154 3037 271 3097 oportet,
292 3037 321 3081 ut
339 3031 371 3081 ad
391 3031 492 3080 rualnrn
511 3029 651 3091 cooperari
669 3028 784 3084 dicatur.
806 3027 928 3089 quamris
947 3024 1061 3073 aetionis
1080 3021 1152 3072 illlns

83 3120 168 3160 causa
185 3107 229 3162 sit.
250 3107 276 3154 in
294 3118 346 3167 qua
366 3106 469 3155 malum
487 3102 616 3158 consistit,
631 3099 777 3151 meandum
796 3097 866 3162 quod
886 3097 970 3147 inllult
983 3096 1070 3159 agenti
1084 3107 1152 3150 esse,

84 3193 174 3246 ροωο,
193 3183 221 3228 et
238 3189 329 3241 auom,
349 3182 376 3225 ct
394 3175 523 3240 quldquid
541 3173 711 3236 perfectiouis
732 3173 758 3222 ln
776 3171 878 3234 agendo
896 3175 937 3220 est
957 3185 990 3227 η
1011 3171 1042 3218 ln
1060 3167 1106 3217 tlt.
1128 3169 1157 3217 11

84 3257 170 3310 sent..
184 3249 250 3300 llisl.
264 3245 399 3307 xxxva,
413 3262 441 3311 q.
455 3245 489 3305 ll,
503 3259 529 3301 ι.
543 3246 560 3296 2
579 3246 613 3295 ad
632 3245 660 3295 2.
681 3241 716 3297 et
729 3245 805 3300 thid..
824 3244 857 3292 atl
877 3241 905 3292 5.
926 3240 1043 3304 ldipsum
1062 3252 1085 3289 s.
1099 3238 1157 3291 ttu-

85 3327 208 3390 gustinus
232 3321 408 3385 signlllearit.
434 3320 479 3370 ahl
504 3321 561 3368 alte
584 3338 595 3363 ι
617 3317 761 3368 Peccatum
784 3316 891 3380 qntdem
917 3327 969 3364 nou
995 3325 1042 3375 per
1066 3309 1155 3374 lpsum

86 3392 195 3466 (Deam)
215 3396 386 3445 factumest.
407 3390 442 3449 lit
461 3392 631 3442 manifestum
651 3395 702 3447 est,
722 3390 783 3454 qula
804 3393 945 3450 peceatum
965 3385 1032 3434 nihil
1051 3389 1108 3440 ast,
1129 3387 1158 3433 ot

88 3469 156 3521 nlhll
168 3469 233 3521 fluat
247 3467 378 3523 hominos,
391 3480 455 3516 oum
469 3469 581 3528 peccant
596 3482 622 3522 ις
636 3465 667 3513 lu
681 3465 774 3515 launa.
789 3463 836 3511 Eu.
850 3475 873 3509 ο.
889 3462 911 3518 l,
926 3454 1015 3508 Traut.
1031 3457 1051 3511 Ι.
1066 3471 1094 3506 n.
1113 3456 1156 3506 ta.

88 3542 162 3596 Unde
181 3539 264 3592 ileum
285 3539 320 3588 lta
340 3538 496 3603 alloquitnrz
512 3556 524 3581 ι
540 3535 595 3586 lion
611 3537 697 3585 solum
717 3549 731 3584 a
752 3529 788 3583 'lo
808 3546 859 3582 non
877 3536 929 3586 est.
943 3529 1012 3594 quod
1033 3542 1085 3578 non
1104 3534 1157 3586 est,

90 3622 231 3677 motusque
249 3612 394 3664 voluntatis
412 3625 427 3661 a
447 3606 503 3669 Te,
522 3610 568 3673 qul
587 3622 627 3666 aa,
646 3609 679 3657 ad
699 3609 723 3657 id
743 3605 813 3670 quod
833 3606 920 3654 miuus
938 3608 995 3661 aat3
1015 3604 1076 3665 quta
1098 3601 1159 3651 tatis

90 3692 180 3746 motus
197 3686 336 3746 delictam,
355 3689 436 3753 atquo
455 3689 597 3749 peceatum
614 3687 656 3732 ost
671 3699 696 3741 η
711 3679 798 3743 cunt,
820 3678 866 3732 tlh.
881 3671 941 3739 llll,
959 3690 985 3727 e.
1004 3675 1047 3736 tt,
1068 3689 1094 3726 n.
1111 3673 1157 3725 ll.
