2475 3909
108 203 167 268 tce
504 217 709 266 costronensi

66 304 187 380 nerari,
204 323 260 367 seu
278 300 416 366 transire
432 298 471 364 dc
489 323 551 366 nna
572 300 676 368 iorma
691 302 726 366 in
740 300 849 378 aliam,
867 305 931 370 nisi
951 316 1062 372 careat
1075 305 1139 370 lor·

68 407 132 460 ma,
157 387 310 530 “ilium
333 383 461 459 transit,
488 384 531 448 ita
556 395 662 448 tamen
684 393 721 450 ut
741 384 781 448 ad
804 384 893 450 illam
918 387 1138 474 recipiendam

70 478 143 532 ata
168 487 195 531 ss
241 513 249 528 .

91 487 142 614 p3⁰
165 548 198 614 Si
214 547 311 622 actio,
331 567 395 632 qua
418 567 468 610 res
490 547 625 610 omnino
646 569 664 611 e
687 547 791 612 nihilo
809 547 855 623 lit,
871 548 994 614 dicitur
1013 552 1139 625 creatio,

67 627 215 693 reductio
238 628 344 693 totalis
371 629 443 692 eius
472 628 505 692 in
529 627 668 693 nihilum
689 627 813 696 dicitur
832 631 1032 707 unnildoti03
1055 643 1097 711 et,
1113 633 1142 698 si

66 710 199 776 eductio
214 710 338 776 formae
353 731 371 774 a
389 710 525 774 materia
540 707 660 774 dicitur
672 714 1006 798 qenerotio,sepnratio
1016 715 1140 780 formae

67 813 85 854 a
111 792 245 860 materia
269 793 428 876 corruptio
449 801 585 856 vocatur
602 794 628 854 ².
645 791 692 855 lta
707 795 733 856 si
752 794 838 858 [leus
858 794 1015 859 mundum
1038 798 1072 860 in
1093 796 1141 860 ni·

67 874 170 938 hilum
193 872 371 958 redigeret,
397 873 536 938 muudus
558 895 574 936 a
597 873 665 936 llro
692 874 867 940 annihilari
891 876 1074 952 diceretur,
1096 889 1139 954 et,

66 976 142 1019 cum
172 955 257 1038 ignis
279 955 502 1039 extinguitur,
526 955 666 1040 indeque
688 957 771 1022 cinis
797 959 961 1035 edicitur,
989 959 1075 1045 ignis
1095 957 1142 1025 di·

66 1039 155 1101 eitur
176 1035 344 1120 corrumpi
361 1037 386 1098 ⁸.

109 1116 143 1182 t⁰
166 1116 248 1182 Cum
273 1117 421 1192 materia,
446 1128 482 1184 ut
503 1115 670 1191 diximus,
692 1120 762 1183 sine
784 1120 851 1184 ulla
875 1120 978 1186 lorma
1001 1123 1141 1187 existere

66 1211 218 1296 nequeat,
244 1200 311 1283 ipsa
335 1220 397 1263 non
427 1209 532 1285 potest
558 1201 715 1265 amittere
740 1199 889 1277 sormam,
911 1223 1012 1288 quam
1033 1203 1141 1280 habet,

67 1282 129 1344 niss
154 1281 251 1344 aliam
275 1277 451 1365 adquirat3
474 1304 516 1348 es
537 1303 602 1367 qno
625 1281 675 1356 lit,
699 1292 760 1359 ut,
789 1304 855 1348 uno
882 1286 1063 1369 composito
1087 1285 1143 1350 de·

66 1371 207 1438 structo,
230 1359 319 1424 aliud
342 1364 542 1428 ell'ormctur.
568 1363 744 1441 Vicissim,
766 1366 844 1449 quia
873 1366 1011 1432 materia
1032 1366 1142 1452 plnres

68 1441 189 1508 formas
211 1441 437 1509 substantiales
466 1443 561 1510 simul
591 1443 709 1510 habore
737 1467 800 1510 non
829 1455 956 1532 potest,
986 1448 1057 1531 ipsa
1079 1469 1141 1514 nou

68 1535 172 1610 potest
192 1524 364 1610 adquirere
387 1527 484 1592 aliam
508 1525 665 1601 sormam,
689 1528 752 1591 nisi
775 1527 916 1613 primam
938 1531 1077 1606 amittst3
1102 1552 1143 1595 ex

90 1628 133 1671 uo
156 1605 212 1682 lit,
234 1619 292 1682 ut,
316 1628 381 1671 uno
404 1629 474 1672 eom
501 1611 584 1674 osito
611 1608 806 1685 ell'ormato,
834 1608 923 1674 aliud
945 1609 1142 1676 destruatur.

66 1625 197 1752 Exinde
221 1686 275 1753 illa
298 1689 392 1754 effata
417 1629 658 1775 intelliguntur:
684 1690 852 1775 Correptio
874 1693 969 1756 unius
996 1706 1039 1758 est
1059 1713 1144 1776 pesse·

66 1770 149 1832 ratio
170 1769 320 1848 alterius,
336 1783 386 1847 et,
404 1770 566 1837 Generotio
587 1776 683 1836 anius
706 1784 749 1835 cst
769 1775 932 1857 corruptio
957 1773 1103 1840 ulterius.

195 1899 262 1949 dur.
285 1895 329 1949 Vl.
343 1925 376 1934 -
391 1893 506 1960 Expositi
528 1900 680 1961 systematis
700 1899 798 1947 veritas
817 1899 1014 1952 demonstratur

108 2009 158 2076 33.
185 2009 334 2094 Expositi
370 2007 550 2095 systematis
585 2006 704 2070 veritas
731 2008 876 2090 sequenti
914 2011 1141 2095 Propositione

66 2091 246 2156 evincitur:

109 2173 239 2248 Modus,
261 2193 320 2257 quo
343 2190 472 2254 corporo
494 2171 590 2252 firlnt,
613 2182 639 2232 et
661 2171 831 2246 intereunt,
854 2171 1007 2236 theoriam
1028 2172 1147 2236 sodolo-

67 2254 177 2319 sticum
199 2255 234 2317 de
255 2273 361 2317 eorum
386 2252 559 2337 principiis
586 2252 796 2316 eorsstitatios's
819 2253 1007 2336 expostulat.

110 2335 278 2401 Probatur.
305 2333 452 2419 Corpora
480 2355 543 2397 nrm
572 2355 631 2418 per
657 2333 910 2406 alterationem,
931 2333 987 2400 sed
1009 2357 1068 2420 per
1089 2355 1145 2419 ge·

67 2419 279 2493 necationem,
300 2415 383 2481 idest
396 2437 457 2515 per
478 2416 688 2482 mutationem
718 2414 958 2480 substantialem
981 2419 1146 2493 oriuntur,

68 2519 184 2585 nempe
217 2518 336 2584 eorpus
363 2495 494 2584 aliquod
523 2520 563 2562 ex
591 2497 656 2560 alio
679 2496 723 2563 ita
750 2499 879 2570 oritur,
908 2508 945 2561 nt
966 2499 1147 2564 substantia

68 2581 170 2658 illius,
187 2604 229 2647 ex
242 2601 308 2667 quo
324 2580 442 2656 oritur,
460 2600 522 2642 non
541 2591 669 2644 maneat
691 2579 805 2643 eadem
826 2599 864 2643 ae
882 2578 1062 2647 substantia
1077 2601 1149 2646 cor-

70 2667 176 2748 poris,
199 2662 285 2750 quod
307 2663 424 2727 oritur.
446 2661 574 2726 Etenim
597 2662 629 2725 in
652 2661 711 2724 hoc
739 2663 957 2747 proprietates
977 2663 1149 2728 inveniun-

106 2889 116 2929 1
138 2887 192 2940 lam
207 2903 229 2940 s.
246 2883 408 2951 Augustinus
428 2887 579 2936 adverterat
598 2900 650 2935 non
670 2899 745 2948 posse
766 2891 838 2937 reete
857 2889 969 2941 coritari
989 2891 1145 2950 materiam,

69 2977 101 3016 er
120 2977 173 3028 qus
192 2973 302 3022 corpora
328 2959 414 3014 liunt,
436 2959 484 3007 nisi
505 2971 567 3007 curn
593 2962 737 3020 priurtinns
759 2960 847 3008 omnis
872 2959 975 3011 iormse
1000 2960 1148 3030 (cossam,

69 3036 117 3087 llb.
140 3032 204 3094 llll,
225 3047 251 3084 c.
271 3029 312 3100 e),
334 3034 408 3088 sire,
430 3035 459 3080 ut
478 3029 540 3080 sithi
560 3031 599 3081 sis
618 3033 671 3090 tite
690 3039 744 3080 nor.
766 3031 827 3084 ion.
846 3041 931 3083 oonsr.
953 3035 1028 3084 nan.
1051 3033 1098 3088 lits.
1125 3033 1148 3096 l,

68 3123 96 3158 c.
119 3105 174 3168 l8l·
195 3121 242 3170 per
261 3104 439 3154 omnimodum
459 3105 553 3165 speciei
570 3106 755 3163 privationem.

105 3180 117 3217 ²
136 3177 210 3231 Sicut
229 3175 381 3228 immutatio
401 3173 501 3226 iormse
521 3173 704 3225 substantialis
717 3177 927 3237 generationem,
942 3177 983 3227 rel
996 3178 1151 3240 corruptio-

69 3265 130 3303 nem
150 3252 207 3310 rei,
229 3252 264 3300 ita
285 3247 436 3299 immutatio
456 3245 558 3297 iormae
579 3247 753 3297 accidentalis
779 3248 959 3298 alterationem
976 3250 1035 3300 eius
1055 3248 1149 3300 efficit.

71 3318 107 3375 Gi
122 3338 144 3373 s.
166 3319 274 3378 Tlsom„
297 3319 319 3380 l,
340 3333 368 3382 q.
389 3314 480 3374 lxvi.
502 3334 528 3368 a.
553 3319 561 3368 Ι
586 3333 612 3368 e.

107 3393 118 3430 ³
138 3391 187 3444 lite
206 3395 318 3443 monitos
338 3392 447 3441 iurenes
466 3391 590 3440 volumus
608 3391 818 3453 generationem,
833 3396 861 3441 st
874 3392 1076 3454 corruptionem
1091 3405 1152 3445 esse

70 3465 189 3529 proprlss
208 3462 367 3525 compositi,
388 3475 439 3512 neo
458 3463 507 3512 nisi
527 3461 630 3513 ratione
650 3463 730 3513 nnius
748 3463 782 3512 sd
802 3463 965 3521 materiam,
984 3469 1013 3513 et
1032 3463 1151 3516 iorsnsm

71 3535 215 3600 pertinere.
229 3533 315 3590 Unde,
335 3537 414 3593 prout
433 3535 610 3595 compositum
625 3533 829 3590 {ornaremus
843 3535 1008 3594 dissolvitur,
1024 3537 1151 3597 materis,

72 3610 99 3656 et
113 3603 198 3654 iorsns
212 3605 358 3666 corrumpi,
372 3609 419 3652 sut
431 3606 550 3666 generari
565 3603 700 3656 dicuntur.
710 3602 747 3660 Ci
755 3619 778 3656 s.
791 3602 905 3666 Bonas..
918 3609 949 3658 irs
962 3607 1009 3658 tit.
1023 3609 1053 3659 ii
1063 3609 1152 3669 Seni„

72 3674 141 3730 Dist.
160 3669 219 3732 Vll.
240 3686 269 3736 p.
287 3673 315 3732 Ξ.
336 3687 361 3724 s.
386 3673 429 3734 11,
449 3685 477 3740 q.
499 3672 509 3724 l
529 3677 564 3728 od
582 3690 640 3743 erp.
