2475 3909
516 216 700 271 mmma
1055 206 1096 273 ω

74 300 181 368 minus
202 308 292 368 extra
315 297 498 389 subiectum
520 324 617 388 agens
638 304 755 381 fertur,
772 304 815 369 ita
830 314 868 370 ut
882 303 970 369 aliud
992 306 1034 371 sit
1048 310 1139 393 prin·

74 386 199 469 cipium
222 385 369 462 actionis,
393 385 482 450 aliud
502 406 579 450 vero
602 388 770 453 terminus.
793 388 831 451 E.
849 409 893 473 g„
910 389 1137 475 contemplatio

74 479 123 532 est
144 468 230 533 actio
254 468 444 546 immanens,
466 470 544 554 quia
566 490 584 533 a
607 470 845 555 contemplante
861 469 1089 554 proficiscitur,
1105 485 1138 540 et

74 548 109 613 in
130 548 367 635 contemplante
390 563 519 627 manet;
542 564 574 619 at
593 552 763 617 calefactio
791 572 852 614 non
876 563 982 616 manet
1002 554 1036 617 in
1057 554 1138 619 cale-

74 629 226 710 faciente,
248 630 304 696 sed
325 631 366 695 ab
387 654 427 697 eo
441 644 570 699 emanat
591 638 625 699 in
647 634 693 711 id,
709 632 796 720 quod
816 633 944 711 calefit,
966 637 1064 719 eique
1087 657 1140 701 ca-

74 714 178 777 lorem
198 715 356 803 impertit.
379 713 585 813 Quapropter
607 718 692 783 actio
713 718 890 781 immanens
911 728 959 781 est
980 718 1138 802 perfectio

74 796 179 881 ipsius
202 799 339 881 agentis,
363 809 518 863 transiens
540 810 648 864 autem
670 799 823 884 patientis
837 820 845 877 ;
860 821 889 864 e.
907 820 952 897 q,
975 820 1049 864 eum
1072 802 1139 864 ani·

76 898 148 941 mus
171 878 295 962 aliquid
318 878 483 967 intelligit,
501 882 797 966 perlicitseipsum‚
823 903 887 946 non
913 880 959 960 rd,
982 884 1068 966 quod
1092 884 1140 946 in·

77 958 205 1045 tettigtq
228 971 339 1025 contra
361 982 422 1038 ea,
445 984 517 1027 cum
541 965 586 1028 sol
609 984 747 1050 corpora
768 963 942 1042 illuminat,
966 966 1035 1049 ipse
1057 966 1140 1030 nibil

77 1040 282 1124 adipiscitur,
306 1064 346 1107 ex
368 1064 433 1129 quo
459 1046 640 1131 perficitur,
662 1046 719 1110 sed
740 1066 878 1133 corpora
899 1046 1037 1132 perficit.

117 1123 185 1188 tat.
209 1126 353 1191 Praestat
379 1137 526 1192 naturam
561 1128 697 1192 actionis
720 1131 916 1195 transeuntis
948 1128 1139 1217 diligentius

75 1206 271 1289 expendere,
288 1221 324 1274 ut
342 1210 446 1274 errori
461 1209 636 1276 Leibnitii¹
647 1230 868 1287 occurramus,
880 1214 936 1295 qni
951 1210 1141 1277 huiusmodi

76 1291 237 1354 actionem
260 1310 320 1375 pro
334 1290 472 1356 absurda
497 1291 648 1358 traducit.
664 1292 732 1357 lam
748 1292 781 1357 1⁰
796 1296 880 1359 actia
895 1293 1018 1359 dicitur
1039 1305 1143 1361 trans-

74 1374 156 1447 iens,
181 1394 243 1436 non
267 1386 363 1457 prout
385 1385 432 1439 est
453 1376 548 1454 actio,
574 1378 643 1439 sive
664 1375 792 1440 allectio
813 1376 962 1460 agentis,
987 1398 1059 1439 nam
1082 1377 1141 1441 boc

77 1454 174 1519 modo
196 1466 334 1539 spectata
355 1456 475 1541 inipso
497 1469 610 1541 agente
632 1466 756 1533 manet;
772 1456 825 1521 sed
850 1462 974 1522 ratione
997 1458 1140 1535 termini,

76 1536 144 1601 sive
166 1536 312 1615 effectus,
332 1539 411 1623 quia
434 1560 508 1603 cum
529 1540 581 1604 bic
603 1539 646 1603 sit
666 1538 791 1624 aliquid
813 1538 854 1603 ab
881 1540 1007 1605 actione
1028 1540 1141 1603 distin-

76 1630 191 1697 ctum,
214 1631 305 1685 extra
330 1620 512 1687 subiectum
546 1642 643 1706 agens
664 1642 733 1687 esse
761 1633 875 1710 potest.
898 1620 933 1685 2⁰
956 1622 1140 1689 Substantia

77 1722 142 1765 non
187 1713 270 1768 otest
300 1702 431 1788 quidem
461 1705 494 1768 in
517 1705 652 1769 alteram
677 1724 799 1789 agere,
824 1715 981 1789 quatenus
1008 1704 1141 1787 aliquod

23 1816 28 1827 ·
77 1784 146 1848 acci
171 1805 227 1848 ens
251 1788 419 1871 proprium
440 1808 513 1851 curn
537 1786 606 1871 ipsa
628 1787 868 1863 communicet;
891 1808 966 1850 nam
994 1785 1142 1851 accidens

78 1886 144 1931 non
166 1878 273 1953 potest
293 1868 402 1953 egredi
420 1892 436 1933 e
460 1868 617 1943 subiecto,
634 1869 667 1932 in
683 1890 749 1952 quo
770 1880 831 1944 est,
846 1890 950 1954 neque
964 1882 1053 1933 extra
1069 1868 1144 1931 sub-

78 1951 198 2013 iectum
223 1949 373 2026 volitare,
396 1962 432 2017 ut
453 1949 542 2016 aliud
565 1949 747 2015 subiectum
771 1952 917 2035 attingat,
940 1950 1086 2037 alioquin
1109 1954 1143 2015 in

77 2052 113 2096 se
128 2032 330 2111 subsisteret,
346 2034 433 2118 quod
455 2030 631 2098 accidentis
653 2042 787 2097 naturae
802 2054 882 2117 repu
908 2044 973 2099 nat.
990 2038 1032 2098 At
1052 2052 1141 2109 vcro,

78 2123 115 2180 ut
135 2114 318 2181 subiectum
340 2136 437 2201 agens
457 2116 491 2180 in
514 2116 655 2202 patiente
677 2114 801 2199 aliquid
822 2054 1003 2200 producat,
1024 2136 1087 2180 non
1110 2135 1145 2178 c-

78 2206 187 2282 portet
208 2199 316 2294 ipsum
339 2198 579 2263 communicare
607 2198 732 2281 aliquid
756 2198 807 2262 sni
831 2218 906 2265 cum
926 2198 995 2275 illo,
1018 2195 1075 2262 sed
1096 2217 1145 2260 sa-

79 2282 122 2344 tis
143 2291 192 2347 est
212 2301 319 2365 ipsum
341 2281 459 2346 virtute
481 2301 539 2347 sua
559 2279 640 2344 illud
664 2279 816 2356 afficere,
838 2290 876 2345 ut
903 2302 1005 2346 novus
1027 2277 1143 2344 modas

78 2362 114 2426 in
129 2384 167 2428 eo
180 2364 358 2431 evolvatur.
375 2362 444 2427 Hoc
465 2360 505 2427 ab
529 2364 693 2448 Aquinate
715 2364 761 2429 ita
782 2361 983 2448 explicatur:
1004 2360 1144 2507 Adpro-

77 2442 261 2511 ducendam
282 2447 445 2511 actionem
467 2445 566 2510 unius
589 2446 672 2511 entis
692 2444 727 2509 ia
746 2444 884 2511 alterurn
905 2466 969 2510 non
991 2442 1059 2510 aliu

78 2527 245 2613 quiritur,
269 2529 332 2593 nisi
355 2539 392 2593 ut
412 2547 514 2592 unum
536 2549 610 2593 cum
634 2524 734 2593 altero
756 2529 993 2613 coniungatur,
1016 2529 1084 2591 sive
1106 2535 1145 2592 ut

77 2630 183 2675 unum
203 2610 441 2697 quodammodo
468 2616 579 2696 tangat
601 2610 778 2689 alterum¹,
799 2610 852 2677 vel
878 2630 939 2695 per
960 2619 1146 2676 contactum

73 2692 120 2778 pia
144 2692 256 2769 sicum,
272 2694 320 2757 uti
342 2694 451 2759 evenit
472 2692 506 2757 in
528 2692 654 2758 actione
675 2694 823 2780 corporis
843 2693 877 2755 in
903 2692 991 2757 aliud
1013 2711 1143 2777 corpus,

79 2713 142 2841 vel
154 2794 214 2873 per
235 2785 416 2841 contactum
437 2775 592 2853 virtutis,
614 2776 664 2841 uti
692 2774 727 2840 lit
748 2776 783 2841 in
803 2776 929 2840 actione
951 2775 1088 2862 spiritus
1110 2776 1146 2838 iu

79 2860 247 2944 spiritum,
272 2857 321 2925 vel
342 2860 476 2945 spiritus
497 2858 532 2923 in
554 2878 672 2943 corpus
686 2858 708 2922 ⁸.

124 2939 194 3005 172.
218 2940 309 3017 Quae
331 2963 406 3007 cum
429 2942 474 3007 ita
496 2962 529 3007 se
552 2940 704 3017 habeant,
729 2941 892 3026 sequentis
908 2937 1146 3026 Propositionis

79 3022 203 3089 veritas
224 3020 321 3089 facile
344 3023 519 3090 evincitur:

123 3106 214 3169 Actio
235 3107 387 3173 transiens
410 3108 493 3173 nibil
515 3104 646 3171 absurdi
662 3106 838 3190 praesefert.

123 3186 293 3253 Probatur.
317 3189 412 3269 ideo,
435 3188 611 3257 secundum
636 3186 862 3265 Leibnitium,
884 3189 968 3253 actio
990 3184 1146 3253 transiens

80 3282 130 3336 est
144 3269 294 3350 absurda,
309 3273 398 3357 quia,
415 3274 442 3339 si
464 3271 641 3339 substantia
664 3268 699 3335 in
714 3269 847 3335 alteram
869 3281 992 3356 ageret,
1014 3264 1144 3353 aliquod

575 3398 734 3411 ..ψ-ψ...-

1096 2465 1145 2509 ΥΕ·

119 3492 128 3528 ¹
148 3491 270 3541 Norraeaa
288 3495 352 3553 apat.
371 3488 402 3537 de
421 3485 447 3535 ta
464 3489 532 3542 cat„
553 3487 576 3533 et
593 3482 626 3531 de
642 3480 670 3530 ia
686 3492 774 3543 praee,
788 3484 804 3538 s
819 3479 911 3529 19-15.
924 3474 1082 3530 Laibnitiam
1097 3490 1147 3526 nn-

81 3565 199 3629 perrime
218 3567 325 3613 secutus
343 3563 383 3609 eat
402 3555 532 3614 lacobius,
548 3556 586 3605 De
601 3552 747 3612 idacium,
761 3553 927 3614 eracliano,
943 3555 1009 3617 opp.
1024 3544 1147 3619 (germ),

82 3644 104 3688 t.
126 3635 160 3692 ΙΙ,
180 3650 209 3698 p.
229 3634 293 3691 26¹,
314 3629 415 3697 Lipsiae
437 3624 602 3686 teta-tata.

118 3709 130 3745 ²
151 3706 172 3767 l,
193 3722 221 3772 q.
243 3704 312 3767 Vfll,
333 3720 359 3757 a.
383 3706 393 3755 1
416 3702 503 3755 c.—³
523 3702 601 3760 ibid,
622 3712 650 3762 q.
670 3694 775 3759 Lxxv,
794 3714 821 3751 a.
845 3703 856 3752 t
878 3699 912 3749 ad
931 3697 958 3748 3.
