2475 3909
457 187 686 239 nruturnoara
1000 176 1061 242 139

62 261 285 368 οῢίεοιιιωιυοῐι
306 269 372 336 iam
393 273 428 336 ia
444 277 596 371 patentia,
619 276 674 342 sed
688 288 762 341 acta
776 275 993 372 intelligibile,
1010 297 1100 343 nem-

61 362 273 430 peessentram
296 373 406 419 rerum
428 375 497 422 sane
525 357 764 426 conditionibus
786 357 1022 425 materialibus.
1195 427 1200 437 ,

83 432 152 526 trs.
175 433 266 500 Circa
288 435 473 502 huiusmodi
497 443 654 505 actionem
676 438 857 506 intellectus
877 441 1003 524 agentis
1022 440 1100 506 baec

59 521 107 576 tua
126 513 305 581 adnotanda
328 530 424 586 sunt:

88 593 117 658 1⁰
127 597 289 692 ‘Speciem
310 621 390 684 quas
414 600 593 667 intellectus
614 624 712 688 agens
733 601 888 669 abstrahit
907 623 949 668 ex
971 603 1102 689 pbanta·

58 685 152 743 snatrs
174 700 294 757 rerum,
310 682 463 750 exbibent
477 683 665 764 obiectivas,
680 687 746 750 sive
761 684 864 750 reales
885 686 1038 752 essentias
1053 704 1105 747 re-

57 775 126 855 ram:
147 761 232 826 Nam
258 781 334 859 res,
361 785 443 848 quae
472 765 583 832 eodem
612 788 751 852 genere,
780 777 836 832 aut
856 766 971 831 eadem
993 765 1102 914 specie

56 851 259 938 eontinentur,
280 864 388 929 reipsa
411 848 615 914 consentiunt
630 851 664 914 in
679 849 815 914 essentia
836 851 923 913 omni
945 869 1004 913 con
1029 849 1105 914 itio-

56 939 87 983 ne
105 924 264 989 materiali
286 937 405 1007 exuta,
429 933 474 996 ita
496 941 626 1007 tamem
649 943 684 997 ut
705 931 783 995 baec
803 932 944 995 essentia
965 929 1101 1008 diversis

57 1001 148 1068 nodis
174 1004 389 1075 determinata
416 1016 533 1079 existat
558 1013 591 1077 in
613 1012 711 1078 rebus
737 1011 969 1096 singularibus.
993 1012 1032 1076 E.
1057 1033 1103 1096 g„

57 1093 153 1150 natura
174 1087 326 1165 bumana,
350 1091 506 1160 abstracta
527 1117 545 1159 a
567 1092 808 1161 conditionibus
830 1092 1105 1163 individualibus.

56 1183 85 1258 ea
104 1178 160 1244 est,
184 1189 269 1253 quae
290 1173 396 1257 reipsa
425 1176 577 1241 o‘muibus
604 1175 789 1243 bominibus
816 1177 986 1252 convenit,
1010 1187 1105 1262 atque

56 1267 294 1396 ¹¹¹.‘¹l¹.¹t⁰{l¹¹⁰q¹¹⁰
318 1273 431 1322 eorum
455 1257 632 1324 secundum
656 1257 797 1323 diversas
819 1256 1105 1323 determinationes

55 1347 135 1394 errsr
182 1381 190 1396 .

86 1409 117 1474 2⁰
139 1413 378 1498 Distinguenda
400 1431 449 1488 est
469 1420 588 1506 duplex
611 1420 836 1486 abstractionis
857 1421 995 1506 species,
1017 1441 1110 1486 nem-

55 1511 86 1573 pe
105 1494 272 1562 abstractio
288 1519 347 1596 per
368 1504 492 1567 modam
512 1503 736 1588 simplicitatis,
751 1511 783 1568 et
795 1501 962 1567 abstractio
971 1522 1030 1586 par
1044 1522 1108 1564 ma-

54 1573 116 1670 dpm
137 1581 397 1664 compositionis,
423 1595 450 1647 at
471 1583 649 1650 divisionis.
673 1585 783 1649 Prima
804 1583 977 1652 abstractio
998 1604 1035 1648 ea
1057 1582 1107 1646 di·

54 1667 138 1752 citur,
154 1681 241 1746 quae
263 1663 362 1730 efficit
382 1677 417 1730 at
432 1665 642 1749 iatallipamas
663 1687 761 1730 amam
784 1666 849 1730 siaa
863 1668 936 1745 alia,
952 1666 1019 1732 sive
1034 1685 1111 1729 con-

54 1737 228 1808 sideremus
258 1747 431 1811 essentiam
463 1748 644 1813 seiunctam
671 1748 712 1812 ab
739 1746 970 1814 accidentibus.
998 1746 1108 1813 Altera

53 1825 192 1892 consistit
213 1826 246 1889 in
266 1847 317 1906 eo,
340 1827 428 1913 qnod
450 1829 655 1912 iatailipimas
675 1829 798 1915 aliquid
817 1849 878 1892 aaa
898 1851 958 1895 esse
978 1830 1013 1893 ia
1032 1829 1108 1902 alia,

54 1906 92 1969 rel
110 1927 175 1972 asse
196 1921 371 1991 separatam
392 1909 429 1974 ab
450 1914 521 1976 ca¹.
544 1913 611 1977 lam
632 1932 710 1976 vero
730 1911 856 2008 prima,
878 1933 943 1976 non
963 1931 1042 1975 vero
1064 1909 1110 1975 al-

53 1997 113 2052 tera
133 1989 311 2057 abstractio
332 2002 380 2059 est
400 2013 465 2070 ea,
487 2015 569 2079 quae
591 1993 628 2057 fit
647 2013 707 2076 per
729 1990 925 2058 ratetlectum
947 2002 1107 2078 agentem.

52 2071 134 2146 Quae
155 2069 289 2158 quidem
315 2073 488 2140 abstractio
519 2095 575 2160 par
605 2075 730 2138 modam
763 2073 989 2158 simplicitatis,
1011 2085 1050 2140 ut
1069 2095 1110 2138 ex

52 2153 116 2220 eius
135 2151 327 2221 delinitione
350 2167 448 2252 patet,
464 2178 528 2222 non
542 2157 740 2242 expostulat,
761 2155 1037 2240 quemadmodum
1051 2153 1110 2221 fal-

53 2255 82 2299 so
100 2236 195 2322 ponit
216 2235 404 2303 Rosminrus
419 2239 450 2316 ⁸,
468 2260 506 2306 ao
530 2240 700 2316 ultionem,
723 2247 756 2302 et
776 2237 981 2304 collationem
997 2240 1109 2302 termi-

2 2377 5 2392 ‚
54 2338 176 2394 norum,
198 2318 284 2383 circa
306 2339 387 2405 quos
410 2325 480 2406 ipsa
503 2261 570 2399 dat,
593 2321 649 2386 sed
672 2321 843 2385 dumtaxat
856 2319 1051 2405 expostulat,
1073 2328 1110 2385 ut

2 2441 4 2466 t
54 2399 108 2496 ipsi
129 2398 305 2496 praecedat
320 2403 524 2548 phantasma,
549 2402 582 2467 in
604 2422 670 2487 quo
693 2402 874 2467 intellectus
895 2420 986 2484 apem
1004 2421 1110 2467 essen·

54 2493 125 2548 tram
147 2502 196 2546 rer
218 2501 318 2547 acon
344 2483 499 2549 itionibus
522 2482 748 2549 materialibus
769 2483 924 2568 expoliat.

2 2591 3 2600 ¹
87 2565 121 2632 3ο
142 2565 197 2630 Ex
218 2583 257 2628 eo
282 2563 370 2650 quod
395 2566 543 2631 notiones
570 2586 629 2652 per
650 2564 899 2630 abstractionem
927 2562 1111 2629 intellectus

54 2645 383 2790 Elinli?b⁰ff⁰l¹¹¹t³¹t²¹.⁰
398 2646 554 2792 exbibept
568 2649 738 2712 essentiam
754 2666 863 2711 rerum
873 2655 1015 2740 'exutam
1038 2665 1112 2742 con-

53 2741 231 2876 stall?
253 2746 409 2874 latta
424 2736 1113 2894 stultitiis?stlattas

56 2889 186 2959 lalsitati
211 2888 300 2954 locus
322 2889 355 2953 in
377 2890 594 2956 abstractione
617 2911 676 2976 per
704 2891 829 2955 modam
857 2890 1110 2974 compositionis,

54 2985 77 3038 ct
96 2972 282 3045 divisionis,
302 2990 333 3035 e.
382 3021 403 3048 .,
426 2993 500 3037 cum
522 2973 703 3039 intellectus
724 2982 820 3058 negat
836 2972 939 3037 inesse
954 2973 1113 3040 essentiae

53 3057 99 3122 rei
120 3051 255 3138 aliquod
278 2991 438 3133 accidens,
459 3053 547 3139 quod
562 3057 593 3121 ei
609 3076 723 3141 reapse
745 3056 838 3131 inest;
855 3064 889 3120 at
901 3075 965 3120 non
987 3055 1021 3120 in
1043 3053 1116 3119 abs-

53 3137 227 3204 stractione
244 3154 301 3219 par
321 3135 445 3200 madum
474 3137 707 3221 simplicitatis,
730 3158 795 3222 qua
824 3135 1045 3202 consideratur
1065 3155 1115 3200 es-

54 3220 156 3286 sentia
179 3216 220 3283 ab
241 3215 373 3301 aliquo,
396 3231 454 3286 aut
474 3218 514 3283 ab
535 3218 686 3284 omnibus
706 3217 927 3284 accidentibus
947 3219 1089 3283 seiuncta
1103 3238 1116 3293 ς’

53 3322 126 3368 nam
150 3300 289 3364 essentia
310 3299 371 3376 rei,
386 3301 445 3366 etsi
462 3321 536 3364 aum
551 3300 773 3366 accidentibus
787 3322 822 3366 re
844 3300 913 3398 ipsa
938 3298 1115 3383 coniunga-

54 3395 118 3462 tur,
142 3377 312 3449 tamenab
334 3382 383 3447 bis
407 3404 442 3447 re
465 3383 534 3468 ipsa
556 3404 686 3469 quoque
712 3382 948 3468 distinguitur3
974 3399 1117 3466 quapro.

88 3582 99 3616 ¹
119 3573 156 3630 Ct
169 3591 192 3628 r.
212 3573 319 3636 ruam..
341 3579 380 3629 Da
397 3584 452 3627 sata
470 3582 493 3626 st
511 3577 632 3636 essmtta,
652 3591 678 3627 c.
698 3578 726 3628 t.

89 3650 103 3691 ²
121 3647 146 3713 1,
165 3665 193 3720 q.
214 3645 344 3714 LXXXV,
365 3663 391 3700 ι.
414 3649 425 3701 l
447 3648 480 3700 sd
501 3645 576 3702 l.-³
594 3649 628 3702 Ν.
649 3651 691 3711 S„
711 3661 766 3702 sez-
786 3645 822 3710 X,
841 3661 868 3699 c.
891 3647 915 3708 t,
934 3658 961 3696 ι.
982 3643 1030 3713 t'l,
