2475 3909
142 147 204 212 tou
449 169 635 219 rusotocrn
660 173 848 220 narrastis

100 268 161 311 nus
184 247 308 325 bonus,
331 253 409 336 quia
431 256 723 340 omnipotentiam,
749 266 781 320 et
803 254 980 320 bonitatem
1002 275 1095 318 suam
1119 277 1168 341 pa-

103 331 225 406 tefacit,
248 353 322 396 cum
344 356 384 399 ex
408 336 487 419 ipsis
508 338 602 401 malis
631 337 713 401 bona
733 338 856 402 eliciat.

141 413 212 474 222.
242 413 350 480 Obiic.
378 416 412 483 3⁰
445 417 629 483 Secundum
657 418 736 484 illud
769 419 914 494 ellatum,
943 415 1104 502 Quidquid
1129 427 1168 479 est

101 515 194 556 rouso
215 517 341 574 ceurae,
364 510 408 562 est
429 523 523 564 ceusu
544 500 678 585 effictus,
702 511 881 587 peccatum,
898 499 992 563 cuius
1014 519 1110 562 causa
1124 509 1170 562 est

103 574 241 640 liberum
268 579 464 658 arbitrium,
494 582 683 660 reducitur,
713 596 876 666 tamquam
900 582 932 644 in
954 600 1106 654 causam,
1130 581 1168 642 ad

104 655 218 733 ileum,
234 662 291 744 qui
308 673 355 727 est
374 683 469 728 causa
492 664 585 729 libori
608 665 750 730 arbitrii.
768 667 864 749 Atqui
883 661 916 726 id
932 662 1092 726 sanctitati
1110 662 1167 726 [lei

101 759 137 800 1⁸¹
266 792 272 804 ,
388 793 395 808 ,
899 786 902 794 ,

120 745 432 910 ‘lllllllesbrileq
457 829 549 903 moi„
573 849 656 892 conc.
680 829 759 892 min.
783 825 861 907 Nep.
885 845 965 888 oens.
983 823 1025 888 Et
1045 844 1120 888 sane
1136 823 1173 888 il-

103 903 156 966 lud
180 904 313 970 clintum
337 907 376 972 ad
400 931 467 972 rem
491 931 555 973 non
579 908 673 983 lacit;
691 931 763 973 nam
779 932 795 970 e
813 907 946 972 ellectus
968 925 1085 969 causae
1108 927 1172 970 me·

101 985 173 1049 diae
196 989 372 1069 procedens
386 990 426 1054 ab
440 1010 489 1064 ea,
505 992 682 1055 secundum
698 989 784 1075 quod
806 987 958 1054 subditur
972 986 1081 1050 ordini
1098 1007 1173 1050 can-

100 1088 153 1130 sae
178 1069 327 1152 primae,
352 1071 519 1137 reducitur
541 1075 639 1137 etiam
664 1074 694 1136 in
717 1093 849 1136 causam
872 1071 1036 1156 primam,
1059 1067 1117 1132 sed
1144 1073 1170 1132 si

102 1148 253 1234 procedat
268 1174 285 1217 a
300 1175 396 1217 causa
419 1154 539 1230 media,
553 1155 730 1218 secundum
746 1153 832 1239 quod
854 1155 921 1216 exit
935 1149 1082 1214 ordinem
1100 1172 1173 1214 cau-

101 1252 154 1293 sae
179 1233 332 1314 primae,
356 1259 419 1299 non
442 1236 612 1301 reducitur
641 1238 674 1300 in
696 1256 824 1299 causam
848 1235 1006 1321 primam;
1031 1233 1119 1298 sicut
1144 1235 1171 1296 si

102 1315 251 1377 minister
272 1314 373 1382 faciat
395 1319 517 1402 aliquid
541 1329 650 1383 contra
666 1316 851 1383 mandatum
873 1315 1015 1387 domini,
1032 1312 1093 1378 boc
1110 1335 1172 1378 non

102 1394 271 1461 reducitur
293 1403 325 1464 in
350 1399 533 1474 dominum,
550 1402 635 1464 sicut
656 1403 689 1463 in
712 1420 853 1464 causam.
868 1399 909 1462 Et
922 1395 1078 1459 similiter
1101 1417 1173 1480 pec-

100 1489 222 1548 catum,
245 1481 330 1563 quod
354 1481 496 1546 liberum
517 1481 691 1546 arbitrium
714 1481 885 1544 committit
910 1489 1018 1540 contra
1043 1498 1174 1562 praece·

102 1571 190 1642 qrtrrm
216 1561 288 1634 Dei,
312 1584 373 1626 non
397 1561 564 1627 reducitur
584 1564 616 1626 in
634 1561 752 1638 lleum,
768 1563 853 1626 sicut
876 1562 906 1624 in
930 1561 1084 1622 oausam¹
1101 1582 1131 1622 u.

141 1641 212 1703 Μ.
237 1643 347 1709 (lbiic.
371 1643 406 1709 4⁰
428 1644 592 1709 Praecidit
616 1643 702 1708 Draus
730 1643 902 1718 bominem·
923 1640 1004 1704 rurale
1035 1663 1172 1706 usurum

101 1722 205 1784 libero
227 1724 376 1791 arbitrio.
400 1727 512 1811 Ergo,
536 1747 610 1789 cum
640 1725 681 1788 sit
705 1723 827 1788 infinite
852 1723 978 1796 bonus,
1002 1721 1173 1788 debuisset

101 1803 133 1866 id
157 1805 327 1888 impedire.
350 1808 443 1886 Quod
473 1810 499 1872 si
522 1808 648 1871 bonitas
676 1804 765 1871 linita
788 1803 1033 1890 patrisfamilias
1061 1826 1173 1870 neces-

100 1887 185 1950 sario
206 1890 324 1973 exigit,
347 1902 383 1957 ut
405 1890 574 1973 impediat,
597 1891 772 1972 quominus
793 1889 843 1952 sui
866 1885 925 1951 fitti
948 1883 1065 1962 bonis,
1087 1909 1173 1971 quae

100 1972 263 2052 accepturi
287 1985 373 2048 srrnt,
390 1972 577 2046 abutantur,
594 1969 697 2033 multo
720 1971 823 2054 magis
844 1969 973 2033 bonitas
996 1967 1123 2034 infinita
1141 1971 1173 2034 id

102 2061 266 2134 praestare
289 2052 412 2118 debuit.

141 2132 211 2196 225.
235 2134 332 2220 llesp.
350 2136 428 2217 Ncq.
452 2155 534 2198 cons.
553 2131 727 2216 Equidem,
743 2151 817 2194 cum
839 2133 935 2196 bomo
957 2133 1177 2197 essentialiter

100 2213 141 2275 sit
162 2217 299 2279 rationis
322 2221 508 2301 particeps,
532 2229 628 2300 atque
652 2212 784 2276 libertas
805 2216 847 2278 sit
868 2212 1050 2279 essentialis
1072 2218 1176 2278 ratio-

99 2295 151 2357 nis
174 2298 382 2379 proprietas,
407 2298 492 2361 idem
517 2297 632 2361 fuisset
660 2293 796 2358 condere
826 2295 990 2359 bominem
1021 2295 1174 2364 libertate

99 2388 287 2453 carentem,
311 2399 348 2443 ac
369 2400 433 2444 non
455 2379 618 2442 bominem
637 2425 645 2452 ‚
667 2375 753 2462 quod
778 2377 972 2443 intrinsecus
994 2399 1029 2442 re
1056 2391 1170 2462 agnat.

100 2458 167 2522 Nec
190 2459 322 2526 libertas
344 2472 390 2526 est
413 2461 453 2525 de
475 2481 508 2524 se
531 2461 690 2524 malorum
714 2459 901 2543 scaturigo,
924 2458 978 2524 sed
1001 2396 1109 2524 solum
1136 2461 1172 2524 il·

101 2539 164 2604 lius
186 2541 322 2620 abusus,
346 2565 419 2608 cum
443 2543 525 2605 mala
547 2563 610 2606 non
634 2540 801 2618 fataliter,
826 2562 862 2605 ac
885 2544 1089 2617 necessario,
1115 2541 1172 2606 sed

99 2624 325 2708 contingenter
345 2624 387 2690 ab
403 2625 459 2688 illa
474 2623 672 2688 deriventur.
686 2623 800 2708 Neque
826 2623 928 2689 ullum
953 2635 1016 2689 tam
1041 2622 1174 2690 fatuum

100 2704 261 2769 bominem
284 2729 353 2771 esse
376 2720 549 2793 putamus,
571 2726 669 2791 quem
693 2704 853 2772 libertatis
874 2725 893 2768 a
913 2705 982 2770 Deo
1005 2703 1070 2770 sibi
1092 2727 1172 2769 con-

99 2806 208 2851 cessae
223 2792 389 2872 poenitere
412 2790 525 2874 possit,
541 2808 614 2851 cum
632 2786 685 2850 illa
709 2789 751 2853 sit
765 2789 863 2853 etiam
879 2786 1175 2852 innumerabilium

100 2868 260 2933 bonorum
283 2872 365 2934 fons.
390 2871 550 2936 Potuisset
571 2871 618 2934 uti
646 2891 685 2932 ue
709 2868 796 2934 Deus
817 2868 963 2932 absolute
985 2868 1175 2954 impedire.

100 2973 140 3015 ne
155 2948 250 3015 homo
275 2965 438 3036 peccaret,
455 2962 580 3017 retenta
603 2972 635 3014 m
663 2951 814 3016 ilominus
836 2950 1080 3028 libertatez’ast,
1096 2971 1175 3015 cum

101 3032 134 3099 id
156 3033 270 3111 noluit,
294 3043 417 3100 tantum
441 3035 547 3109 abest,
564 3043 600 3098 ut
623 3034 782 3098 malorum
804 3031 977 3119 permissio
999 3033 1080 3096 Eius
1101 3031 1177 3096 inli-

100 3117 187 3181 uitae
209 3114 346 3182 bonitati
368 3115 464 3195 obsit,
480 3117 561 3203 quin
583 3116 692 3200 potius
714 3115 804 3180 illam
820 3111 956 3179 mirifice
971 3114 1175 3188 manifestet,

100 3198 148 3262 uti
170 3198 236 3262 iam
259 3197 515 3266 demonstratum
536 3207 595 3263 est.

488 3318 564 3326 ...a-...-

139 3366 147 3403 ¹
171 3370 197 3416 l'
215 3369 266 3428 2²⁰,
286 3385 315 3434 q.
335 3365 454 3424 lxxix.
474 3381 500 3416 a.
524 3366 534 3414 l
557 3363 590 3413 ad
609 3362 637 3412 3.
658 3383 668 3406 α
688 3361 841 3421 l'eccatum,
860 3364 923 3413 alibi
942 3365 990 3423 alt,
1012 3365 1129 3415 refertur
1151 3368 1178 3412 in

101 3439 275 3499 voluntatem,
296 3443 365 3491 sicut
386 3442 411 3489 in
432 3451 557 3493 causam;
577 3441 605 3482 et
625 3436 746 3496 quamvls
767 3438 887 3485 retentas
907 3437 940 3484 sit
958 3442 1049 3486 ereata
1070 3451 1085 3486 ι
1106 3435 1177 3491 Deo,

102 3509 126 3553 tn
146 3518 275 3568 quantum
294 3518 335 3561 est
353 3511 484 3573 quoddam
505 3524 561 3558 ens.
583 3520 636 3554 uon
657 3513 744 3555 tauron
765 3511 894 3570 quariturn
915 3507 947 3556 ad
968 3509 1030 3565 boo,
1043 3511 1115 3570 qued
1131 3509 1180 3556 de·

101 3575 186 3622 lectus
203 3593 234 3626 ex
256 3585 310 3642 ipsu
332 3583 447 3631 incidere
468 3575 554 3641 potest
569 3597 594 3634 ις
612 3580 642 3626 ln
661 3575 923 3636 tae¹›.1tsenr.,ttur.
941 3576 1076 3637 xxxva,
1092 3594 1121 3642 q.
1140 3578 1176 3635 ll,

100 3657 126 3689 a.
151 3645 160 3690 l
184 3649 215 3694 ad
236 3651 261 3697 2.
