2475 3909
448 200 531 248 anns
553 200 682 246 sunaus
1028 168 1069 241 57

51 286 192 371 primum
216 283 373 368 inquirit,
401 284 480 370 quid
510 283 701 369 probabile,
730 290 786 347 aut
812 278 991 345 verisimile
1016 280 1050 344 in
1074 300 1110 345 re

50 367 199 452 quaesita
218 365 283 432 sihi
306 378 478 445 occurrat,
500 378 532 433 et
553 366 670 432 deinde
695 386 755 451 per
775 363 831 427 has
852 361 1035 446 prohabiles
1061 385 1112 428 ra-

50 450 153 547 tiones
177 450 218 514 ad
241 447 441 598 perfectam,
463 471 521 516 seu
542 448 751 517 scientificam
778 445 994 532 cognitionem
1023 446 1112 512 illius

50 554 93 597 res
116 554 240 620 progne
263 544 339 599 rtur.

116 680 188 731 Aer.
210 675 462 743 l.-Quaestlones,
481 692 549 743 quae
569 680 595 729 in
614 680 767 728 universnm
787 679 858 728 circa
879 691 921 727 res
940 678 1040 729 institui

422 758 541 816 possunt.
561 756 732 802 recensentur

84 867 136 933 25.
161 866 311 943 Quatnor
331 866 370 931 tle
392 866 538 954 qualibet
557 890 592 933 ra
614 868 729 955 quaeri
750 879 900 963 possunt,
931 890 1046 955 nempe
1072 894 1127 952 aa,

3 992 4 1037 3
51 951 100 1027 rit,
122 949 204 1035 quial
226 949 282 1028 sit,
303 950 404 1037 qualis
425 952 478 1028 sit,
493 972 563 1029 cor,
586 954 714 1016 et'untle
728 963 782 1015 stt.
798 952 909 1017 Prima
923 955 1111 1038 quaestione

49 1035 218 1117 quaeritur
244 1034 416 1099 existentia
437 1036 507 1109 rei.;
530 1034 652 1113 altera,
684 1035 785 1119 ipsius
813 1035 972 1111 essentia;
1002 1036 1111 1113 tertia,

49 1115 204 1199 qualitas,
226 1135 308 1199 quae
329 1118 378 1180 rei
402 1116 557 1193 inhaeret,
573 1118 628 1182 sed
644 1119 715 1183 eius
729 1116 901 1181 essentiam
919 1137 983 1181 non
1003 1117 1110 1193 efficia

50 1212 167 1345 qffma
189 1195 344 1283 denique,
366 1197 453 1276 linis,
475 1210 606 1286 propter
621 1221 728 1285 quem,
751 1210 784 1265 et
804 1220 913 1273 causa,
928 1221 969 1264 ex
983 1220 1046 1285 qua
1060 1222 1112 1264 res

48 1304 63 1345 e
87 1292 163 1347 ecta
185 1291 243 1345 est.

83 1366 137 1431 26.
164 1362 258 1429 Circa
281 1364 359 1428 haec
380 1364 471 1428 varia
491 1364 717 1448 quaestionum
740 1384 857 1449 genera
877 1362 1037 1447 quaedam
1058 1364 1112 1428 ed-

49 1444 190 1513 notanda
213 1454 297 1515 sunt:

86 1527 118 1592 1⁰
143 1528 228 1594 Cum
242 1526 416 1594 existentia
430 1527 492 1606 rei,
507 1526 547 1593 de
561 1548 626 1613 qua
640 1528 822 1613 quaeritur,
837 1548 897 1596 nos
909 1527 999 1604 latet,
1015 1548 1114 1626 quae-

49 1610 106 1678 stio
128 1632 175 1675 ess
195 1612 249 1689 sit,
272 1609 346 1675 aliis
368 1610 561 1696 praecedere
581 1609 696 1687 (lebet,
721 1611 842 1696 quippe
861 1610 948 1695 quod
970 1610 1052 1677 uilrrl
1072 1611 1113 1677 de

48 1693 160 1780 aliqua
182 1714 218 1759 re
240 1712 395 1778 quaerere
416 1689 502 1772 licet,
519 1694 583 1758 nisi
600 1694 704 1780 ipsam
717 1711 786 1758 esse
799 1702 934 1762 constet.
950 1692 990 1758 Ut
1004 1704 1113 1762 autem

48 1774 125 1842 haec
148 1777 300 1862 quaestio
318 1774 447 1840 institui
461 1778 574 1861 possit,
591 1795 717 1840 neccsse
730 1785 781 1841 est
792 1784 829 1841 ut
843 1776 1021 1839 innotescat
1031 1775 1112 1861 quid

49 1859 181 1924 nomine
211 1858 258 1923 rei
284 1856 450 1943 quaesitae
473 1857 696 1945 intelligatur,
726 1857 812 1923 nulla
840 1856 926 1922 enim
952 1858 1111 1941 quaestio,

49 1960 274 2025 quaecumque
295 1960 334 2005 ea
356 1940 409 2014 sit,
430 1940 554 2007 institui
576 1949 690 2026 potest,
713 1940 778 2005 nisi
799 1957 911 2015 noces,
933 1939 1052 2023 quibus
1072 1940 1113 2006 si·

52 2022 237 2107 gnilieatur,
258 2032 444 2108 compertae
465 2022 539 2088 sint.

87 2104 122 2167 2⁰
146 2104 385 2181 Quaestiones,
407 2124 447 2167 an
467 2124 516 2169 res
538 2107 602 2183 sit,
625 2114 658 2170 et
678 2103 780 2189 qualis
801 2124 849 2168 res
871 2100 932 2180 sit,
952 2100 994 2167 ad
1014 2123 1113 2168 unam

53 2188 276 2281 quaestionem
298 2195 506 2264 revocantur,
528 2187 650 2271 quippe
671 2184 758 2269 quod
779 2184 893 2249 ambae
915 2184 954 2249 ad
975 2187 1114 2254 existen·

54 2277 128 2333 tram
152 2270 203 2333 rei
228 2270 401 2354 pertinent,
419 2278 451 2333 et
471 2277 594 2333 tantum
617 2270 651 2333 in
672 2288 712 2332 eo
733 2268 898 2343 differunt,
913 2266 999 2351 quod
1015 2286 1114 2352 quae·

53 2351 124 2428 stin,
147 2371 191 2416 nn
211 2372 261 2414 res
282 2352 334 2427 sit,
358 2350 491 2448 respicit
511 2351 714 2417 existentiam
728 2352 778 2415 rei
792 2348 948 2426 absolute;
967 2347 1114 2434 quaestio

54 2443 178 2510 autem,
201 2433 369 2529 quietiores
393 2441 452 2509 set,
473 2442 621 2497 versatur
640 2433 728 2497 circa
748 2431 953 2499 existentiam
974 2430 1114 2495 alicuius

56 2514 234 2581 allectionis
255 2516 315 2580 rei.
339 2513 437 2592 ltem,
458 2516 676 2599 quaestiones,
696 2515 774 2601 qaid
792 2536 841 2579 res
862 2513 915 2589 sit,
937 2523 1114 2598 eapropter

55 2598 123 2679 quid
145 2598 219 2693 ipsa
239 2597 304 2674 sit,
327 2595 368 2662 ad
389 2596 520 2662 unicam
541 2598 763 2683 quaestionem
787 2597 946 2672 redeunt3
969 2616 1042 2659 nam
1064 2594 1114 2659 rei

55 2691 205 2754 matra,
227 2679 262 2743 iu
282 2700 348 2765 qua
368 2680 524 2825 quaestio,
543 2680 620 2767 qaid
641 2682 694 2758 sit,
713 2680 873 2755 consistit,
888 2677 1114 2764 complectitur

56 2760 227 2859 principia,
247 2781 290 2826 ex
310 2762 365 2846 qni
390 2782 428 2826 us
449 2782 501 2827 res
523 2762 741 2838 constituitur,
757 2762 825 2827 sive
842 2779 967 2835 causas,
982 2770 1114 2845 propter

56 2862 130 2927 quas
153 2861 225 2927 rpsa
246 2840 287 2906 ad
309 2844 402 2921 hanc,
417 2852 449 2909 et
462 2864 525 2909 non
541 2842 581 2907 ad
595 2843 693 2910 aliam
714 2844 856 2930 speciem
868 2844 1019 2928 pertinet:
1034 2861 1114 2927 qua-

56 2937 189 3013 propter
209 2924 267 3009 qui
289 2926 381 2992 novit
401 2945 512 2991 causas
533 2924 602 3003 rei,
625 2946 740 3013 nempe
801 2936 886 3011 apter
907 2926 992 3011 qaid,
1015 2926 1044 2989 is
1064 2942 1113 2988 es-

57 3009 192 3075 sentiam
212 3005 274 3085 rei,
295 3028 410 3094 nempe
432 3010 509 3094 quid
527 3028 575 3073 res
597 3010 651 3086 sit,
667 3009 753 3074 simu
786 3008 894 3087 discit;
908 3019 941 3073 et
954 3006 1109 3075 vicissim.

57 3089 91 3153 lt.
115 3112 163 3178 g.,
187 3089 216 3154 si
238 3090 312 3174 quis
332 3091 496 3175 cognoscit
522 3110 674 3169 causam,
697 3111 872 3178 perquam
896 3090 971 3155 luna
991 3087 1111 3162 deficit,

57 3194 120 3238 esse
143 3173 429 3257 interpositionem
450 3182 555 3241 terrae
578 3173 664 3240 inter
684 3172 805 3252 lunam,
827 3183 860 3240 et
881 3174 995 3248 solem,
1015 3170 1112 3235 simul

58 3254 226 3341 cognoscit
244 3250 459 3323 defectionem
479 3254 574 3321 lunae
597 3276 666 3320 esse
686 3255 901 3340 privationem
923 3255 1056 3320 luminis
1070 3274 1113 3318 ex

57 3334 304 3427 interpositione
326 3347 430 3403 terrae
452 3336 537 3404 inter
558 3339 679 3413 lunam,
695 3348 727 3403 et
741 3338 839 3405 solem
858 3336 1015 3412 allectam
1031 3356 1112 3421 quo·

58 3422 139 3488 circa
160 3419 334 3485 essentiam
357 3416 487 3503 eclipsis
506 3442 569 3485 una
590 3440 665 3485 cum
685 3441 782 3486 cansa
805 3422 877 3487 eins
896 3420 1071 3505 cognoscit.

90 3503 125 3571 3⁰
148 3502 375 3581 Quaestioues,
397 3522 438 3565 oa
457 3522 506 3567 res
528 3504 582 3582 sit,
604 3514 638 3569 et
658 3503 758 3589 qualis
777 3526 827 3568 res
846 3507 900 3581 sit,
922 3523 996 3567 cum
1011 3503 1114 3588 respi-
1233 3569 1234 3582 ,

58 3586 138 3655 ciant
158 3583 366 3651 existentiam
387 3584 448 3660 rei,
472 3585 690 3682 cognitionem
709 3585 877 3669 uolgarem
893 3585 1110 3670 quaestiones,

58 3670 130 3755 qaid
147 3688 201 3741 res
224 3666 290 3745 sit,
312 3676 344 3733 et
358 3676 487 3756 propter
508 3667 584 3761 qued
604 3669 662 3747 sit,
684 3688 759 3736 cum
781 3670 947 3761 inquirant
967 3686 1109 3745 causam,
1233 3763 1234 3766 Ἴ
