2475 3909
153 185 216 257 258
516 201 767 252 curranronoarr

153 291 206 356 80.
229 288 340 353 Prima
362 288 496 353 minoris
525 308 599 374 pars
622 288 666 353 ita
689 285 940 354 demonstratur.
964 286 1102 354 Plurimi
1119 290 1183 356 cir-

114 390 151 434 ca
166 370 251 435 idem
273 368 395 435 lactum
418 368 535 436 sensile
555 368 799 454 deciperentur,
814 372 841 435 si
857 369 970 436 eodem
984 391 1181 456 organorum

113 453 335 517 sensoriorum
357 450 439 517 vitio
465 449 671 524 laborarent,
694 451 743 515 vel
767 451 918 517 eumdem
950 449 1111 517 defectum
1135 467 1182 520 at-

114 534 265 600 tentionis
286 541 484 619 paterentur.
509 533 609 617 Atqui
639 544 788 599 neutrum
811 534 942 599 evenire
968 544 1085 617 potest.
1107 536 1180 601 Non

114 615 272 699 primum;
295 635 368 678 nam
390 613 536 682 delectas
562 614 727 681 naturales
748 624 823 681 sunt
840 634 899 699 per
920 614 1077 691 occidens,
1100 616 1183 683 idest

109 707 236 777 praeter
257 697 454 761 intentionem
477 708 620 773 notarem
643 695 676 759 id
699 705 825 773 autem,
847 695 933 782 quod
956 708 1004 763 est
1019 716 1079 780 per
1100 700 1183 763 occi·

113 776 208 853 deas,
233 778 266 841 in
288 778 442 864 plurimis
462 777 594 849 evenire
623 798 686 841 non
709 787 814 863 potest
828 778 850 841 ⁸.
874 779 945 843 Non
966 778 1103 845 alterum
1121 800 1132 855 3
1153 782 1179 845 si

114 857 203 921 enim
225 856 349 925 sactum
374 872 422 925 est
442 858 601 945 simplex,
628 860 697 923 sive
724 861 925 927 minutorum
953 858 1180 926 adiuncturum

113 958 251 1035 expers,
276 941 367 1007 valde
400 944 523 1008 intento
545 940 655 1003 animo
682 960 765 1025 opus
787 961 850 1005 nou
878 951 925 1006 est
946 941 985 1007 ad
1006 942 1087 1008 illnd
1112 964 1182 1028 per-

116 1021 334 1104 spiciendum
357 1023 406 1087 sin
429 1042 540 1108 grave,
555 1031 587 1086 et
598 1021 737 1091 illustre.
760 1021 840 1087 nibil
864 1035 951 1090 certe
973 1037 1036 1101 est,
1057 1045 1116 1090 cur
1130 1046 1182 1091 su-

115 1102 281 1246 spicemur
301 1104 461 1189 plurimos
486 1113 580 1169 testes
601 1103 724 1168 nullam
751 1101 936 1171 adhibuisse
969 1108 1180 1173 attentionem

115 1203 133 1246 a
178 1183 284 1269 ipsum
306 1184 557 1251 observandum.

155 1265 207 1331 81.
232 1266 343 1333 Altera
374 1288 450 1354 pars
469 1266 632 1332 evincitur
659 1276 727 1331 turn
754 1286 793 1331 ex
822 1278 914 1352 parte
937 1268 1088 1345 testium,
1112 1278 1182 1334 tum

115 1366 155 1410 ex
179 1360 268 1445 parte
291 1372 429 1425 eorum,
452 1349 510 1433 qui
533 1348 655 1411 lactum
682 1345 831 1415 audiunt.
857 1350 906 1413 Ex
929 1361 1020 1438 parte
1047 1350 1182 1435 quidem

114 1438 258 1495 testium.
281 1433 435 1517 Namque
449 1430 596 1496 homines
618 1437 732 1493 natura
761 1430 807 1494 ita
828 1433 1006 1515 comparati
1028 1442 1125 1507 sunt,
1148 1441 1184 1497 ut

116 1513 286 1579 veritatem
307 1513 457 1600 diligant:
473 1511 640 1597 quocirca,
664 1510 727 1575 nisi
744 1531 763 1574 a
800 1512 978 1577 erturbatis
998 1514 1100 1578 animi
1117 1535 1185 1577 mo·

116 1591 206 1659 tibus
227 1594 444 1681 abripiantur,
467 1593 507 1657 ad
530 1590 735 1657 mendacium
756 1531 874 1657 adduci
899 1594 1031 1659 minime
1078 1596 1185 1660 aliun-

115 1684 181 1740 tur.
205 1679 304 1761 Atqui
326 1674 397 1741 fieri
421 1675 556 1760 nequit,
580 1683 618 1739 ut
645 1673 779 1759 plurimi
812 1674 959 1740 homiues
990 1677 1038 1740 eis
1062 1697 1114 1740 em
1136 1676 1185 1741 el·

116 1754 285 1823 fraenibus
318 1756 554 1844 cupiditatibus
585 1755 838 1841 mancipentur,
873 1753 1011 1841 ideoque
1040 1758 1072 1821 in
1096 1756 1184 1823 idem

117 1839 323 1906 mendacium
344 1839 554 1925 conspirent;
576 1834 772 1923 cupiditates
799 1838 888 1901 enim
916 1839 1060 1915 multae,
1081 1849 1115 1905 et
1136 1837 1187 1902 di-

117 1942 230 1986 versae
252 1930 349 2000 suut,
371 1930 483 2008 utpote
515 1939 599 2003 quae
625 1939 644 1984 a
666 1915 794 1983 diversa
820 1916 952 1997 indole,
980 1920 1185 2005 diversisque

118 2002 266 2069 moribus
287 2005 451 2079 oriuntur,
474 2021 511 2065 ac
534 1998 672 2085 proinde
693 1998 858 2066 discordes
878 2000 1024 2067 homines
1045 2001 1184 2077 iaciunt,

118 2083 251 2169 solaque
273 2086 406 2163 veritas,
420 2103 504 2168 qnae
520 2080 636 2147 eadem
656 2086 839 2149 necessario
853 2092 913 2161 est,
928 2103 984 2148 eos
998 2081 1036 2148 ad
1054 2103 1187 2149 consen-

118 2166 243 2231 sionem
265 2165 425 2231 adducere
452 2172 570 2250 potest.
594 2164 646 2227 Ex
667 2172 758 2248 parte
779 2174 888 2229 antem
909 2184 1036 2243 eorum,
1057 2166 1116 2251 qui
1138 2164 1186 2230 fa-

118 2258 207 2311 ctum
228 2246 376 2313 audiunt.
401 2246 497 2323 Nam,
520 2266 595 2308 cum
618 2243 741 2309 factum
762 2248 805 2311 sit
820 2246 929 2332 magni
945 2249 1116 2323 momenti,
1130 2248 1187 2313 bo·

118 2329 224 2394 mines
250 2350 315 2393 non
337 2326 491 2393 adhibent
512 2325 562 2390 illi
584 2324 694 2403 fidem,
709 2327 773 2391 nisi
795 2329 903 2413 ipsum
926 2337 1045 2395 attente
1066 2350 1187 2415 expen-

117 2408 208 2489 dant;
237 2422 271 2478 et
282 2411 411 2496 quoties
432 2409 555 2473 lactum
575 2418 624 2474 est
648 2407 835 2494 publicum,
859 2406 972 2487 fraus,
995 2411 1021 2475 si
1043 2432 1108 2507 qna
1130 2413 1185 2489 sit,

118 2491 215 2559 facile
242 2489 441 2578 deprehendi
474 2500 596 2637 potest3
619 2501 821 2578 quapropter
841 2500 938 2557 testes
966 2494 1096 2558 mentiri
1123 2515 1188 2558 non

120 2577 263 2661 potuisse
285 2595 344 2661 pro
366 2582 455 2638 certo
497 2570 661 2637 abeodum
683 2584 749 2649 est;
773 2594 867 2639 nemo
887 2573 974 2639 enlm
997 2572 1077 2639 adeo
1100 2574 1187 2641 insa-

118 2677 179 2721 nus
201 2667 266 2735 est,
289 2665 349 2735 ut,
373 2675 448 2719 cum
475 2653 664 2739 praevideat
697 2653 902 2721 mendacium
932 2653 1096 2722 detectum
1130 2657 1187 2735 iri,

120 2740 307 2805 mentiatur.

159 2820 211 2886 82.
235 2820 350 2904 Neque
371 2816 462 2882 dicas
483 2836 562 2882 exce
589 2816 670 2882 tioni
689 2815 879 2903 ingtegibus,
903 2838 986 2903 quae
1009 2838 1116 2883 mores
1131 2818 1190 2883 bo—

119 2902 243 2965 minum
262 2900 459 3004 gubernant,
480 2920 522 2963 ex
545 2837 650 2965 abusu
672 2919 785 2965 eorum
806 2898 968 2966 libertatis
989 2898 1096 2966 locum
1118 2920 1190 2964 esse

162 3003 224 3047 sse.
248 2983 395 3061 btenim,
417 2981 478 3046 etsi
500 2980 688 3047 huiusmodi
710 2983 861 3068 exceptio
882 2980 1028 3047 absolute
1052 2982 1193 3068 possibi-

118 3001 161 3129 bb
182 3065 236 3141 sit,
259 3074 378 3140 tamen,
400 3084 475 3127 oum
497 3062 643 3141 nnllam,
666 3062 708 3128 ob
730 3085 827 3150 quam
850 3062 927 3141 fiat,
950 3064 1111 3131 rationem
1133 3084 1193 3128 ox-

121 3157 189 3213 tare
221 3145 317 3266 npbis
342 3153 488 3225 constat,
518 3146 623 3232 ipsam
649 3146 756 3232 reipsa
783 3144 903 3214 iactam
930 3166 994 3210 non
1015 3166 1083 3211 esse
1104 3147 1193 3213 certi

119 3250 231 3295 sumus
261 3276 269 3292 .

469 3360 527 3371 ψ...

157 3435 224 3491 ¹Cl
239 3453 261 3490 a.
283 3434 391 3498 Thone„
413 3439 485 3489 Cant.
507 3437 592 3496 cent,
607 3436 654 3487 lib.
675 3432 709 3497 ll,
730 3452 756 3489 a.
777 3437 822 3490 34.

155 3508 284 3561 ²Exinde
305 3511 369 3560 illud
390 3514 473 3572 patet,
493 3510 564 3574 qnod
584 3509 617 3558 ad
637 3511 829 3574 assequendam
856 3512 1045 3563 certitudinem
1063 3512 1130 3563 salle
1150 3519 1195 3566 est

119 3595 300 3647 cognoscere,
327 3583 486 3641 sibilasse,
507 3583 577 3645 quod
605 3586 686 3632 testes
710 3584 743 3632 ed
763 3583 908 3635 fallendum
934 3585 1060 3635 inducere
1087 3586 1195 3646 veleat3

120 3669 193 3716 nam,
213 3667 275 3704 cum
295 3656 417 3706 homines
436 3654 551 3705 naturali
571 3668 661 3705 amore
681 3667 742 3720 erga
764 3670 856 3708 rorum
876 3660 1027 3718 teneantur,
1048 3658 1195 3711 veritatem
1235 3672 1237 3753 q
