2475 3909
139 152 203 218 246
496 170 751 219 emramoaoura

97 277 136 399 pc
155 256 286 341 proinde
307 254 413 338 salsus
437 267 482 319 eet
509 256 679 321 recitemus
704 257 939 343 hypotheticus,
961 280 1013 324 eeu
1035 264 1171 327 rationa-

113 358 223 401 asmus.
643 398 652 419 ,

143 419 319 495 Probatur,
343 418 518 503 praecipue
544 430 656 495 contra
678 420 872 487 Cousinium
889 423 912 486 ¹.
937 424 1169 501 Ratiocinatio,

123 522 164 563 ua
187 522 230 565 ex
250 500 490 565 sensationibus
514 500 717 579 subiectivis,
740 524 822 589 quas
844 504 946 570 veluti
969 506 1105 572 totidem
1125 506 1170 571 ef·

98 522 204 646 dectus
227 584 261 647 in
284 581 379 647 uobis
400 584 614 668 experimur,
637 586 788 669 arguitur
808 586 906 650 realis
928 589 1103 654 existentia
1123 608 1172 651 re·

98 686 173 728 rum
195 665 383 742 sensilium,
410 674 524 749 utpote
546 686 643 730 causa
671 668 818 751 ipsarum
845 671 1077 747 sensationum,
1099 690 1171 734 con-

100 746 281 810 elusionem
303 745 398 811 habet
420 745 613 830 ampliorem
640 750 839 832 praemissis.
864 752 964 835 Atqui
986 749 1171 816 huiusmodi

99 828 307 892 ratiocinatio
329 828 418 892 nulla
440 838 500 892 est.
524 830 623 915 Ergo.

141 909 193 973 t3.
218 909 327 972 dicier
349 911 394 974 ita
416 908 612 977 declaratur:
630 912 663 977 Si
686 912 884 977 sensationes
907 912 987 977 nihit
1009 923 1101 979 extra
1117 935 1173 979 nos

101 990 315 1076 patefaciunt,
331 1013 373 1055 ex
391 1012 431 1056 eo
446 990 535 1076 quod
557 995 567 1056 i
593 1012 656 1069 sas,
678 992 769 1058 reiut
790 992 935 1072 effectus,
961 996 994 1058 in
1008 996 1103 1060 uobis
1119 1016 1174 1060 ex-

104 1073 277 1156 perimur,
302 1083 397 1138 etex
419 1096 480 1149 co,
502 1014 591 1157 quod
615 1074 727 1138 nullus
753 1074 887 1141 effectus
908 1076 1048 1142 existere
1073 1087 1176 1162 potest

101 1156 172 1217 sine
193 1175 313 1230 causa,
341 1157 488 1241 sequitur
513 1164 664 1241 oportere
690 1177 760 1221 esse
788 1156 930 1243 aliquam
959 1179 1074 1223 earum
1101 1180 1175 1225 cau-

103 1257 191 1312 sam,
214 1258 278 1301 non
303 1258 380 1302 vero
402 1238 483 1301 hanc
509 1258 639 1302 causam
662 1259 730 1302 esse
752 1260 901 1324 corpora.
925 1241 963 1305 Ε.
989 1262 1034 1325 g„
1057 1242 1082 1305 si
1106 1263 1177 1305 sen-

103 1318 262 1383 satiouem
285 1316 420 1404 frigoris
440 1317 481 1382 ab
504 1320 576 1403 ipsa
598 1319 671 1383 nive
695 1321 727 1383 in
753 1322 861 1386 anima
884 1320 1019 1407 produci
1043 1342 1106 1387 non
1120 1345 1176 1387 ex-

102 1402 312 1485 periremur,
340 1423 416 1465 sane
444 1421 486 1465 ex
508 1422 572 1476 co,
592 1400 680 1485 quod
707 1402 766 1466 hac
792 1404 952 1468 afficimur
977 1406 1174 1479 sensatione,

102 1494 199 1565 atque
221 1504 264 1545 ex
285 1504 348 1558 eo,
369 1482 456 1567 quod
486 1483 596 1546 nultus
623 1483 756 1547 effectus
784 1494 832 1549 est
858 1487 928 1549 sine
952 1505 1073 1564 causa,
1095 1486 1175 1551 ittud

103 1564 273 1629 dumtaxat
293 1566 401 1628 evinci
421 1576 539 1648 potest,
556 1564 700 1647 aliquam
723 1586 792 1629 esse
815 1566 999 1630 huiusmodi
1024 1570 1180 1632 sensatio-

102 1646 156 1708 nis
177 1666 320 1721 causam3
336 1655 369 1710 at
382 1644 547 1731 quomodo
562 1646 644 1709 certi
660 1644 830 1711 reddimur
852 1650 932 1711 hanc
954 1669 1085 1713 causam
1109 1670 1178 1715 esse

103 1728 240 1791 nivem?
272 1728 386 1793 Nonne
420 1727 589 1792 ldealistae
611 1726 662 1791 vel
685 1727 790 1811 ipsam
814 1730 974 1809 animam,
997 1729 1048 1795 ael
1070 1730 1178 1796 Deum

103 1810 177 1873 eius
199 1830 330 1874 causam
351 1830 421 1874 esse
443 1829 601 1893 reponere
623 1810 786 1892 possunt?

144 1892 197 1955 44.
220 1892 332 1975 ltaque
359 1892 534 1957 existentia
562 1890 677 1955 muudi
700 1890 829 1956 sensilis
850 1902 900 1956 est
920 1894 1040 1957 veritas
1062 1894 1182 1978 primi-

104 1973 171 2037 tiva
192 1975 266 2053 scoti
288 1994 403 2058 nempe
430 1972 637 2048 huiusmodi,
660 1980 697 2037 ut
718 1973 808 2056 ipsae
835 1977 1060 2059 perceptiones
1080 1974 1185 2039 seusi-

103 2055 152 2119 les
173 2054 264 2119 ittam
286 2054 378 2118 nobis
400 2052 587 2119 immediate
610 2054 829 2121 manifestent.

225 2179 292 2229 dar.
306 2178 352 2230 tii.
365 2178 546 2245 —Quaedam
566 2178 763 2243 Scepttcorum,
783 2186 865 2246 atquo
886 2179 1067 2232 tdeatisterum

481 2252 651 2303 difficultates
672 2255 811 2303 dituuntar

146 2362 198 2427 45.
221 2361 328 2427 Obiic.
358 2358 391 2425 1⁰
413 2361 632 2438 Dormientes‚
648 2383 751 2448 aeque
773 2383 811 2427 ac
833 2362 1020 2449 vigilantes,
1043 2383 1183 2448 corpora

105 2446 277 2530 percipere
298 2452 424 2528 putant,
438 2464 523 2540 quae
545 2464 581 2507 re
603 2443 674 2527 ipsa
696 2464 760 2509 uon
782 2454 868 2510 sunt.
892 2446 992 2530 Atqui
1016 2454 1103 2510 certe
1120 2448 1184 2509 sci-

105 2549 142 2591 re
158 2548 222 2590 non
238 2544 409 2609 possumus
430 2534 529 2591 vitam
551 2535 696 2589 nostram
717 2547 782 2591 nou
797 2547 866 2591 esse
888 2534 1082 2612 perpetuum
1098 2545 1186 2590 som-

105 2611 211 2674 nium.
235 2610 323 2705 Ergo
345 2616 433 2673 certe
458 2607 543 2670 scire
570 2627 633 2670 non
666 2626 838 2691 possumus
870 2608 1009 2672 existere
1030 2627 1184 2693 corpora,

106 2712 191 2775 quae
214 2709 385 2775 percipere
406 2687 498 2752 nobis
520 2686 684 2754 videmur.

148 2775 199 2838 46.
224 2773 336 2857 Resp,
359 2772 444 2834 trist.
469 2772 560 2845 mai„
583 2768 697 2833 codem
720 2768 829 2849 modo,
852 2790 890 2835 ac
911 2770 1096 2855 vigilantes,
1111 2788 1181 2850 neq.

107 2857 209 2931 moi,
236 2852 365 2918 diverso
394 2850 515 2927 modo,
538 2871 622 2915 corto.
650 2852 725 2915 mci.
750 2850 829 2934 Nep.
854 2852 955 2928 mim,
978 2861 1011 2916 et
1032 2870 1116 2913 cous.
1142 2854 1187 2917 Et

107 2958 198 3013 sane,
211 2936 295 2999 iuter
309 2934 529 3019 vigilantium,
544 2942 577 2999 et
591 2930 826 2998 dormientium
847 2934 1073 3079 perceptiones
1086 2933 1190 3017 quid·

108 3040 207 3103 quam
236 3017 390 3084 interesse
416 3036 456 3079 ne
483 3015 624 3103 Sceptici
651 3014 784 3098 quidem
811 3012 844 3077 di
867 3016 942 3079 lteri
971 3026 1132 3099 possuut;
1157 3015 1189 3078 si

109 3102 197 3165 enim
211 3098 296 3163 nihil
315 3099 487 3163 interesset
508 3099 596 3164 inter
607 3104 726 3161 statum
748 3095 896 3179 vigiliae,
912 3104 944 3161 et
967 3105 1086 3160 statum
1101 3116 1193 3160 som-

108 3184 181 3257 nii,
204 3191 292 3247 certe
314 3181 377 3264 ipsi
400 3179 501 3245 atium
523 3180 565 3244 ab
587 3178 675 3253 atio,
699 3178 796 3244 sicuti
823 3178 943 3243 caeteri
967 3178 1113 3241 homines
1139 3176 1192 3241 fa·

110 3266 212 3342 ciunt,
234 3264 370 3327 minime
393 3270 609 3327 secernerent.
624 3261 699 3325 Non
720 3258 837 3324 desunt
858 3268 968 3323 autem
991 3269 1097 3335 notae,
1113 3260 1194 3342 qui—

110 3347 171 3410 hus
193 3367 213 3410 ο
238 3347 361 3427 positos
386 3344 444 3409 hos
473 3354 573 3409 status
601 3344 703 3407 animi
735 3344 954 3406 internoscere
977 3340 1071 3404 nobis
1093 3340 1189 3404 licet.

110 3429 195 3495 Nam
211 3366 244 3490 [ζ’
260 3427 293 3490 in
316 3427 443 3512 uigilia,
457 3447 522 3491 non
545 3433 655 3489 autern
678 3425 711 3488 in
733 3425 859 3487 somnio
874 3424 1067 3509 experimur
1081 3424 1193 3487 actio-

147 3647 158 3683 t
180 3645 261 3696 cotors
279 3645 303 3693 d'
314 3629 678 3700 ttat.etc.,tee.XtX,Oeuur.
695 3638 716 3685 t.
730 3631 752 3696 1,
767 3646 794 3699 p.
806 3632 930 3707 itt-sqq,
944 3630 1082 3687 Bruxeitca
1103 3633 1194 3687 tate.
