2475 3909
2 21 119 188 χ,

363 207 547 256 rnnouacm
571 205 759 258 nsrvnmrs
992 199 1053 268 369

71 289 142 355 161.
164 291 197 358 si
247 292 331 356 rimo
351 311 445 356 sensu
465 294 614 378 quaestio
636 295 838 382 accipiatur,
862 302 1096 387 respondemus

27 376 191 437 rationem
215 310 303 437 ibam
325 394 393 438 esse
415 373 569 438 Divinam
593 375 694 460 ipsam
728 377 911 446 Bonitatem
930 430 939 458 ,
961 407 1003 450 ex
1031 407 1097 473 que

27 457 189 522 creaturis
215 454 431 540 perfectiones
455 477 530 521 suas
554 460 795 523 communicare
824 463 926 530 voluit
942 466 970 543 Ι;
994 469 1097 554 siqui-

26 537 104 602 dem
125 539 190 602 iam
211 549 374 603 ostensum
395 559 413 601 a
434 539 529 604 nobis
549 550 597 604 est
618 539 719 603 solam
743 540 892 607 Divinam
916 546 1096 616 Bonitatem

26 641 100 684 osse
122 621 293 695 rationem,
308 642 368 685 cur
383 619 470 686 Deus
490 621 570 686 velit
585 642 807 707 quaecumque
822 637 914 693 extra
937 650 970 694 se
991 633 1095 699 vult².

25 703 192 778 Quoniam
219 715 326 768 autem
353 703 538 767 huiusmodi
567 703 662 781 linis,
687 724 802 791 nempe
825 707 943 774 Divina
966 713 1098 780 Bonitas

25 784 267 861 «nullomodo
289 784 449 872 dependet
470 784 511 850 ab
533 785 603 863 bis,
649 807 709 850 uae
736 801 810 855 sunt
832 791 871 854 ad
895 792 1015 872 linem,
1039 817 1097 861 nec

24 876 186 951 quantum
202 868 241 932 ad
257 889 339 942 esse,
355 889 414 932 nec
428 878 584 952 quantum
601 805 645 932 ad
653 865 893 964 perfectionem
908 874 1052 961 aliquam
1065 902 1095 956 a,

24 951 180 1032 sequitur
200 950 305 1016 Deum
332 971 395 1014 non
422 950 504 1014 velle
526 951 662 1015 «alicui
689 971 780 1016 suam
806 955 985 1025 Bonitatem
1013 981 1099 1025 com-

25 1033 198 1096 municare
218 1034 258 1097 ad
281 1033 362 1110 hoo,
386 1042 424 1098 ut
451 1033 514 1097 sibi
539 1032 656 1097 exinde
683 1033 808 1118 aliquid
835 1052 1018 1117 accrescat;
1042 1041 1097 1108 sed

23 1115 108 1198 quia
143 1115 249 1200 ipsam
276 1115 519 1180 communicare
545 1126 594 1181 est
622 1113 685 1179 sibi
719 1123 934 1187 conveniens.
954 1172 988 1187 ..
1012 1124 1098 1190 Dare

24 1207 140 1260 autem
161 1217 222 1261 non
250 1209 384 1284 propter
404 1195 536 1282 aliquod
559 1196 767 1264 commodum
787 1222 829 1265 ex
850 1201 979 1270 datione
1001 1227 1099 1293 expe-

23 1287 185 1343 etatum..
201 1330 209 1342 .
225 1293 274 1347 est
294 1292 384 1345 actus
405 1278 612 1345 liberalitatis
624 1280 671 1342 ⁸».

70 1359 140 1424 1θῖΙ
164 1362 259 1438 Quod
284 1363 311 1426 si
340 1363 422 1429 alter
446 1364 489 1438 sit
510 1363 713 1449 quaestionis
739 1384 873 1444 sensus,
896 1369 941 1435 ita
968 1390 1099 1456 respon·

23 1443 146 1508 demus
165 1465 238 1508 cum
259 1443 374 1509 eodem
395 1447 572 1528 Aquinate:
593 1467 611 1507 a
629 1444 666 1508 In
689 1445 836 1531 partibus
858 1451 999 1518 universi
1021 1474 1100 1518 una-

23 1545 178 1610 quaeque
198 1537 345 1592 creatara
372 1536 420 1592 est
445 1539 578 1613 propter
599 1548 694 1592 suum
717 1532 886 1614 proprium
913 1544 1042 1613 actum,
1066 1547 1099 1603 et

23 1607 274 1695 perlectionem¹
290 1607 437 1676 &cundo
456 1622 576 1686 autem,
598 1619 765 1675 creaturae
788 1612 1000 1698 ignobiliores
1022 1639 1098 1694 sunt

23 1699 164 1778 propter
184 1691 374 1756 nobiliores:
391 1691 474 1757 sicut
492 1701 671 1768 creaturae,
687 1712 768 1776 quae
790 1704 865 1761 sunt
887 1695 972 1764 infra
993 1700 1098 1766 bomi-

24 1796 116 1850 nem,
130 1785 205 1839 sunt
219 1783 356 1860 propter
368 1774 541 1838 bominem.
558 1774 701 1840 Ulterius
716 1789 824 1844 autem
844 1779 991 1864 singulae
1007 1803 1097 1847 crea·

24 1871 121 1922 turae
142 1866 216 1922 sunt
242 1866 375 1942 propter
398 1854 630 1940 perlectionem
656 1858 756 1923 totius
778 1861 933 1926 universi.
956 1863 1099 1932 Ulterius

24 1952 140 2004 autem
161 1948 263 2005 totum
285 1958 473 2002 universum
493 1959 567 2002 cum
589 1940 726 2025 singulis
752 1944 819 2007 suis
841 1944 986 2088 partibus
1011 1947 1099 2012 ordi·

23 2032 126 2086 natur
145 2023 179 2086 in
193 2019 309 2095 Deum,
326 2021 409 2083 sicut
432 2020 465 2083 in
487 2019 583 2084 linem
597 2023 610 2059 ⁴
625 2043 653 2085 a.
671 2025 719 2088 En
743 2046 839 2112 praec
853 2047 908 2090 ara
929 2049 1100 2116 argumen.

22 2105 119 2182 tatio,
140 2125 203 2190 qua
225 2112 353 2168 sanctus
374 2102 496 2166 Doctor
519 2123 628 2167 rerum
653 2107 800 2172 omnium
828 2109 979 2175 ultimum
1001 2112 1098 2180 finem

426 2233 739 2249 Q

20 2307 98 2359 quae
117 2299 177 2346 aaut
196 2297 229 2345 ad
248 2295 339 2356 linem,
360 2301 428 2348 relle
447 2301 527 2351 tinem
546 2305 596 2353 erit
615 2307 639 2354 ei
658 2320 738 2357 eausa
760 2307 862 2358 volendi
881 2322 929 2368 ea,
950 2324 1019 2374 quac
1037 2319 1101 2365 snut

21 2369 60 2417 ad
81 2367 177 2428 dueum
196 2369 252 2428 sed,
272 2371 293 2419 si
314 2384 367 2421 uno
385 2381 449 2423 actu
468 2377 531 2424 velit
549 2377 647 2438 finem,
668 2385 695 2430 el
713 2393 761 2438 ea,
788 2394 856 2444 quae
875 2386 936 2432 sunt
955 2383 986 2433 ad
1006 2383 1098 2446 duem,

22 2442 156 2490 luccesse
174 2455 225 2490 nou
245 2445 361 2505 poterit=
387 2448 449 2508 quia
474 2449 544 2497 idem
564 2464 616 2500 noa
636 2456 677 2501 est
702 2465 783 2502 eausa
808 2455 933 2517 tuipsius¹
954 2452 989 2506 Et
1008 2461 1098 2509 tamon

21 2515 79 2562 erit
99 2525 189 2562 rernm
209 2514 316 2574 dicere,
339 2519 410 2581 quod
430 2520 494 2569 relit
512 2521 636 2573 ordinare
655 2538 706 2582 ea,
727 2537 796 2588 quas
816 2532 876 2575 eunt
896 2528 928 2577 ad
947 2529 1049 2588 linem,
1072 2534 1098 2584 in

20 2586 119 2635 licem.
137 2582 207 2634 Deus
225 2593 332 2647 autem,
351 2591 422 2639 sicut
441 2606 493 2641 nno
512 2600 574 2643 actu
594 2597 683 2646 omnia
704 2599 729 2647 in
748 2593 868 2649 Essentia
893 2613 940 2648 aua
961 2603 1097 2667 tatetttgtt,

21 2660 63 2708 ita
83 2671 136 2706 uno
155 2663 216 2708 actu
234 2662 292 2710 rult
309 2664 399 2712 omnia
418 2664 445 2714 iu
463 2679 511 2716 sua
530 2663 662 2720 bonitate.
683 2667 770 2730 Unde,
791 2672 861 2722 sicut
880 2673 905 2722 iu
924 2670 980 2723 Deo
999 2675 1099 2727 intelll-

21 2742 90 2794 gere
109 2743 217 2779 causam
237 2746 289 2782 non
306 2738 348 2785 cat
366 2749 446 2786 eausa
467 2739 629 2800 intelligendi
647 2741 768 2804 clientas,
782 2745 826 2794 sed
842 2742 899 2808 lpse
918 2746 1042 2813 intelligit
1059 2750 1100 2801 el·

20 2805 115 2854 fectus
135 2803 160 2851 in
179 2816 278 2864 eausa,
300 2806 337 2877 tta
356 2807 424 2858 velle
447 2810 528 2860 finem
547 2819 658 2864 nonest
677 2811 709 2865 Ei
728 2830 807 2866 cansa
834 2819 936 2868 volendi
955 2835 1007 2880 ea,
1027 2837 1098 2886 qnae

21 2875 140 2926 suntad
159 2875 249 2926 flerem.
269 2874 319 2928 Sed
338 2883 427 2931 lamen
446 2885 502 2933 rult
520 2897 568 2942 ea,
589 2899 658 2949 quau
676 2895 739 2940 aunt
758 2890 790 2939 ad
809 2889 909 2948 tinam,
937 2894 1050 2946 ordinari
1071 2899 1099 2947 in

22 2949 119 2998 onem.
139 2945 204 2998 Vult
226 2963 288 3012 ergo
307 2951 357 3002 boc
375 2967 433 3004 esse
453 2961 559 3020 propter
586 2959 657 3018 boc,
683 2960 728 3010 scd
753 2975 804 3012 non
831 2968 938 3027 propter
965 2966 1015 3016 boc
1040 2971 1098 3019 rnlt

21 3022 80 3070 boc
102 3038 127 3078 ις
148 3021 226 3080 totu,
246 3038 272 3072 c.
294 3020 330 3076 (ΙΙ
345 3028 433 3079 contr.
455 3031 541 3088 Gent,
562 3029 608 3080 lib.
630 3030 653 3090 l,
673 3047 699 3083 c.
720 3034 766 3084 87.

62 3095 73 3128 ¹
97 3112 108 3134 ι
125 3087 166 3141 En
185 3097 260 3144 euius
278 3091 403 3164 (Diuinae
415 3097 554 3169 acaunus)
574 3117 665 3154 amore
684 3111 742 3166 est,
761 3107 831 3170 quod
850 3103 920 3158 Deua
936 3104 1005 3160 Eam
1024 3126 1099 3163 cum-

23 3167 166 3216 municare
186 3170 242 3216 vult
258 3187 283 3227 t,
298 3171 346 3234 Qq.
367 3174 465 3237 diapp..
487 3177 525 3224 De
545 3178 617 3235 Por..
638 3191 666 3241 q.
687 3176 733 3237 ΙΙΙ,
752 3193 779 3229 a.
801 3180 834 3229 15
853 3180 887 3230 ad
908 3181 952 3232 tt.

63 3235 158 3301 ²Pag.
179 3238 242 3291 358.
722 3282 725 3290 ·

62 3309 184 3362 ³Contr.
205 3315 292 3374 Garat,
312 3313 358 3363 lib.
381 3313 406 3374 l,
427 3332 452 3366 e.
474 3317 520 3368 93.
542 3320 638 3370 itidem
657 3319 723 3389 (lib.
746 3320 798 3383 ΙΙΙ,
818 3338 844 3374 c.
868 3322 1095 3388 rotaticum:

25 3405 37 3429 ι
63 3381 153 3442 Deus,
179 3388 224 3449 qui
243 3391 283 3436 eet
303 3390 417 3449 primurn
437 3404 516 3454 agens
534 3394 655 3442 omnium
676 3408 785 3455 rerum,
816 3410 867 3447 non
887 3401 926 3448 stc
945 3399 1000 3464 agit
1018 3404 1095 3467 qnasi

22 3471 74 3506 sua
93 3460 199 3509 actione
218 3457 318 3523 aliquid
337 3464 470 3522 acquirat,
491 3464 536 3514 sed
554 3471 631 3529 quast
650 3481 697 3518 rua
717 3471 822 3520 actione
843 3472 940 3536 aliquid
957 3475 1095 3538 targiatur:

22 3532 88 3592 quia
109 3544 164 3580 non
182 3535 222 3580 est
241 3532 268 3580 in
288 3534 425 3594 potentia,
447 3541 475 3585 ut
493 3537 594 3600 aliquid
616 3541 758 3603 acquirere
778 3546 878 3607 possit,
898 3547 944 3595 ted
962 3550 1050 3598 sotum
1069 3553 1097 3604 iu

21 3608 89 3652 actu
110 3604 239 3664 perlecto,
259 3619 292 3654 aa
310 3620 363 3668 quo
381 3613 469 3668 poteo
486 3609 587 3673 aliquid
606 3611 714 3676 elargiri
738 3636 762 3665 ι.

61 3669 74 3709 ⁶
95 3671 118 3732 l,
138 3690 166 3739 q.
187 3671 266 3736 lxv,
286 3691 312 3727 a.
333 3677 350 3728 Ι
369 3693 395 3730 c.

103 3744 210 3797 Parcas.
221 3743 332 3800 Cannar.
343 3754 481 3816 compend.
499 3752 531 3806 ll.
935 3763 990 3816 w
1010 3740 1012 3750 Ι
