<?xml version="1.0" encoding="UTF-8"?>
<!DOCTYPE html PUBLIC "-//W3C//DTD XHTML 1.0 Transitional//EN"
    "http://www.w3.org/TR/xhtml1/DTD/xhtml1-transitional.dtd">
<html xmlns="http://www.w3.org/1999/xhtml" xml:lang="en" lang="en">
 <head>
  <title>
</title>
<meta http-equiv="Content-Type" content="text/html;charset=utf-8" />
  <meta name='ocr-system' content='tesseract 3.04.00' />
  <meta name='ocr-capabilities' content='ocr_page ocr_carea ocr_par ocr_line ocrx_word'/>
</head>
<body>
  <div class='ocr_page' id='page_1' title='image "./philosophiachri00sansgoog_0146.png"; bbox 0 0 2475 3909; ppageno 0'>
   <div class='ocr_carea' id='block_1_1' title="bbox 160 177 766 250">
    <p class='ocr_par' dir='ltr' id='par_1_1' title="bbox 160 177 766 250">
     <span class='ocr_line' id='line_1_1' title="bbox 160 177 766 250; baseline 0.013 -10"><span class='ocrx_word' id='word_1_1' title='bbox 160 177 219 242; x_wconf 77' lang='lat'><strong>132</strong></span> <span class='ocrx_word' id='word_1_2' title='bbox 537 196 766 250; x_wconf 75' lang='lat' dir='ltr'><strong>nrnaurnosrs</strong></span> 
     </span>
    </p>
   </div>
   <div class='ocr_carea' id='block_1_2' title="bbox 109 278 1178 2001">
    <p class='ocr_par' dir='ltr' id='par_1_2' title="bbox 113 278 1178 672">
     <span class='ocr_line' id='line_1_2' title="bbox 116 278 1177 371; baseline 0.007 -30"><span class='ocrx_word' id='word_1_3' title='bbox 116 299 148 342; x_wconf 86' lang='lat' dir='ltr'><strong>se</strong></span> <span class='ocrx_word' id='word_1_4' title='bbox 173 289 229 352; x_wconf 89' lang='lat' dir='ltr'><strong>cst,</strong></span> <span class='ocrx_word' id='word_1_5' title='bbox 255 278 302 343; x_wconf 79' lang='lat' dir='ltr'><strong>rel</strong></span> <span class='ocrx_word' id='word_1_6' title='bbox 322 289 417 364; x_wconf 90' lang='lat' dir='ltr'><strong>prout</strong></span> <span class='ocrx_word' id='word_1_7' title='bbox 432 301 505 342; x_wconf 90' lang='lat' dir='ltr'><strong>cum</strong></span> <span class='ocrx_word' id='word_1_8' title='bbox 520 300 576 344; x_wconf 91' lang='lat' dir='ltr'><strong>cor</strong></span> <span class='ocrx_word' id='word_1_9' title='bbox 600 303 657 348; x_wconf 91' lang='lat' dir='ltr'><strong>ore</strong></span> <span class='ocrx_word' id='word_1_10' title='bbox 672 285 890 370; x_wconf 75' lang='lat' dir='ltr'><strong>coniungitur.</strong></span> <span class='ocrx_word' id='word_1_11' title='bbox 908 285 992 350; x_wconf 84' lang='lat' dir='ltr'><strong>ilinc</strong></span> <span class='ocrx_word' id='word_1_12' title='bbox 1008 295 1177 371; x_wconf 74' lang='lat' dir='ltr'><strong>postquam</strong></span> 
     </span>
     <span class='ocr_line' id='line_1_3' title="bbox 116 303 1178 456; baseline 0.01 -36"><span class='ocrx_word' id='word_1_13' title='bbox 116 359 314 456; x_wconf 76' lang='lat' dir='ltr'><strong>ostendimus</strong></span> <span class='ocrx_word' id='word_1_14' title='bbox 337 383 388 456; x_wconf 82' lang='lat' dir='ltr'><strong>res</strong></span> <span class='ocrx_word' id='word_1_15' title='bbox 410 381 478 426; x_wconf 89' lang='lat' dir='ltr'><strong>esse</strong></span> <span class='ocrx_word' id='word_1_16' title='bbox 503 303 736 448; x_wconf 78' lang='lat' dir='ltr'><strong>intelligibiles,</strong></span> <span class='ocrx_word' id='word_1_17' title='bbox 755 377 913 452; x_wconf 87' lang='lat' dir='ltr'><strong>quatenus</strong></span> <span class='ocrx_word' id='word_1_18' title='bbox 934 378 1010 432; x_wconf 91' lang='lat' dir='ltr'><strong>sunt</strong></span> <span class='ocrx_word' id='word_1_19' title='bbox 1032 368 1178 431; x_wconf 86' lang='lat' dir='ltr'><strong>immate-</strong></span> 
     </span>
     <span class='ocr_line' id='line_1_4' title="bbox 115 443 1178 534; baseline 0.01 -32"><span class='ocrx_word' id='word_1_20' title='bbox 115 444 232 519; x_wconf 80' lang='lat' dir='ltr'><strong>riales,</strong></span> <span class='ocrx_word' id='word_1_21' title='bbox 257 443 515 529; x_wconf 78' lang='lat' dir='ltr'><strong>investigandum</strong></span> <span class='ocrx_word' id='word_1_22' title='bbox 540 444 632 511; x_wconf 90' lang='lat' dir='ltr'><strong>nohis</strong></span> <span class='ocrx_word' id='word_1_23' title='bbox 655 457 719 526; x_wconf 88' lang='lat' dir='ltr'><strong>est,</strong></span> <span class='ocrx_word' id='word_1_24' title='bbox 742 470 884 534; x_wconf 88' lang='lat' dir='ltr'><strong>quanam</strong></span> <span class='ocrx_word' id='word_1_25' title='bbox 905 449 1032 514; x_wconf 89' lang='lat' dir='ltr'><strong>ratione</strong></span> <span class='ocrx_word' id='word_1_26' title='bbox 1055 469 1106 514; x_wconf 92' lang='lat' dir='ltr'><strong>res</strong></span> <span class='ocrx_word' id='word_1_27' title='bbox 1126 470 1178 513; x_wconf 92' lang='lat' dir='ltr'><strong>re·</strong></span> 
     </span>
     <span class='ocr_line' id='line_1_5' title="bbox 113 521 1178 617; baseline 0.007 -29"><span class='ocrx_word' id='word_1_28' title='bbox 113 525 196 590; x_wconf 86' lang='lat' dir='ltr'><strong>latae</strong></span> <span class='ocrx_word' id='word_1_29' title='bbox 218 521 257 588; x_wconf 89' lang='lat' dir='ltr'><strong>ad</strong></span> <span class='ocrx_word' id='word_1_30' title='bbox 283 525 502 603; x_wconf 87' lang='lat' dir='ltr'><strong>intellectum,</strong></span> <span class='ocrx_word' id='word_1_31' title='bbox 525 527 581 612; x_wconf 88' lang='lat' dir='ltr'><strong>qui</strong></span> <span class='ocrx_word' id='word_1_32' title='bbox 605 550 679 594; x_wconf 91' lang='lat' dir='ltr'><strong>cam</strong></span> <span class='ocrx_word' id='word_1_33' title='bbox 702 552 838 616; x_wconf 89' lang='lat' dir='ltr'><strong>corpore</strong></span> <span class='ocrx_word' id='word_1_34' title='bbox 861 532 1089 617; x_wconf 77' lang='lat' dir='ltr'><strong>coniungitur,</strong></span> <span class='ocrx_word' id='word_1_35' title='bbox 1111 532 1178 595; x_wconf 89' lang='lat' dir='ltr'><strong>sint</strong></span> 
     </span>
     <span class='ocr_line' id='line_1_6' title="bbox 114 605 354 672; baseline -0.008 -2"><span class='ocrx_word' id='word_1_36' title='bbox 114 605 354 672; x_wconf 79' lang='lat' dir='ltr'>immateriales.</span> 
     </span>
    </p>

    <p class='ocr_par' dir='ltr' id='par_1_3' title="bbox 113 687 1177 856">
     <span class='ocr_line' id='line_1_7' title="bbox 153 687 1177 785; baseline 0.004 -31"><span class='ocrx_word' id='word_1_37' title='bbox 153 691 195 784; x_wconf 59' lang='lat' dir='ltr'><strong>ht</strong></span> <span class='ocrx_word' id='word_1_38' title='bbox 217 687 412 785; x_wconf 41' lang='lat' dir='ltr'><strong>huiusmodi.</strong></span> <span class='ocrx_word' id='word_1_39' title='bbox 424 693 571 774; x_wconf 87' lang='lat' dir='ltr'><strong>quaestio</strong></span> <span class='ocrx_word' id='word_1_40' title='bbox 593 691 687 777; x_wconf 86' lang='lat' dir='ltr'><strong>plane</strong></span> <span class='ocrx_word' id='word_1_41' title='bbox 709 691 899 769; x_wconf 85' lang='lat' dir='ltr'><strong>deliniatur,</strong></span> <span class='ocrx_word' id='word_1_42' title='bbox 922 705 1092 780; x_wconf 80' lang='lat' dir='ltr'><strong>sequentes</strong></span> <span class='ocrx_word' id='word_1_43' title='bbox 1115 704 1177 759; x_wconf 87' lang='lat' dir='ltr'><strong>sta-</strong></span> 
     </span>
     <span class='ocr_line' id='line_1_8' title="bbox 113 781 503 856; baseline -0.003 -21"><span class='ocrx_word' id='word_1_44' title='bbox 113 785 235 835; x_wconf 78' lang='lat' dir='ltr'><strong>tuimus</strong></span> <span class='ocrx_word' id='word_1_45' title='bbox 281 781 503 856; x_wconf 89' lang='lat' dir='ltr'><strong>roposrtrones:</strong></span> 
     </span>
    </p>

    <p class='ocr_par' dir='ltr' id='par_1_4' title="bbox 109 792 1177 1105">
     <span class='ocr_line' id='line_1_9' title="bbox 140 792 1177 945; baseline 0.006 -29"><span class='ocrx_word' id='word_1_46' title='bbox 140 853 223 945; x_wconf 88' lang='grc' dir='ltr'><strong>Ι101.</strong></span> <span class='ocrx_word' id='word_1_47' title='bbox 249 792 408 939; x_wconf 70' lang='lat' dir='ltr'><strong>llrop.1⁸.</strong></span> <span class='ocrx_word' id='word_1_48' title='bbox 426 854 614 932; x_wconf 80' lang='lat' dir='ltr'><strong>intellectus,</strong></span> <span class='ocrx_word' id='word_1_49' title='bbox 637 856 785 942; x_wconf 77' lang='lat' dir='ltr'><strong><em>quamdiu</em></strong></span> <span class='ocrx_word' id='word_1_50' title='bbox 807 878 879 920; x_wconf 90' lang='lat' dir='ltr'><strong>cum</strong></span> <span class='ocrx_word' id='word_1_51' title='bbox 902 877 1027 942; x_wconf 82' lang='lat' dir='ltr'><strong>corpore</strong></span> <span class='ocrx_word' id='word_1_52' title='bbox 1048 859 1177 922; x_wconf 88' lang='lat' dir='ltr'><strong>coniun-</strong></span> 
     </span>
     <span class='ocr_line' id='line_1_10' title="bbox 110 936 1177 1025; baseline 0.008 -30"><span class='ocrx_word' id='word_1_53' title='bbox 110 947 210 1018; x_wconf 81' lang='lat' dir='ltr'><strong>prtur,</strong></span> <span class='ocrx_word' id='word_1_54' title='bbox 233 936 314 1000; x_wconf 81' lang='lat' dir='ltr'><strong>nihil</strong></span> <span class='ocrx_word' id='word_1_55' title='bbox 331 948 431 1021; x_wconf 80' lang='lat' dir='ltr'><strong>potest</strong></span> <span class='ocrx_word' id='word_1_56' title='bbox 453 937 623 1020; x_wconf 77' lang='lat' dir='ltr'><strong>intellipere</strong></span> <span class='ocrx_word' id='word_1_57' title='bbox 645 941 709 1005; x_wconf 81' lang='lat' dir='ltr'><strong>sine</strong></span> <span class='ocrx_word' id='word_1_58' title='bbox 730 959 871 1023; x_wconf 84' lang='lat' dir='ltr'><strong>corpore,</strong></span> <span class='ocrx_word' id='word_1_59' title='bbox 891 941 980 1015; x_wconf 82' lang='lat' dir='ltr'><strong>idest,</strong></span> <span class='ocrx_word' id='word_1_60' title='bbox 995 942 1071 1025; x_wconf 84' lang='lat' dir='ltr'><strong>quin</strong></span> <span class='ocrx_word' id='word_1_61' title='bbox 1091 962 1110 1002; x_wconf 90' lang='lat' dir='ltr'><strong>u</strong></span> <span class='ocrx_word' id='word_1_62' title='bbox 1130 942 1177 1021; x_wconf 81' lang='lat' dir='ltr'><strong>sa-</strong></span> 
     </span>
     <span class='ocr_line' id='line_1_11' title="bbox 109 1017 858 1105; baseline 0.004 -24"><span class='ocrx_word' id='word_1_63' title='bbox 109 1017 282 1082; x_wconf 82' lang='lat' dir='ltr'><strong>·cultatibus</strong></span> <span class='ocrx_word' id='word_1_64' title='bbox 306 1020 464 1084; x_wconf 84' lang='lat' dir='ltr'><strong>ceucitiuis</strong></span> <span class='ocrx_word' id='word_1_65' title='bbox 487 1019 592 1105; x_wconf 82' lang='lat' dir='ltr'><strong>ulique</strong></span> <span class='ocrx_word' id='word_1_66' title='bbox 614 1023 703 1086; x_wconf 89' lang='lat' dir='ltr'><strong>modo</strong></span> <span class='ocrx_word' id='word_1_67' title='bbox 722 1023 858 1105; x_wconf 83' lang='lat' dir='ltr'><strong>pendeat.</strong></span> 
     </span>
    </p>

    <p class='ocr_par' dir='ltr' id='par_1_5' title="bbox 111 1099 1176 1847">
     <span class='ocr_line' id='line_1_12' title="bbox 155 1099 1176 1189; baseline 0.006 -27"><span class='ocrx_word' id='word_1_68' title='bbox 155 1099 320 1165; x_wconf 75' lang='lat' dir='ltr'><strong><em>Probatur.</em></strong></span> <span class='ocrx_word' id='word_1_69' title='bbox 344 1100 542 1177; x_wconf 79' lang='lat' dir='ltr'><strong>Intellectus,</strong></span> <span class='ocrx_word' id='word_1_70' title='bbox 566 1105 625 1168; x_wconf 89' lang='lat' dir='ltr'><strong>etsi</strong></span> <span class='ocrx_word' id='word_1_71' title='bbox 649 1104 719 1169; x_wconf 89' lang='lat' dir='ltr'><strong>sine</strong></span> <span class='ocrx_word' id='word_1_72' title='bbox 742 1103 809 1168; x_wconf 91' lang='lat' dir='ltr'><strong>ullo</strong></span> <span class='ocrx_word' id='word_1_73' title='bbox 830 1125 952 1189; x_wconf 81' lang='lat' dir='ltr'><strong>organo</strong></span> <span class='ocrx_word' id='word_1_74' title='bbox 973 1105 1120 1188; x_wconf 90' lang='lat' dir='ltr'><strong>corporis</strong></span> <span class='ocrx_word' id='word_1_75' title='bbox 1143 1126 1176 1168; x_wconf 90' lang='lat' dir='ltr'><strong>a·</strong></span> 
     </span>
     <span class='ocr_line' id='line_1_13' title="bbox 113 1184 1175 1270; baseline 0.006 -26"><span class='ocrx_word' id='word_1_76' title='bbox 113 1184 235 1248; x_wconf 87' lang='lat' dir='ltr'><strong>ctiones</strong></span> <span class='ocrx_word' id='word_1_77' title='bbox 257 1203 331 1247; x_wconf 92' lang='lat' dir='ltr'><strong>suas</strong></span> <span class='ocrx_word' id='word_1_78' title='bbox 352 1193 483 1258; x_wconf 71' lang='lat' dir='ltr'><strong>exerat,</strong></span> <span class='ocrx_word' id='word_1_79' title='bbox 513 1196 618 1250; x_wconf 90' lang='lat' dir='ltr'><strong>tamen</strong></span> <span class='ocrx_word' id='word_1_80' title='bbox 647 1185 840 1251; x_wconf 82' lang='lat' dir='ltr'><strong>naturaliter</strong></span> <span class='ocrx_word' id='word_1_81' title='bbox 866 1187 1079 1270; x_wconf 80' lang='lat' dir='ltr'><strong>coniungitur</strong></span> <span class='ocrx_word' id='word_1_82' title='bbox 1099 1206 1175 1251; x_wconf 93' lang='lat' dir='ltr'><strong>cum</strong></span> 
     </span>
     <span class='ocr_line' id='line_1_14' title="bbox 112 1263 1176 1353; baseline 0.004 -25"><span class='ocrx_word' id='word_1_83' title='bbox 112 1263 338 1344; x_wconf 82' lang='lat' dir='ltr'><strong>facultatibus,</strong></span> <span class='ocrx_word' id='word_1_84' title='bbox 360 1286 443 1351; x_wconf 87' lang='lat' dir='ltr'><strong>quae</strong></span> <span class='ocrx_word' id='word_1_85' title='bbox 466 1285 524 1350; x_wconf 88' lang='lat' dir='ltr'><strong>per</strong></span> <span class='ocrx_word' id='word_1_86' title='bbox 544 1287 665 1352; x_wconf 80' lang='lat' dir='ltr'><strong>organa</strong></span> <span class='ocrx_word' id='word_1_87' title='bbox 687 1270 833 1352; x_wconf 90' lang='lat' dir='ltr'><strong>corporis</strong></span> <span class='ocrx_word' id='word_1_88' title='bbox 854 1282 1073 1344; x_wconf 79' lang='lat' dir='ltr'><strong>exercentur,</strong></span> <span class='ocrx_word' id='word_1_89' title='bbox 1095 1268 1176 1353; x_wconf 90' lang='lat' dir='ltr'><strong>quia</strong></span> 
     </span>
     <span class='ocr_line' id='line_1_15' title="bbox 112 1347 1175 1434; baseline 0.004 -24"><span class='ocrx_word' id='word_1_90' title='bbox 112 1367 186 1424; x_wconf 87' lang='lat' dir='ltr'><strong>una,</strong></span> <span class='ocrx_word' id='word_1_91' title='bbox 209 1347 385 1434; x_wconf 88' lang='lat' dir='ltr'><strong>eademque</strong></span> <span class='ocrx_word' id='word_1_92' title='bbox 406 1359 453 1414; x_wconf 88' lang='lat' dir='ltr'><strong>cst</strong></span> <span class='ocrx_word' id='word_1_93' title='bbox 474 1349 594 1423; x_wconf 90' lang='lat' dir='ltr'><strong>anima,</strong></span> <span class='ocrx_word' id='word_1_94' title='bbox 609 1369 692 1434; x_wconf 90' lang='lat' dir='ltr'><strong>quae</strong></span> <span class='ocrx_word' id='word_1_95' title='bbox 716 1362 764 1417; x_wconf 91' lang='lat' dir='ltr'><strong>est</strong></span> <span class='ocrx_word' id='word_1_96' title='bbox 784 1349 967 1417; x_wconf 88' lang='lat' dir='ltr'><strong>subiectum</strong></span> <span class='ocrx_word' id='word_1_97' title='bbox 980 1349 1175 1426; x_wconf 85' lang='lat' dir='ltr'><strong>intellectus,</strong></span> 
     </span>
     <span class='ocr_line' id='line_1_16' title="bbox 112 1431 1176 1515; baseline 0.004 -23"><span class='ocrx_word' id='word_1_98' title='bbox 112 1441 144 1492; x_wconf 91' lang='lat' dir='ltr'><strong>et</strong></span> <span class='ocrx_word' id='word_1_99' title='bbox 165 1443 214 1496; x_wconf 86' lang='lat' dir='ltr'><strong>cst</strong></span> <span class='ocrx_word' id='word_1_100' title='bbox 233 1431 330 1497; x_wconf 87' lang='lat' dir='ltr'><strong>otiam</strong></span> <span class='ocrx_word' id='word_1_101' title='bbox 344 1432 442 1496; x_wconf 90' lang='lat' dir='ltr'><strong>simul</strong></span> <span class='ocrx_word' id='word_1_102' title='bbox 456 1451 529 1494; x_wconf 91' lang='lat' dir='ltr'><strong>cum</strong></span> <span class='ocrx_word' id='word_1_103' title='bbox 544 1451 680 1515; x_wconf 81' lang='lat' dir='ltr'><strong>corpore</strong></span> <span class='ocrx_word' id='word_1_104' title='bbox 703 1432 883 1497; x_wconf 90' lang='lat' dir='ltr'><strong>subiectum</strong></span> <span class='ocrx_word' id='word_1_105' title='bbox 900 1432 1087 1498; x_wconf 78' lang='lat' dir='ltr'><strong>facultatum</strong></span> <span class='ocrx_word' id='word_1_106' title='bbox 1102 1453 1176 1498; x_wconf 92' lang='lat' dir='ltr'><strong>sen·</strong></span> 
     </span>
     <span class='ocr_line' id='line_1_17' title="bbox 111 1512 1176 1598; baseline 0.004 -22"><span class='ocrx_word' id='word_1_107' title='bbox 111 1512 271 1578; x_wconf 77' lang='lat' dir='ltr'><strong>cientium.</strong></span> <span class='ocrx_word' id='word_1_108' title='bbox 294 1513 394 1598; x_wconf 79' lang='lat' dir='ltr'><strong>Atqui</strong></span> <span class='ocrx_word' id='word_1_109' title='bbox 415 1513 494 1578; x_wconf 89' lang='lat' dir='ltr'><strong>haec</strong></span> <span class='ocrx_word' id='word_1_110' title='bbox 515 1513 703 1579; x_wconf 91' lang='lat' dir='ltr'><strong>coniunctio</strong></span> <span class='ocrx_word' id='word_1_111' title='bbox 726 1517 809 1582; x_wconf 88' lang='lat' dir='ltr'><strong>inter</strong></span> <span class='ocrx_word' id='word_1_112' title='bbox 830 1515 1051 1590; x_wconf 87' lang='lat' dir='ltr'><strong>intellectum,</strong></span> <span class='ocrx_word' id='word_1_113' title='bbox 1074 1527 1106 1580; x_wconf 89' lang='lat' dir='ltr'><strong>et</strong></span> <span class='ocrx_word' id='word_1_114' title='bbox 1127 1516 1176 1580; x_wconf 87' lang='lat' dir='ltr'><strong>la-</strong></span> 
     </span>
     <span class='ocr_line' id='line_1_18' title="bbox 112 1593 1176 1684; baseline 0.004 -26"><span class='ocrx_word' id='word_1_115' title='bbox 112 1595 246 1661; x_wconf 86' lang='lat' dir='ltr'><strong>cultates</strong></span> <span class='ocrx_word' id='word_1_116' title='bbox 269 1597 441 1660; x_wconf 87' lang='lat' dir='ltr'><strong>sentientes</strong></span> <span class='ocrx_word' id='word_1_117' title='bbox 463 1595 658 1680; x_wconf 82' lang='lat' dir='ltr'><strong>expostulat,</strong></span> <span class='ocrx_word' id='word_1_118' title='bbox 683 1607 718 1661; x_wconf 93' lang='lat' dir='ltr'><strong>ut</strong></span> <span class='ocrx_word' id='word_1_119' title='bbox 741 1617 852 1661; x_wconf 88' lang='lat' dir='ltr'><strong>sensus</strong></span> <span class='ocrx_word' id='word_1_120' title='bbox 868 1593 992 1684; x_wconf 89' lang='lat' dir='ltr'><strong>aliquid</strong></span> <span class='ocrx_word' id='word_1_121' title='bbox 1014 1595 1053 1660; x_wconf 89' lang='lat' dir='ltr'><strong>ad</strong></span> <span class='ocrx_word' id='word_1_122' title='bbox 1075 1599 1176 1664; x_wconf 92' lang='lat' dir='ltr'><strong>actio·</strong></span> 
     </span>
     <span class='ocr_line' id='line_1_19' title="bbox 112 1677 1176 1765; baseline 0.003 -24"><span class='ocrx_word' id='word_1_123' title='bbox 112 1700 166 1742; x_wconf 90' lang='lat' dir='ltr'><strong>nes</strong></span> <span class='ocrx_word' id='word_1_124' title='bbox 190 1678 372 1744; x_wconf 86' lang='lat' dir='ltr'><strong>intellectus</strong></span> <span class='ocrx_word' id='word_1_125' title='bbox 400 1677 556 1743; x_wconf 77' lang='lat' dir='ltr'><strong>conferat.</strong></span> <span class='ocrx_word' id='word_1_126' title='bbox 586 1678 673 1763; x_wconf 87' lang='lat' dir='ltr'><strong>Ergo</strong></span> <span class='ocrx_word' id='word_1_127' title='bbox 700 1679 916 1765; x_wconf 81' lang='lat' dir='ltr'><strong>coguitionem</strong></span> <span class='ocrx_word' id='word_1_128' title='bbox 946 1677 1176 1744; x_wconf 77' lang='lat' dir='ltr'><strong>intellectivam</strong></span> 
     </span>
     <span class='ocr_line' id='line_1_20' title="bbox 111 1758 1173 1847; baseline 0.003 -23"><span class='ocrx_word' id='word_1_129' title='bbox 111 1762 220 1846; x_wconf 90' lang='lat' dir='ltr'><strong>aliquo</strong></span> <span class='ocrx_word' id='word_1_130' title='bbox 239 1759 335 1826; x_wconf 91' lang='lat' dir='ltr'><strong>modo</strong></span> <span class='ocrx_word' id='word_1_131' title='bbox 349 1781 368 1824; x_wconf 92' lang='lat' dir='ltr'><strong>a</strong></span> <span class='ocrx_word' id='word_1_132' title='bbox 382 1760 564 1845; x_wconf 82' lang='lat' dir='ltr'><strong>cognitione</strong></span> <span class='ocrx_word' id='word_1_133' title='bbox 579 1760 731 1826; x_wconf 77' lang='lat' dir='ltr'><strong>sensitiva</strong></span> <span class='ocrx_word' id='word_1_134' title='bbox 745 1760 884 1847; x_wconf 89' lang='lat' dir='ltr'><strong>pendere</strong></span> <span class='ocrx_word' id='word_1_135' title='bbox 900 1758 1072 1827; x_wconf 87' lang='lat' dir='ltr'><strong>tenendum</strong></span> <span class='ocrx_word' id='word_1_136' title='bbox 1087 1775 1138 1830; x_wconf 91' lang='lat' dir='ltr'><strong>est</strong></span> <span class='ocrx_word' id='word_1_137' title='bbox 1150 1765 1173 1827; x_wconf 90' lang='lat'><strong>¹.</strong></span> 
     </span>
    </p>

    <p class='ocr_par' dir='ltr' id='par_1_6' title="bbox 110 1840 1176 2001">
     <span class='ocr_line' id='line_1_21' title="bbox 152 1840 1176 1928; baseline 0.003 -19"><span class='ocrx_word' id='word_1_138' title='bbox 152 1844 223 1909; x_wconf 79' lang='lat'><strong>102.</strong></span> <span class='ocrx_word' id='word_1_139' title='bbox 247 1843 288 1909; x_wconf 90' lang='lat' dir='ltr'><strong>Ut</strong></span> <span class='ocrx_word' id='word_1_140' title='bbox 310 1853 419 1909; x_wconf 90' lang='lat' dir='ltr'><strong>autem</strong></span> <span class='ocrx_word' id='word_1_141' title='bbox 441 1840 655 1927; x_wconf 80' lang='lat' dir='ltr'><strong>intelligatur,</strong></span> <span class='ocrx_word' id='word_1_142' title='bbox 669 1864 829 1928; x_wconf 89' lang='lat' dir='ltr'><strong>quaenam</strong></span> <span class='ocrx_word' id='word_1_143' title='bbox 844 1845 886 1909; x_wconf 92' lang='lat' dir='ltr'><strong>sit</strong></span> <span class='ocrx_word' id='word_1_144' title='bbox 900 1845 978 1909; x_wconf 88' lang='lat' dir='ltr'><strong>haec</strong></span> <span class='ocrx_word' id='word_1_145' title='bbox 991 1841 1031 1906; x_wconf 90' lang='lat' dir='ltr'><strong>de</strong></span> <span class='ocrx_word' id='word_1_146' title='bbox 1055 1842 1176 1911; x_wconf 89' lang='lat' dir='ltr'><strong>enden-</strong></span> 
     </span>
     <span class='ocr_line' id='line_1_22' title="bbox 110 1863 1174 2001; baseline 0.004 -13"><span class='ocrx_word' id='word_1_147' title='bbox 110 1926 156 1990; x_wconf 89' lang='lat' dir='ltr'><strong>tia</strong></span> <span class='ocrx_word' id='word_1_148' title='bbox 179 1926 359 1991; x_wconf 90' lang='lat' dir='ltr'><strong>intellectus</strong></span> <span class='ocrx_word' id='word_1_149' title='bbox 381 1947 400 1990; x_wconf 90' lang='lat' dir='ltr'><strong>a</strong></span> <span class='ocrx_word' id='word_1_150' title='bbox 422 1945 540 2001; x_wconf 90' lang='lat' dir='ltr'><strong>sensa,</strong></span> <span class='ocrx_word' id='word_1_151' title='bbox 563 1922 628 1988; x_wconf 88' lang='lat' dir='ltr'><strong>dno</strong></span> <span class='ocrx_word' id='word_1_152' title='bbox 650 1937 724 1991; x_wconf 92' lang='lat' dir='ltr'><strong>sunt</strong></span> <span class='ocrx_word' id='word_1_153' title='bbox 744 1924 946 1991; x_wconf 86' lang='lat' dir='ltr'><strong>adnotanda:</strong></span> <span class='ocrx_word' id='word_1_154' title='bbox 971 1921 1004 1987; x_wconf 81' lang='lat'><strong>1⁰</strong></span> <span class='ocrx_word' id='word_1_155' title='bbox 1025 1863 1174 1994; x_wconf 56' lang='lat' dir='ltr'><strong>faculas</strong></span> 
     </span>
    </p>
   </div>
   <div class='ocr_carea' id='block_1_3' title="bbox 108 2005 1173 2252">
    <p class='ocr_par' dir='ltr' id='par_1_7' title="bbox 108 2005 1173 2252">
     <span class='ocr_line' id='line_1_23' title="bbox 108 2005 1173 2094; baseline 0.004 -24"><span class='ocrx_word' id='word_1_156' title='bbox 108 2005 319 2083; x_wconf 85' lang='lat' dir='ltr'><strong>intellectiva,</strong></span> <span class='ocrx_word' id='word_1_157' title='bbox 344 2017 453 2094; x_wconf 90' lang='lat' dir='ltr'><strong>utpote</strong></span> <span class='ocrx_word' id='word_1_158' title='bbox 474 2026 556 2091; x_wconf 88' lang='lat' dir='ltr'><strong>quae</strong></span> <span class='ocrx_word' id='word_1_159' title='bbox 579 2006 787 2073; x_wconf 79' lang='lat' dir='ltr'><strong>facultatibus</strong></span> <span class='ocrx_word' id='word_1_160' title='bbox 800 2007 963 2073; x_wconf 88' lang='lat' dir='ltr'><strong>sensitiris</strong></span> <span class='ocrx_word' id='word_1_161' title='bbox 975 2005 1116 2084; x_wconf 83' lang='lat' dir='ltr'><strong>excellit,</strong></span> <span class='ocrx_word' id='word_1_162' title='bbox 1132 2011 1173 2074; x_wconf 89' lang='lat' dir='ltr'><strong>ah</strong></span> 
     </span>
     <span class='ocr_line' id='line_1_24' title="bbox 110 2089 1173 2252; baseline 0.004 -100"><span class='ocrx_word' id='word_1_163' title='bbox 110 2089 159 2152; x_wconf 92' lang='lat' dir='ltr'><strong>his</strong></span> <span class='ocrx_word' id='word_1_164' title='bbox 166 2089 323 2252; x_wconf 48' lang='lat' dir='ltr'><strong>pendere</strong></span> <span class='ocrx_word' id='word_1_165' title='bbox 346 2111 409 2153; x_wconf 91' lang='lat' dir='ltr'><strong>non</strong></span> <span class='ocrx_word' id='word_1_166' title='bbox 431 2096 533 2172; x_wconf 90' lang='lat' dir='ltr'><strong>potest</strong></span> <span class='ocrx_word' id='word_1_167' title='bbox 555 2091 719 2154; x_wconf 82' lang='lat' dir='ltr'><strong>secuudum</strong></span> <span class='ocrx_word' id='word_1_168' title='bbox 741 2091 877 2154; x_wconf 79' lang='lat' dir='ltr'><strong>ordinem</strong></span> <span class='ocrx_word' id='word_1_169' title='bbox 898 2102 1051 2162; x_wconf 85' lang='lat' dir='ltr'><strong>naturae,</strong></span> <span class='ocrx_word' id='word_1_170' title='bbox 1074 2105 1173 2174; x_wconf 83' lang='lat' dir='ltr'><strong>prout</strong></span> 
     </span>
    </p>
   </div>
   <div class='ocr_carea' id='block_1_4' title="bbox 104 2169 1176 3246">
    <p class='ocr_par' dir='ltr' id='par_1_8' title="bbox 104 2169 1176 3080">
     <span class='ocr_line' id='line_1_25' title="bbox 106 2169 1175 2258; baseline 0.007 -25"><span class='ocrx_word' id='word_1_171' title='bbox 106 2190 165 2254; x_wconf 88' lang='lat' dir='ltr'><strong>per</strong></span> <span class='ocrx_word' id='word_1_172' title='bbox 178 2183 243 2237; x_wconf 87' lang='lat' dir='ltr'><strong>ectu</strong></span> <span class='ocrx_word' id='word_1_173' title='bbox 265 2180 336 2236; x_wconf 82' lang='lat' dir='ltr'><strong>suut</strong></span> <span class='ocrx_word' id='word_1_174' title='bbox 358 2171 544 2234; x_wconf 79' lang='lat' dir='ltr'><strong>naturaliter</strong></span> <span class='ocrx_word' id='word_1_175' title='bbox 564 2173 750 2254; x_wconf 69' lang='lat' dir='ltr'><strong>imperfectis</strong></span> <span class='ocrx_word' id='word_1_176' title='bbox 770 2173 905 2258; x_wconf 86' lang='lat' dir='ltr'><strong>priora,</strong></span> <span class='ocrx_word' id='word_1_177' title='bbox 928 2169 984 2235; x_wconf 90' lang='lat' dir='ltr'><strong>sed</strong></span> <span class='ocrx_word' id='word_1_178' title='bbox 1005 2169 1175 2240; x_wconf 88' lang='lat' dir='ltr'><strong>dumtaxat</strong></span> 
     </span>
     <span class='ocr_line' id='line_1_26' title="bbox 112 2252 1173 2342; baseline 0.004 -26"><span class='ocrx_word' id='word_1_179' title='bbox 112 2255 278 2318; x_wconf 83' lang='lat' dir='ltr'><strong>seeundum</strong></span> <span class='ocrx_word' id='word_1_180' title='bbox 301 2252 437 2316; x_wconf 80' lang='lat' dir='ltr'><strong>ordinem</strong></span> <span class='ocrx_word' id='word_1_181' title='bbox 459 2253 684 2336; x_wconf 67' lang='lat' dir='ltr'><strong>uenerationis,</strong></span> <span class='ocrx_word' id='word_1_182' title='bbox 706 2267 734 2318; x_wconf 83' lang='lat' dir='ltr'><strong>et</strong></span> <span class='ocrx_word' id='word_1_183' title='bbox 754 2256 915 2342; x_wconf 85' lang='lat' dir='ltr'><strong>temporis,</strong></span> <span class='ocrx_word' id='word_1_184' title='bbox 932 2263 1029 2338; x_wconf 79' lang='lat' dir='ltr'><strong>prom</strong></span> <span class='ocrx_word' id='word_1_185' title='bbox 1052 2273 1091 2316; x_wconf 81' lang='lat' dir='ltr'><strong>eu</strong></span> <span class='ocrx_word' id='word_1_186' title='bbox 1110 2257 1173 2319; x_wconf 89' lang='lat' dir='ltr'><strong>im·</strong></span> 
     </span>
     <span class='ocr_line' id='line_1_27' title="bbox 104 2335 1175 2424; baseline 0.002 -24"><span class='ocrx_word' id='word_1_187' title='bbox 104 2339 238 2420; x_wconf 79' lang='lat' dir='ltr'><strong>perfecto</strong></span> <span class='ocrx_word' id='word_1_188' title='bbox 260 2336 300 2401; x_wconf 88' lang='lat' dir='ltr'><strong>ud</strong></span> <span class='ocrx_word' id='word_1_189' title='bbox 315 2335 485 2418; x_wconf 70' lang='lat' dir='ltr'><strong>perfectum</strong></span> <span class='ocrx_word' id='word_1_190' title='bbox 508 2335 667 2410; x_wconf 84' lang='lat' dir='ltr'><strong>aeuitur²;</strong></span> <span class='ocrx_word' id='word_1_191' title='bbox 683 2336 742 2401; x_wconf 93' lang='lat' dir='ltr'><strong>hoc</strong></span> <span class='ocrx_word' id='word_1_192' title='bbox 755 2347 814 2412; x_wconf 88' lang='lat' dir='ltr'><strong>est,</strong></span> <span class='ocrx_word' id='word_1_193' title='bbox 833 2344 931 2424; x_wconf 89' lang='lat' dir='ltr'><strong>prout</strong></span> <span class='ocrx_word' id='word_1_194' title='bbox 944 2335 1089 2420; x_wconf 80' lang='lat' dir='ltr'><strong>cognitio</strong></span> <span class='ocrx_word' id='word_1_195' title='bbox 1102 2355 1175 2402; x_wconf 87' lang='lat' dir='ltr'><strong>sen-</strong></span> 
     </span>
     <span class='ocr_line' id='line_1_28' title="bbox 109 2415 1174 2503; baseline 0.001 -21"><span class='ocrx_word' id='word_1_196' title='bbox 109 2420 227 2494; x_wconf 82' lang='lat' dir='ltr'><strong>sitiva,</strong></span> <span class='ocrx_word' id='word_1_197' title='bbox 250 2426 362 2503; x_wconf 87' lang='lat' dir='ltr'><strong>utpote</strong></span> <span class='ocrx_word' id='word_1_198' title='bbox 388 2415 602 2502; x_wconf 79' lang='lat' dir='ltr'><strong>imperfecta,</strong></span> <span class='ocrx_word' id='word_1_199' title='bbox 626 2418 667 2483; x_wconf 79' lang='lat' dir='ltr'><strong>acl</strong></span> <span class='ocrx_word' id='word_1_200' title='bbox 689 2421 902 2503; x_wconf 74' lang='lat' dir='ltr'><strong>cognitionem</strong></span> <span class='ocrx_word' id='word_1_201' title='bbox 931 2416 1174 2500; x_wconf 86' lang='lat' dir='ltr'><strong>intellectiram,</strong></span> 
     </span>
     <span class='ocr_line' id='line_1_29' title="bbox 109 2498 1175 2589; baseline 0.001 -24"><span class='ocrx_word' id='word_1_202' title='bbox 109 2523 191 2586; x_wconf 88' lang='lat' dir='ltr'><strong>quae</strong></span> <span class='ocrx_word' id='word_1_203' title='bbox 214 2502 358 2589; x_wconf 84' lang='lat' dir='ltr'><strong>perlecta</strong></span> <span class='ocrx_word' id='word_1_204' title='bbox 378 2511 442 2578; x_wconf 91' lang='lat' dir='ltr'><strong>est,</strong></span> <span class='ocrx_word' id='word_1_205' title='bbox 466 2501 646 2577; x_wconf 91' lang='lat' dir='ltr'><strong>concurrit,</strong></span> <span class='ocrx_word' id='word_1_206' title='bbox 668 2501 766 2585; x_wconf 90' lang='lat' dir='ltr'><strong>eique</strong></span> <span class='ocrx_word' id='word_1_207' title='bbox 788 2498 972 2588; x_wconf 87' lang='lat' dir='ltr'><strong>praecedit,</strong></span> <span class='ocrx_word' id='word_1_208' title='bbox 993 2520 1050 2565; x_wconf 89' lang='lat' dir='ltr'><strong>seu</strong></span> <span class='ocrx_word' id='word_1_209' title='bbox 1072 2515 1175 2566; x_wconf 89' lang='lat' dir='ltr'><strong>mate-</strong></span> 
     </span>
     <span class='ocr_line' id='line_1_30' title="bbox 107 2582 1174 2668; baseline 0.003 -22"><span class='ocrx_word' id='word_1_210' title='bbox 107 2585 191 2649; x_wconf 89' lang='lat' dir='ltr'><strong>riam</strong></span> <span class='ocrx_word' id='word_1_211' title='bbox 226 2583 403 2650; x_wconf 85' lang='lat' dir='ltr'><strong>intellectui</strong></span> <span class='ocrx_word' id='word_1_212' title='bbox 455 2582 586 2658; x_wconf 87' lang='lat' dir='ltr'><strong>raehet,</strong></span> <span class='ocrx_word' id='word_1_213' title='bbox 615 2583 650 2646; x_wconf 90' lang='lat' dir='ltr'><strong>in</strong></span> <span class='ocrx_word' id='word_1_214' title='bbox 677 2602 773 2668; x_wconf 85' lang='lat' dir='ltr'><strong>quam</strong></span> <span class='ocrx_word' id='word_1_215' title='bbox 799 2583 982 2649; x_wconf 89' lang='lat' dir='ltr'><strong>intellectus</strong></span> <span class='ocrx_word' id='word_1_216' title='bbox 1009 2582 1174 2649; x_wconf 87' lang='lat' dir='ltr'><strong>actionem</strong></span> 
     </span>
     <span class='ocr_line' id='line_1_31' title="bbox 108 2663 1173 2751; baseline 0 -21"><span class='ocrx_word' id='word_1_217' title='bbox 108 2689 199 2731; x_wconf 83' lang='lat' dir='ltr'><strong>suam</strong></span> <span class='ocrx_word' id='word_1_218' title='bbox 220 2677 330 2734; x_wconf 84' lang='lat' dir='ltr'><strong>exerat</strong></span> <span class='ocrx_word' id='word_1_219' title='bbox 340 2669 363 2730; x_wconf 84' lang='lat'><strong>⁸.</strong></span> <span class='ocrx_word' id='word_1_220' title='bbox 374 2663 414 2730; x_wconf 62' lang='lat'><strong>¹2⁰</strong></span> <span class='ocrx_word' id='word_1_221' title='bbox 465 2688 487 2728; x_wconf 81' lang='lat' dir='ltr'>x</span> <span class='ocrx_word' id='word_1_222' title='bbox 508 2664 660 2751; x_wconf 91' lang='lat' dir='ltr'><strong>potentiis</strong></span> <span class='ocrx_word' id='word_1_223' title='bbox 679 2665 840 2731; x_wconf 83' lang='lat' dir='ltr'><strong>sensitiris</strong></span> <span class='ocrx_word' id='word_1_224' title='bbox 861 2663 1026 2750; x_wconf 88' lang='lat' dir='ltr'><strong>phantasia</strong></span> <span class='ocrx_word' id='word_1_225' title='bbox 1039 2675 1088 2730; x_wconf 88' lang='lat' dir='ltr'><strong>est</strong></span> <span class='ocrx_word' id='word_1_226' title='bbox 1100 2665 1173 2744; x_wconf 87' lang='lat' dir='ltr'><strong>illa,</strong></span> 
     </span>
     <span class='ocr_line' id='line_1_32' title="bbox 107 2746 1172 2896; baseline 0.004 -87"><span class='ocrx_word' id='word_1_227' title='bbox 107 2770 190 2852; x_wconf 65' lang='lat' dir='ltr'><strong>rpnae</strong></span> <span class='ocrx_word' id='word_1_228' title='bbox 213 2749 381 2817; x_wconf 89' lang='lat' dir='ltr'><strong>materiam</strong></span> <span class='ocrx_word' id='word_1_229' title='bbox 404 2747 579 2815; x_wconf 90' lang='lat' dir='ltr'><strong>intellectui</strong></span> <span class='ocrx_word' id='word_1_230' title='bbox 602 2747 798 2833; x_wconf 87' lang='lat' dir='ltr'><strong>suppeditat,</strong></span> <span class='ocrx_word' id='word_1_231' title='bbox 822 2750 855 2812; x_wconf 92' lang='lat' dir='ltr'><strong>in</strong></span> <span class='ocrx_word' id='word_1_232' title='bbox 876 2767 974 2832; x_wconf 86' lang='lat' dir='ltr'><strong>quam</strong></span> <span class='ocrx_word' id='word_1_233' title='bbox 997 2746 1067 2833; x_wconf 91' lang='lat' dir='ltr'><strong>ipse</strong></span> <span class='ocrx_word' id='word_1_234' title='bbox 1089 2749 1172 2896; x_wconf 57' lang='lat' dir='ltr'><strong>epit.</strong></span> 
     </span>
     <span class='ocr_line' id='line_1_33' title="bbox 107 2827 1175 2908; baseline 0.001 -12"><span class='ocrx_word' id='word_1_235' title='bbox 107 2832 237 2898; x_wconf 84' lang='lat' dir='ltr'><strong>htenim</strong></span> <span class='ocrx_word' id='word_1_236' title='bbox 258 2831 439 2898; x_wconf 88' lang='lat' dir='ltr'><strong>intellectus</strong></span> <span class='ocrx_word' id='word_1_237' title='bbox 461 2831 603 2896; x_wconf 86' lang='lat' dir='ltr'><strong>actiones</strong></span> <span class='ocrx_word' id='word_1_238' title='bbox 630 2850 721 2908; x_wconf 87' lang='lat' dir='ltr'><strong>suas,</strong></span> <span class='ocrx_word' id='word_1_239' title='bbox 744 2831 843 2894; x_wconf 90' lang='lat' dir='ltr'><strong>etiam</strong></span> <span class='ocrx_word' id='word_1_240' title='bbox 865 2827 962 2894; x_wconf 89' lang='lat' dir='ltr'><strong>rebus</strong></span> <span class='ocrx_word' id='word_1_241' title='bbox 982 2849 1000 2892; x_wconf 94' lang='lat' dir='ltr'><strong>e</strong></span> <span class='ocrx_word' id='word_1_242' title='bbox 1021 2831 1106 2893; x_wconf 88' lang='lat' dir='ltr'><strong>sensi</strong></span> <span class='ocrx_word' id='word_1_243' title='bbox 1130 2853 1175 2897; x_wconf 89' lang='lat' dir='ltr'><strong>as</strong></span> 
     </span>
     <span class='ocr_line' id='line_1_34' title="bbox 107 2910 1176 2999; baseline 0.004 -23"><span class='ocrx_word' id='word_1_244' title='bbox 107 2915 245 2993; x_wconf 86' lang='lat' dir='ltr'><strong>amotis,</strong></span> <span class='ocrx_word' id='word_1_245' title='bbox 266 2925 396 2980; x_wconf 80' lang='lat' dir='ltr'><strong>exercet</strong></span> <span class='ocrx_word' id='word_1_246' title='bbox 408 2916 432 2977; x_wconf 74' lang='lat'><strong>⁴.</strong></span> <span class='ocrx_word' id='word_1_247' title='bbox 456 2912 553 2998; x_wconf 80' lang='lat' dir='ltr'><strong>arqui</strong></span> <span class='ocrx_word' id='word_1_248' title='bbox 577 2933 629 2976; x_wconf 91' lang='lat' dir='ltr'><strong>res</strong></span> <span class='ocrx_word' id='word_1_249' title='bbox 650 2912 796 2977; x_wconf 86' lang='lat' dir='ltr'><strong>sensibus</strong></span> <span class='ocrx_word' id='word_1_250' title='bbox 818 2910 1051 2999; x_wconf 87' lang='lat' dir='ltr'><strong>apprehensae,</strong></span> <span class='ocrx_word' id='word_1_251' title='bbox 1073 2913 1176 2980; x_wconf 91' lang='lat' dir='ltr'><strong>rehus</strong></span> 
     </span>
     <span class='ocr_line' id='line_1_35' title="bbox 107 2994 1172 3080; baseline 0.002 -20"><span class='ocrx_word' id='word_1_252' title='bbox 107 2998 117 3060; x_wconf 93' lang='lat' dir='ltr'><strong>i</strong></span> <span class='ocrx_word' id='word_1_253' title='bbox 143 2999 187 3062; x_wconf 88' lang='lat' dir='ltr'><strong>sis</strong></span> <span class='ocrx_word' id='word_1_254' title='bbox 209 2999 352 3073; x_wconf 90' lang='lat' dir='ltr'><strong>semotis,</strong></span> <span class='ocrx_word' id='word_1_255' title='bbox 375 3017 438 3061; x_wconf 95' lang='lat' dir='ltr'><strong>non</strong></span> <span class='ocrx_word' id='word_1_256' title='bbox 460 3006 535 3060; x_wconf 90' lang='lat' dir='ltr'><strong>sunt</strong></span> <span class='ocrx_word' id='word_1_257' title='bbox 556 2995 590 3058; x_wconf 93' lang='lat' dir='ltr'><strong>in</strong></span> <span class='ocrx_word' id='word_1_258' title='bbox 610 2995 731 3072; x_wconf 86' lang='lat' dir='ltr'><strong>anima,</strong></span> <span class='ocrx_word' id='word_1_259' title='bbox 746 2995 809 3059; x_wconf 91' lang='lat' dir='ltr'><strong>nisi</strong></span> <span class='ocrx_word' id='word_1_260' title='bbox 831 3015 888 3080; x_wconf 90' lang='lat' dir='ltr'><strong>per</strong></span> <span class='ocrx_word' id='word_1_261' title='bbox 931 2994 1172 3062; x_wconf 77' lang='lat' dir='ltr'><strong>hantasmata⁸.</strong></span> 
     </span>
    </p>

    <p class='ocr_par' dir='ltr' id='par_1_9' title="bbox 105 3074 1176 3246">
     <span class='ocr_line' id='line_1_36' title="bbox 136 3074 1176 3165; baseline 0.001 -23"><span class='ocrx_word' id='word_1_262' title='bbox 136 3100 193 3164; x_wconf 80' lang='lat' dir='ltr'><strong>rgo</strong></span> <span class='ocrx_word' id='word_1_263' title='bbox 216 3079 381 3165; x_wconf 83' lang='lat' dir='ltr'><strong>phantasia</strong></span> <span class='ocrx_word' id='word_1_264' title='bbox 403 3077 579 3143; x_wconf 90' lang='lat' dir='ltr'><strong>intellectui</strong></span> <span class='ocrx_word' id='word_1_265' title='bbox 603 3078 773 3142; x_wconf 89' lang='lat' dir='ltr'><strong>materiam</strong></span> <span class='ocrx_word' id='word_1_266' title='bbox 795 3096 896 3162; x_wconf 91' lang='lat' dir='ltr'><strong>suppe</strong></span> <span class='ocrx_word' id='word_1_267' title='bbox 920 3078 996 3154; x_wconf 86' lang='lat' dir='ltr'><strong>itat,</strong></span> <span class='ocrx_word' id='word_1_268' title='bbox 1019 3074 1100 3141; x_wconf 85' lang='lat' dir='ltr'><strong>idest</strong></span> <span class='ocrx_word' id='word_1_269' title='bbox 1122 3079 1176 3143; x_wconf 90' lang='lat' dir='ltr'><strong>in-</strong></span> 
     </span>
     <span class='ocr_line' id='line_1_37' title="bbox 105 3157 1173 3246; baseline 0.001 -21"><span class='ocrx_word' id='word_1_270' title='bbox 105 3163 251 3229; x_wconf 88' lang='lat' dir='ltr'><strong>tellectus</strong></span> <span class='ocrx_word' id='word_1_271' title='bbox 265 3165 298 3228; x_wconf 92' lang='lat' dir='ltr'><strong>in</strong></span> <span class='ocrx_word' id='word_1_272' title='bbox 313 3161 439 3226; x_wconf 87' lang='lat' dir='ltr'><strong>obiecta</strong></span> <span class='ocrx_word' id='word_1_273' title='bbox 460 3159 646 3246; x_wconf 82' lang='lat' dir='ltr'><strong>phantasiae</strong></span> <span class='ocrx_word' id='word_1_274' title='bbox 662 3161 728 3224; x_wconf 80' lang='lat' dir='ltr'><strong>vim</strong></span> <span class='ocrx_word' id='word_1_275' title='bbox 743 3179 833 3224; x_wconf 91' lang='lat' dir='ltr'><strong>suam</strong></span> <span class='ocrx_word' id='word_1_276' title='bbox 847 3168 987 3224; x_wconf 81' lang='lat' dir='ltr'><strong>exercet.</strong></span> <span class='ocrx_word' id='word_1_277' title='bbox 1003 3157 1173 3234; x_wconf 85' lang='lat' dir='ltr'><strong>Quoniam</strong></span> 
     </span>
    </p>
   </div>
   <div class='ocr_carea' id='block_1_5' title="bbox 105 3239 1176 3330">
    <p class='ocr_par' dir='ltr' id='par_1_10' title="bbox 105 3239 1176 3330">
     <span class='ocr_line' id='line_1_38' title="bbox 105 3239 1176 3330; baseline 0 -22"><span class='ocrx_word' id='word_1_278' title='bbox 105 3265 183 3310; x_wconf 82' lang='lat' dir='ltr'><strong>vero</strong></span> <span class='ocrx_word' id='word_1_279' title='bbox 203 3245 424 3330; x_wconf 85' lang='lat' dir='ltr'><strong>phantasmata</strong></span> <span class='ocrx_word' id='word_1_280' title='bbox 444 3242 563 3311; x_wconf 88' lang='lat' dir='ltr'><strong>actioni</strong></span> <span class='ocrx_word' id='word_1_281' title='bbox 588 3261 743 3306; x_wconf 91' lang='lat' dir='ltr'><strong>sensuum</strong></span> <span class='ocrx_word' id='word_1_282' title='bbox 762 3251 970 3308; x_wconf 80' lang='lat' dir='ltr'><strong>externorum</strong></span> <span class='ocrx_word' id='word_1_283' title='bbox 992 3239 1176 3308; x_wconf 86' lang='lat' dir='ltr'><strong>subiiciun-</strong></span> 
     </span>
    </p>
   </div>
   <div class='ocr_carea' id='block_1_6' title="bbox 140 3472 1009 3762">
    <p class='ocr_par' dir='ltr' id='par_1_11' title="bbox 140 3472 988 3611">
     <span class='ocr_line' id='line_1_39' title="bbox 142 3472 988 3536; baseline 0 -7"><span class='ocrx_word' id='word_1_284' title='bbox 142 3483 150 3516; x_wconf 70' lang='grc' dir='ltr'>Ι</span> <span class='ocrx_word' id='word_1_285' title='bbox 172 3475 207 3529; x_wconf 83' lang='lat' dir='ltr'><strong>Cl</strong></span> <span class='ocrx_word' id='word_1_286' title='bbox 224 3475 253 3529; x_wconf 82' lang='grc' dir='ltr'><strong>ΙΙ.</strong></span> <span class='ocrx_word' id='word_1_287' title='bbox 276 3478 336 3528; x_wconf 80' lang='lat' dir='ltr'><strong>Alb.</strong></span> <span class='ocrx_word' id='word_1_288' title='bbox 357 3473 405 3534; x_wconf 80' lang='lat' dir='ltr'><strong>ll..</strong></span> <span class='ocrx_word' id='word_1_289' title='bbox 429 3477 467 3526; x_wconf 80' lang='lat' dir='ltr'><strong>De</strong></span> <span class='ocrx_word' id='word_1_290' title='bbox 486 3477 587 3532; x_wconf 67' lang='lat' dir='ltr'><strong>inim..</strong></span> <span class='ocrx_word' id='word_1_291' title='bbox 609 3472 657 3524; x_wconf 82' lang='lat' dir='ltr'><strong>lib.</strong></span> <span class='ocrx_word' id='word_1_292' title='bbox 678 3473 724 3535; x_wconf 89' lang='grc' dir='ltr'>ΙΙΙ,</span> <span class='ocrx_word' id='word_1_293' title='bbox 743 3480 824 3528; x_wconf 83' lang='lat' dir='ltr'><strong>tract.</strong></span> <span class='ocrx_word' id='word_1_294' title='bbox 845 3477 876 3536; x_wconf 94' lang='grc' dir='ltr'><strong>ΙΙ,</strong></span> <span class='ocrx_word' id='word_1_295' title='bbox 896 3495 922 3529; x_wconf 86' lang='lat' dir='ltr'><strong>e.</strong></span> <span class='ocrx_word' id='word_1_296' title='bbox 945 3479 988 3529; x_wconf 70' lang='grc' dir='ltr'><strong>ΙΙ.</strong></span> 
     </span>
     <span class='ocr_line' id='line_1_40' title="bbox 140 3542 745 3611; baseline -0.015 -6"><span class='ocrx_word' id='word_1_297' title='bbox 140 3553 152 3588; x_wconf 86' lang='lat'>²</span> <span class='ocrx_word' id='word_1_298' title='bbox 171 3547 207 3604; x_wconf 82' lang='lat' dir='ltr'><strong>Gi</strong></span> <span class='ocrx_word' id='word_1_299' title='bbox 222 3563 246 3601; x_wconf 79' lang='lat' dir='ltr'><strong>a.</strong></span> <span class='ocrx_word' id='word_1_300' title='bbox 267 3547 375 3606; x_wconf 82' lang='lat' dir='ltr'><strong>Thoan..</strong></span> <span class='ocrx_word' id='word_1_301' title='bbox 397 3547 418 3606; x_wconf 95' lang='lat' dir='ltr'><strong>l,</strong></span> <span class='ocrx_word' id='word_1_302' title='bbox 439 3563 466 3611; x_wconf 83' lang='lat' dir='ltr'><strong>q.</strong></span> <span class='ocrx_word' id='word_1_303' title='bbox 488 3542 616 3604; x_wconf 87' lang='lat' dir='ltr'><strong>hllllVll,</strong></span> <span class='ocrx_word' id='word_1_304' title='bbox 637 3560 664 3597; x_wconf 87' lang='lat' dir='ltr'><strong>a.</strong></span> <span class='ocrx_word' id='word_1_305' title='bbox 683 3551 701 3600; x_wconf 72' lang='grc'><strong>4</strong></span> <span class='ocrx_word' id='word_1_306' title='bbox 720 3563 745 3598; x_wconf 81' lang='lat' dir='ltr'><strong>c.</strong></span> 
     </span>
    </p>

    <p class='ocr_par' dir='ltr' id='par_1_12' title="bbox 140 3615 1009 3762">
     <span class='ocr_line' id='line_1_41' title="bbox 141 3615 1009 3685; baseline -0.01 -10"><span class='ocrx_word' id='word_1_307' title='bbox 141 3625 152 3661; x_wconf 82' lang='lat'><strong>³</strong></span> <span class='ocrx_word' id='word_1_308' title='bbox 173 3623 255 3681; x_wconf 81' lang='lat' dir='ltr'><strong>laem,</strong></span> <span class='ocrx_word' id='word_1_309' title='bbox 276 3626 306 3673; x_wconf 86' lang='lat' dir='ltr'><strong>ln</strong></span> <span class='ocrx_word' id='word_1_310' title='bbox 325 3623 368 3673; x_wconf 72' lang='lat' dir='ltr'><strong>tto.</strong></span> <span class='ocrx_word' id='word_1_311' title='bbox 390 3624 429 3671; x_wconf 91' lang='grc' dir='ltr'><strong>ΙΙΙ</strong></span> <span class='ocrx_word' id='word_1_312' title='bbox 448 3621 530 3675; x_wconf 60' lang='lat' dir='ltr'><strong>Seni,</strong></span> <span class='ocrx_word' id='word_1_313' title='bbox 552 3615 618 3668; x_wconf 79' lang='lat' dir='ltr'><strong>uret.</strong></span> <span class='ocrx_word' id='word_1_314' title='bbox 639 3615 735 3679; x_wconf 76' lang='lat' dir='ltr'><strong>xxiii,</strong></span> <span class='ocrx_word' id='word_1_315' title='bbox 756 3637 783 3685; x_wconf 75' lang='lat' dir='ltr'><strong>q.</strong></span> <span class='ocrx_word' id='word_1_316' title='bbox 804 3621 826 3685; x_wconf 88' lang='lat' dir='ltr'><strong>l,</strong></span> <span class='ocrx_word' id='word_1_317' title='bbox 846 3639 872 3676; x_wconf 70' lang='lat' dir='ltr'><strong>a.</strong></span> <span class='ocrx_word' id='word_1_318' title='bbox 892 3625 908 3675; x_wconf 70' lang='grc' dir='ltr'><strong>Ξ</strong></span> <span class='ocrx_word' id='word_1_319' title='bbox 929 3625 961 3675; x_wconf 66' lang='lat' dir='ltr'><strong>ad</strong></span> <span class='ocrx_word' id='word_1_320' title='bbox 982 3627 1009 3676; x_wconf 79' lang='lat'><strong>5,</strong></span> 
     </span>
     <span class='ocr_line' id='line_1_42' title="bbox 140 3685 779 3762; baseline -0.006 -14"><span class='ocrx_word' id='word_1_321' title='bbox 140 3694 150 3734; x_wconf 77' lang='lat'><strong><em>⁶</em></strong></span> <span class='ocrx_word' id='word_1_322' title='bbox 175 3699 198 3747; x_wconf 82' lang='lat'><strong>1²</strong></span> <span class='ocrx_word' id='word_1_323' title='bbox 220 3697 268 3756; x_wconf 56' lang='grc' dir='ltr'><strong>ΙΙΙ,</strong></span> <span class='ocrx_word' id='word_1_324' title='bbox 288 3709 312 3762; x_wconf 83' lang='lat' dir='ltr'><strong>q.</strong></span> <span class='ocrx_word' id='word_1_325' title='bbox 338 3692 395 3756; x_wconf 82' lang='lat' dir='ltr'><strong>XV,</strong></span> <span class='ocrx_word' id='word_1_326' title='bbox 415 3707 442 3744; x_wconf 87' lang='lat' dir='ltr'><strong>a.</strong></span> <span class='ocrx_word' id='word_1_327' title='bbox 465 3693 474 3741; x_wconf 91' lang='grc' dir='ltr'>Ι</span> <span class='ocrx_word' id='word_1_328' title='bbox 498 3707 522 3743; x_wconf 88' lang='lat' dir='ltr'><strong>c.</strong></span> <span class='ocrx_word' id='word_1_329' title='bbox 540 3692 595 3762; x_wconf 55' lang='lat'><strong>&#39;7⁵</strong></span> <span class='ocrx_word' id='word_1_330' title='bbox 616 3685 652 3743; x_wconf 79' lang='lat' dir='ltr'><strong>Cf</strong></span> <span class='ocrx_word' id='word_1_331' title='bbox 666 3707 694 3757; x_wconf 88' lang='lat' dir='ltr'><strong>p.</strong></span> <span class='ocrx_word' id='word_1_332' title='bbox 718 3694 779 3744; x_wconf 72' lang='grc' dir='ltr'>ΙΞΙ.</span> 
     </span>
    </p>
   </div>
   <div class='ocr_carea' id='block_1_7' title="bbox 0 0 1242 3909">
    <p class='ocr_par' dir='ltr' id='par_1_13' title="bbox 0 0 1242 3909">
     <span class='ocr_line' id='line_1_43' title="bbox 0 0 1242 3909; baseline 0 3"><span class='ocrx_word' id='word_1_333' title='bbox 0 0 1242 3909; x_wconf 95' lang='lat' dir='ltr'><strong> </strong></span> 
     </span>
    </p>
   </div>
  </div>
 </body>
</html>
