2475 3909
486 176 569 225 PARS
588 174 697 223 uulua

468 305 626 371 CAPVT
653 305 711 368 ΙΙΙ.

425 426 469 491 Its
490 426 745 492 ratiocinatione

123 553 302 608 tart—ue
324 558 429 613 natura,
450 555 635 613 fundamento,
655 560 682 604 ct
701 550 840 604 elementis
860 549 1070 600 ratiocinationis

89 668 138 731 88.
162 663 400 738 Ratiocinatio,
423 663 492 727 sive
516 682 631 747 graeca
661 680 738 726 voce
759 658 978 744 syllogismos,
1000 658 1124 722 ostilia

57 748 129 809 actio
151 756 281 809 nostrae
303 745 433 819 mentis,
456 765 520 828 qua
542 764 581 807 er
605 743 732 807 duobus
754 741 886 806 iudiciis
909 741 1044 805 tertium
1067 740 1127 803 eii-

55 830 103 891 rit
125 828 199 911 ipsa
222 839 336 901 motus,
359 837 391 889 ct
411 824 590 901 discursus,
614 827 683 889 sive
706 822 891 909 progressio
911 841 1043 906 quoque
1066 843 1125 885 no-

55 910 211 1051 mindatur‚
236 908 315 991 quia
336 909 369 973 in
392 926 429 969 ea
453 928 543 971 mens
566 915 674 972 nostra
697 926 715 969 a
737 906 824 969 notis
844 901 886 969 ad
908 904 1021 988 ignota
1052 924 1126 988 pro-

56 1010 102 1071 gre
127 990 207 1053 itur.
280 1030 284 1039 ·

85 1072 133 1135 89.
159 1068 348 1133 Discrimon
378 1068 462 1133 inter
490 1067 674 1145 iudicium,
697 1077 730 1132 et
751 1065 1034 1132 ratiocinationem
1062 1064 1123 1129 hoc

54 1162 108 1215 est:
134 1152 170 1213 in
195 1148 323 1213 iudicio
344 1170 434 1213 mens
457 1162 565 1214 nostra
588 1151 744 1247 perspicit
767 1148 1044 1222 convenientiam,
1068 1160 1125 1211 aut

54 1231 300 1317 discrepantiam
323 1229 462 1295 alicuius
485 1229 660 1316 praedicati
676 1252 751 1295 cum
765 1229 877 1313 aliquo
893 1226 1041 1292 subiecto
1063 1230 1123 1289 im-

53 1314 191 1387 mediate,
218 1332 335 1397 nempe
356 1332 397 1376 ex
420 1310 486 1375 sola
508 1314 750 1398 comparatione
772 1312 998 1376 terminorum.
1016 1310 1052 1371 In
1071 1330 1123 1371 ra-

52 1394 262 1459 tiocinatione
285 1402 393 1456 autem
416 1391 505 1456 iiiam
526 1394 685 1479 perspicit
706 1392 846 1468 mediate,
870 1410 987 1475 nempe
1010 1410 1069 1473 per
1091 1412 1124 1453 a·

53 1474 173 1559 liquam
196 1474 327 1538 tertiam
353 1475 529 1537 notionem.
553 1472 589 1536 Id
611 1484 719 1542 autern
747 1473 782 1539 iit
809 1472 952 1537 huncio
975 1470 1121 1535 modum:

52 1556 237 1623 intellectus
258 1552 406 1620 adnitens
427 1575 625 1639 cognoscere
646 1556 988 1625 convenientiam,aut
1004 1552 1124 1615 discre-

51 1641 192 1720 pantiam
214 1634 354 1699 duarum
377 1636 561 1713 notionum,
585 1638 686 1701 sumit
707 1635 850 1719 aliquam
872 1632 1001 1699 tertiam
1016 1636 1125 1699 notio-

51 1740 132 1795 nem3
156 1714 279 1781 deinde
302 1736 375 1779 cum
397 1716 456 1779 hae
476 1727 645 1802 comparat
659 1717 741 1781 duas
756 1716 894 1811 priores.
911 1715 944 1779 Si
960 1717 1123 1799 comperit

51 1800 99 1863 has
119 1821 199 1863 cum
226 1796 282 1860 ilia
306 1797 397 1861 tertia
414 1800 600 1874 convenire,
617 1796 785 1862 concludit
802 1817 858 1860 eas
871 1796 958 1860 inter
971 1816 1006 1858 se
1021 1797 1124 1860 etiam

51 1880 236 1945 convenire.
264 1878 303 1941 E.
332 1899 376 1963 g.,
406 1880 571 1962 cognoscit
598 1878 858 1944 convenientiam
886 1875 1029 1941 notionis
1057 1897 1122 1941 esse

50 1960 238 2036 inmortale,
260 1978 335 2022 cum
358 1960 503 2034 notione,
527 1960 635 2023 ocimo
656 1961 812 2033 domnoc,
835 1976 893 2039 per
913 1956 1044 2020 tertiam
1065 1979 1124 2022 no·

50 2044 184 2117 tionem,
206 2061 268 2103 ease
290 2039 624 2111 immolantemne
646 2061 708 2135 ope
731 2042 777 2105 ita
798 2038 1025 2102 ratiocinatur:
1040 2038 1122 2105 Sol-

50 2124 164 2187 stantia
188 2120 412 2185 immaterialis
433 2132 474 2183 eet
495 2122 686 2186 immortales
694 2145 705 2198 ,·
731 2132 763 2184 ot
782 2121 820 2183 oi
845 2120 955 2182 ocimo
982 2118 1122 2185 domnoc

49 2218 87 2269 est
110 2202 289 2267 substantio
310 2202 627 2286 immaterialia-ergo
641 2204 746 2267 animo
763 2140 905 2265 domoon
925 2210 969 2265 eat
990 2202 1123 2267 immor-

50 2286 131 2349 tolis.
157 2281 359 2348 Huiusmodi
382 2284 588 2349 ratiocinatio
611 2283 940 2350 rocacardensis
961 2287 1123 2368 comperit

51 2388 144 2429 unam
168 2362 309 2428 duarum
332 2366 500 2427 notionum
528 2385 603 2428 curn
634 2366 729 2431 tertia
757 2366 956 2438 convenire,
983 2362 1121 2430 alteram

50 2447 87 2509 ab
107 2468 145 2511 ea
168 2443 364 2521 dissentire,
388 2445 462 2508 inde
487 2446 654 2512 concludit
677 2449 763 2530 ipsas
782 2466 894 2511 secum
918 2464 981 2507 non
1003 2464 1122 2511 conve·

51 2528 128 2591 nire.
153 2528 193 2591 E.
211 2548 256 2611 g.,
279 2527 444 2609 cognoscit
464 2525 718 2613 discrepantiam
735 2528 821 2593 inter
840 2525 897 2589 has
917 2524 999 2591 duas
1013 2527 1121 2591 notio-

50 2628 118 2684 nes,
140 2606 319 2671 substantio
340 2608 529 2684 materialis,
553 2618 586 2675 et
606 2610 715 2673 ocimo
734 2608 888 2680 lemano,
911 2627 971 2690 per
991 2608 1121 2673 tertiam

50 2688 234 2765 notionem,
258 2687 430 2753 substantio
451 2690 604 2772 cogitans,
627 2691 721 2755 cuius
741 2710 804 2775 ope
826 2689 872 2753 ita
892 2686 1118 2755 ratiocinatur:

50 2768 232 2832 onomata
252 2770 390 2851 cogitans
410 2789 472 2832 ooo
492 2782 533 2835 est
554 2771 739 2848 materialis
752 2770 840 2855 atqui
853 2767 961 2832 ocima
978 2769 1119 2834 domoon

49 2860 87 2911 en
106 2848 282 2912 milonio
303 2851 452 2931 cogitans
473 2871 543 2933 ergo
563 2856 672 2917 ocimo
689 2852 826 2915 domoon
840 2852 1121 2916 metonomia

50 2928 120 2992 lis¹.
144 2929 381 3024 Ratiocinatio,
404 2952 488 3017 quae
510 2933 546 2999 lit
567 2934 628 2999 hoc
649 2931 758 3009 modo,
783 2940 918 2997 vocatur
938 2950 1062 3027 negans.

82 3011 134 3075 90.
159 3010 212 3074 Ex
233 3011 286 3087 ris,
309 3032 393 3095 quae
407 3014 496 3077 circa
511 3023 660 3078 naturam
681 3011 940 3079 ratiocinationis
955 3010 1116 3087 diximus,

49 3088 139 3155 lacile
166 3089 362 3176 intelligitur
387 3094 551 3179 quodnam
579 3096 622 3162 sit
652 3094 922 3169 tundamentum,
951 3113 1018 3177 quo
1048 3095 1119 3178 ipsa

82 3304 91 3344 ¹
111 3304 182 3357 Fieri
201 3311 290 3369 potest
309 3313 339 3357 ut
357 3306 510 3357 intellectus
535 3307 676 3358 conserens
700 3309 766 3359 duat
791 3311 912 3361 aulones
936 3323 1000 3360 cum
1025 3312 1116 3372 tertia,

52 3380 191 3442 perspiciat
209 3384 332 3428 neutram
351 3392 413 3427 cum
434 3378 479 3429 itta
499 3380 578 3429 tertia
596 3382 750 3431 convenire.
764 3378 832 3441 iam,
851 3384 875 3432 si
893 3382 945 3431 hoc
964 3384 1064 3442 evcnit,
1077 3384 1120 3433 in·

51 3448 168 3500 tetteetns
187 3450 256 3498 nihii
276 3450 336 3499 inde
355 3450 466 3513 cottigit,
486 3453 547 3513 quia
569 3450 693 3514 inteiligit
707 3452 815 3501 tertiam
834 3455 969 3504 notionem
989 3466 1041 3506 oon
1059 3468 1119 3506 esse

52 3534 217 3571 communem
238 3534 390 3573 mensuram
409 3523 523 3572 duarum
542 3522 679 3589 priorum,
698 3524 824 3590 quocirca
851 3526 953 3578 nuttam
977 3526 1119 3579 ratiocina-

51 3593 142 3651 nomm
163 3592 283 3648 conficit.
