<?xml version="1.0" encoding="UTF-8"?>
<!DOCTYPE html PUBLIC "-//W3C//DTD XHTML 1.0 Transitional//EN"
    "http://www.w3.org/TR/xhtml1/DTD/xhtml1-transitional.dtd">
<html xmlns="http://www.w3.org/1999/xhtml" xml:lang="en" lang="en">
 <head>
  <title>
</title>
<meta http-equiv="Content-Type" content="text/html;charset=utf-8" />
  <meta name='ocr-system' content='tesseract 3.04.00' />
  <meta name='ocr-capabilities' content='ocr_page ocr_carea ocr_par ocr_line ocrx_word'/>
</head>
<body>
  <div class='ocr_page' id='page_1' title='image "./philosophiachri00sansgoog_0224.png"; bbox 0 0 2475 3909; ppageno 0'>
   <div class='ocr_carea' id='block_1_1' title="bbox 147 148 733 219">
    <p class='ocr_par' dir='ltr' id='par_1_1' title="bbox 147 148 733 219">
     <span class='ocr_line' id='line_1_1' title="bbox 147 148 733 219; baseline 0 -4"><span class='ocrx_word' id='word_1_1' title='bbox 147 148 210 219; x_wconf 79' lang='lat'><strong>210</strong></span> <span class='ocrx_word' id='word_1_2' title='bbox 556 165 733 217; x_wconf 74' lang='lat' dir='ltr'><strong>mnemon</strong></span> 
     </span>
    </p>
   </div>
   <div class='ocr_carea' id='block_1_2' title="bbox 100 249 1169 1738">
    <p class='ocr_par' dir='ltr' id='par_1_2' title="bbox 101 249 1169 1389">
     <span class='ocr_line' id='line_1_2' title="bbox 146 249 1165 337; baseline 0.003 -15"><span class='ocrx_word' id='word_1_3' title='bbox 146 257 199 322; x_wconf 72' lang='lat'><strong>48.</strong></span> <span class='ocrx_word' id='word_1_4' title='bbox 222 254 414 326; x_wconf 84' lang='lat' dir='ltr'><strong>Praeterea,</strong></span> <span class='ocrx_word' id='word_1_5' title='bbox 442 249 620 317; x_wconf 79' lang='lat' dir='ltr'><strong>naturalem</strong></span> <span class='ocrx_word' id='word_1_6' title='bbox 654 252 803 317; x_wconf 83' lang='lat' dir='ltr'><strong>ordinem</strong></span> <span class='ocrx_word' id='word_1_7' title='bbox 824 272 898 317; x_wconf 87' lang='lat' dir='ltr'><strong>cnm</strong></span> <span class='ocrx_word' id='word_1_8' title='bbox 931 256 1165 337; x_wconf 77' lang='lat' dir='ltr'><strong>supernaturali</strong></span> 
     </span>
     <span class='ocr_line' id='line_1_3' title="bbox 105 332 1166 427; baseline 0.008 -28"><span class='ocrx_word' id='word_1_9' title='bbox 105 336 139 400; x_wconf 91' lang='lat' dir='ltr'><strong>in</strong></span> <span class='ocrx_word' id='word_1_10' title='bbox 161 336 385 418; x_wconf 91' lang='lat' dir='ltr'><strong>Ontologismo</strong></span> <span class='ocrx_word' id='word_1_11' title='bbox 409 332 566 399; x_wconf 90' lang='lat' dir='ltr'><strong>conlundi</strong></span> <span class='ocrx_word' id='word_1_12' title='bbox 598 334 777 399; x_wconf 78' lang='lat' dir='ltr'><strong>ostenditur</strong></span> <span class='ocrx_word' id='word_1_13' title='bbox 808 336 905 399; x_wconf 90' lang='lat' dir='ltr'><strong>etiam</strong></span> <span class='ocrx_word' id='word_1_14' title='bbox 934 358 1058 413; x_wconf 83' lang='lat' dir='ltr'><strong>exeo,</strong></span> <span class='ocrx_word' id='word_1_15' title='bbox 1082 344 1166 427; x_wconf 91' lang='lat' dir='ltr'><strong>qnod</strong></span> 
     </span>
     <span class='ocr_line' id='line_1_4' title="bbox 105 414 1168 507; baseline 0.008 -27"><span class='ocrx_word' id='word_1_16' title='bbox 105 419 133 483; x_wconf 91' lang='lat' dir='ltr'><strong>si</strong></span> <span class='ocrx_word' id='word_1_17' title='bbox 156 418 240 483; x_wconf 89' lang='lat' dir='ltr'><strong>visio</strong></span> <span class='ocrx_word' id='word_1_18' title='bbox 261 416 321 481; x_wconf 90' lang='lat' dir='ltr'><strong>Dei</strong></span> <span class='ocrx_word' id='word_1_19' title='bbox 343 414 499 484; x_wconf 88' lang='lat' dir='ltr'><strong>naturalis</strong></span> <span class='ocrx_word' id='word_1_20' title='bbox 515 427 563 481; x_wconf 89' lang='lat' dir='ltr'><strong>est</strong></span> <span class='ocrx_word' id='word_1_21' title='bbox 576 417 753 483; x_wconf 85' lang='lat' dir='ltr'><strong>intellectui</strong></span> <span class='ocrx_word' id='word_1_22' title='bbox 775 428 895 495; x_wconf 87' lang='lat' dir='ltr'><strong>creato,</strong></span> <span class='ocrx_word' id='word_1_23' title='bbox 920 419 981 504; x_wconf 91' lang='lat' dir='ltr'><strong>ipsi</strong></span> <span class='ocrx_word' id='word_1_24' title='bbox 1004 442 1085 507; x_wconf 90' lang='lat' dir='ltr'><strong>opus</strong></span> <span class='ocrx_word' id='word_1_25' title='bbox 1106 445 1168 488; x_wconf 92' lang='lat' dir='ltr'><strong>non</strong></span> 
     </span>
     <span class='ocr_line' id='line_1_5' title="bbox 105 496 1166 587; baseline 0.007 -23"><span class='ocrx_word' id='word_1_26' title='bbox 105 512 190 566; x_wconf 87' lang='lat' dir='ltr'><strong>esset</strong></span> <span class='ocrx_word' id='word_1_27' title='bbox 204 501 322 565; x_wconf 81' lang='lat' dir='ltr'><strong>lumine</strong></span> <span class='ocrx_word' id='word_1_28' title='bbox 334 500 462 583; x_wconf 74' lang='lat' dir='ltr'><strong>gloriae,</strong></span> <span class='ocrx_word' id='word_1_29' title='bbox 478 509 516 564; x_wconf 93' lang='lat' dir='ltr'><strong>nt</strong></span> <span class='ocrx_word' id='word_1_30' title='bbox 529 498 570 562; x_wconf 88' lang='lat' dir='ltr'><strong>ad</strong></span> <span class='ocrx_word' id='word_1_31' title='bbox 585 496 766 564; x_wconf 88' lang='lat' dir='ltr'><strong>beatificam</strong></span> <span class='ocrx_word' id='word_1_32' title='bbox 789 500 943 565; x_wconf 83' lang='lat' dir='ltr'><strong>visionem</strong></span> <span class='ocrx_word' id='word_1_33' title='bbox 960 507 1128 587; x_wconf 86' lang='lat' dir='ltr'><strong>perveniat</strong></span> <span class='ocrx_word' id='word_1_34' title='bbox 1143 507 1166 583; x_wconf 77' lang='lat'><strong>¹;</strong></span> 
     </span>
     <span class='ocr_line' id='line_1_6' title="bbox 107 581 1168 669; baseline 0.008 -23"><span class='ocrx_word' id='word_1_35' title='bbox 107 603 144 646; x_wconf 91' lang='lat' dir='ltr'><strong>ac</strong></span> <span class='ocrx_word' id='word_1_36' title='bbox 167 583 302 669; x_wconf 87' lang='lat' dir='ltr'><strong>proinde</strong></span> <span class='ocrx_word' id='word_1_37' title='bbox 324 585 408 648; x_wconf 92' lang='lat' dir='ltr'><strong>visio</strong></span> <span class='ocrx_word' id='word_1_38' title='bbox 435 581 582 647; x_wconf 81' lang='lat' dir='ltr'><strong>beatifica</strong></span> <span class='ocrx_word' id='word_1_39' title='bbox 609 602 672 645; x_wconf 89' lang='lat' dir='ltr'><strong>noo</strong></span> <span class='ocrx_word' id='word_1_40' title='bbox 699 591 784 645; x_wconf 90' lang='lat' dir='ltr'><strong>esset</strong></span> <span class='ocrx_word' id='word_1_41' title='bbox 815 586 1081 667; x_wconf 86' lang='lat' dir='ltr'><strong>supernaturalis.</strong></span> <span class='ocrx_word' id='word_1_42' title='bbox 1103 588 1168 653; x_wconf 90' lang='lat' dir='ltr'><strong>Nos</strong></span> 
     </span>
     <span class='ocr_line' id='line_1_7' title="bbox 106 663 1169 751; baseline 0.005 -22"><span class='ocrx_word' id='word_1_43' title='bbox 106 666 228 729; x_wconf 86' lang='lat' dir='ltr'><strong>scimus</strong></span> <span class='ocrx_word' id='word_1_44' title='bbox 248 665 445 751; x_wconf 84' lang='lat' dir='ltr'><strong>Ontologos,</strong></span> <span class='ocrx_word' id='word_1_45' title='bbox 469 664 554 728; x_wconf 85' lang='lat' dir='ltr'><strong>huno</strong></span> <span class='ocrx_word' id='word_1_46' title='bbox 580 684 723 727; x_wconf 82' lang='lat' dir='ltr'><strong>errorem</strong></span> <span class='ocrx_word' id='word_1_47' title='bbox 752 663 895 748; x_wconf 81' lang='lat' dir='ltr'><strong>elingere</strong></span> <span class='ocrx_word' id='word_1_48' title='bbox 923 667 1087 746; x_wconf 85' lang='lat' dir='ltr'><strong>volentes,</strong></span> <span class='ocrx_word' id='word_1_49' title='bbox 1109 682 1169 736; x_wconf 87' lang='lat' dir='ltr'><strong>sta-</strong></span> 
     </span>
     <span class='ocr_line' id='line_1_8' title="bbox 106 743 1166 822; baseline 0.005 -10"><span class='ocrx_word' id='word_1_50' title='bbox 106 760 196 812; x_wconf 86' lang='lat' dir='ltr'><strong>tuero</strong></span> <span class='ocrx_word' id='word_1_51' title='bbox 217 747 394 812; x_wconf 83' lang='lat' dir='ltr'><strong>discrimen</strong></span> <span class='ocrx_word' id='word_1_52' title='bbox 423 748 506 811; x_wconf 89' lang='lat' dir='ltr'><strong>inter</strong></span> <span class='ocrx_word' id='word_1_53' title='bbox 533 747 691 811; x_wconf 84' lang='lat' dir='ltr'><strong>visionem</strong></span> <span class='ocrx_word' id='word_1_54' title='bbox 719 743 924 822; x_wconf 85' lang='lat' dir='ltr'><strong>beatificam,</strong></span> <span class='ocrx_word' id='word_1_55' title='bbox 953 760 985 813; x_wconf 89' lang='lat' dir='ltr'><strong>et</strong></span> <span class='ocrx_word' id='word_1_56' title='bbox 1012 752 1166 817; x_wconf 80' lang='lat' dir='ltr'><strong>visionem</strong></span> 
     </span>
     <span class='ocr_line' id='line_1_9' title="bbox 105 826 1167 925; baseline 0.008 -34"><span class='ocrx_word' id='word_1_57' title='bbox 105 830 284 895; x_wconf 82' lang='lat' dir='ltr'><strong>naturalem</strong></span> <span class='ocrx_word' id='word_1_58' title='bbox 311 829 372 893; x_wconf 83' lang='lat' dir='ltr'><strong>Ilei</strong></span> <span class='ocrx_word' id='word_1_59' title='bbox 398 831 431 893; x_wconf 89' lang='lat' dir='ltr'><strong>in</strong></span> <span class='ocrx_word' id='word_1_60' title='bbox 453 848 514 903; x_wconf 90' lang='lat' dir='ltr'><strong>eo,</strong></span> <span class='ocrx_word' id='word_1_61' title='bbox 536 827 624 913; x_wconf 93' lang='lat' dir='ltr'><strong>qnod</strong></span> <span class='ocrx_word' id='word_1_62' title='bbox 648 849 702 925; x_wconf 85' lang='lat' dir='ltr'><strong>per</strong></span> <span class='ocrx_word' id='word_1_63' title='bbox 723 826 803 892; x_wconf 89' lang='lat' dir='ltr'><strong>hanc</strong></span> <span class='ocrx_word' id='word_1_64' title='bbox 824 828 974 902; x_wconf 81' lang='lat' dir='ltr'><strong>obscure,</strong></span> <span class='ocrx_word' id='word_1_65' title='bbox 999 854 1057 917; x_wconf 91' lang='lat' dir='ltr'><strong>per</strong></span> <span class='ocrx_word' id='word_1_66' title='bbox 1080 833 1167 900; x_wconf 89' lang='lat' dir='ltr'><strong>illam</strong></span> 
     </span>
     <span class='ocr_line' id='line_1_10' title="bbox 104 910 1168 997; baseline 0.005 -22"><span class='ocrx_word' id='word_1_67' title='bbox 104 913 187 976; x_wconf 84' lang='lat' dir='ltr'><strong>clere</strong></span> <span class='ocrx_word' id='word_1_68' title='bbox 210 911 297 977; x_wconf 84' lang='lat' dir='ltr'><strong>Deus</strong></span> <span class='ocrx_word' id='word_1_69' title='bbox 317 912 547 997; x_wconf 80' lang='lat' dir='ltr'><strong>cognoscitur,</strong></span> <span class='ocrx_word' id='word_1_70' title='bbox 571 910 621 975; x_wconf 80' lang='lat' dir='ltr'><strong>rel</strong></span> <span class='ocrx_word' id='word_1_71' title='bbox 648 932 678 973; x_wconf 88' lang='lat' dir='ltr'><strong>m</strong></span> <span class='ocrx_word' id='word_1_72' title='bbox 702 929 753 983; x_wconf 86' lang='lat' dir='ltr'><strong>oo,</strong></span> <span class='ocrx_word' id='word_1_73' title='bbox 775 912 861 997; x_wconf 89' lang='lat' dir='ltr'><strong>qnod</strong></span> <span class='ocrx_word' id='word_1_74' title='bbox 887 936 944 997; x_wconf 89' lang='lat' dir='ltr'><strong>per</strong></span> <span class='ocrx_word' id='word_1_75' title='bbox 965 913 1045 980; x_wconf 86' lang='lat' dir='ltr'><strong>hanc</strong></span> <span class='ocrx_word' id='word_1_76' title='bbox 1067 917 1168 981; x_wconf 91' lang='lat' dir='ltr'><strong>mino-</strong></span> 
     </span>
     <span class='ocr_line' id='line_1_11' title="bbox 104 989 1167 1079; baseline 0.007 -22"><span class='ocrx_word' id='word_1_77' title='bbox 104 992 213 1070; x_wconf 83' lang='lat' dir='ltr'><strong>ribns,</strong></span> <span class='ocrx_word' id='word_1_78' title='bbox 237 1015 296 1079; x_wconf 92' lang='lat' dir='ltr'><strong>per</strong></span> <span class='ocrx_word' id='word_1_79' title='bbox 317 993 409 1058; x_wconf 91' lang='lat' dir='ltr'><strong>illam</strong></span> <span class='ocrx_word' id='word_1_80' title='bbox 430 992 610 1056; x_wconf 89' lang='lat' dir='ltr'><strong>maioribus</strong></span> <span class='ocrx_word' id='word_1_81' title='bbox 639 989 794 1076; x_wconf 87' lang='lat' dir='ltr'><strong>gradibus</strong></span> <span class='ocrx_word' id='word_1_82' title='bbox 822 993 908 1058; x_wconf 87' lang='lat' dir='ltr'><strong>Deus</strong></span> <span class='ocrx_word' id='word_1_83' title='bbox 941 996 1091 1073; x_wconf 85' lang='lat' dir='ltr'><strong>ridetur,</strong></span> <span class='ocrx_word' id='word_1_84' title='bbox 1118 1002 1167 1064; x_wconf 87' lang='lat' dir='ltr'><strong>vel</strong></span> 
     </span>
     <span class='ocr_line' id='line_1_12' title="bbox 103 1074 1167 1161; baseline 0.007 -22"><span class='ocrx_word' id='word_1_85' title='bbox 103 1074 270 1161; x_wconf 88' lang='lat' dir='ltr'><strong>denique,</strong></span> <span class='ocrx_word' id='word_1_86' title='bbox 294 1077 328 1141; x_wconf 93' lang='lat' dir='ltr'><strong>in</strong></span> <span class='ocrx_word' id='word_1_87' title='bbox 352 1096 419 1150; x_wconf 86' lang='lat' dir='ltr'><strong>eo,</strong></span> <span class='ocrx_word' id='word_1_88' title='bbox 450 1074 538 1159; x_wconf 94' lang='lat' dir='ltr'><strong>qnod</strong></span> <span class='ocrx_word' id='word_1_89' title='bbox 559 1077 592 1138; x_wconf 91' lang='lat' dir='ltr'><strong>in</strong></span> <span class='ocrx_word' id='word_1_90' title='bbox 614 1075 738 1139; x_wconf 89' lang='lat' dir='ltr'><strong>visione</strong></span> <span class='ocrx_word' id='word_1_91' title='bbox 761 1074 909 1141; x_wconf 84' lang='lat' dir='ltr'><strong>beatifica</strong></span> <span class='ocrx_word' id='word_1_92' title='bbox 935 1079 1083 1146; x_wconf 88' lang='lat' dir='ltr'><strong>Essentia</strong></span> <span class='ocrx_word' id='word_1_93' title='bbox 1106 1078 1167 1146; x_wconf 83' lang='lat' dir='ltr'><strong>Dei</strong></span> 
     </span>
     <span class='ocr_line' id='line_1_13' title="bbox 102 1154 1166 1235; baseline 0.008 -16"><span class='ocrx_word' id='word_1_94' title='bbox 102 1157 244 1235; x_wconf 88' lang='lat' dir='ltr'><strong>videtur,</strong></span> <span class='ocrx_word' id='word_1_95' title='bbox 261 1160 295 1223; x_wconf 95' lang='lat' dir='ltr'><strong>in</strong></span> <span class='ocrx_word' id='word_1_96' title='bbox 310 1159 432 1222; x_wconf 87' lang='lat' dir='ltr'><strong>visione</strong></span> <span class='ocrx_word' id='word_1_97' title='bbox 447 1168 556 1220; x_wconf 89' lang='lat' dir='ltr'><strong>autem</strong></span> <span class='ocrx_word' id='word_1_98' title='bbox 572 1155 709 1221; x_wconf 86' lang='lat' dir='ltr'><strong>naturali</strong></span> <span class='ocrx_word' id='word_1_99' title='bbox 727 1154 847 1224; x_wconf 88' lang='lat' dir='ltr'><strong>limites</strong></span> <span class='ocrx_word' id='word_1_100' title='bbox 862 1160 1043 1225; x_wconf 85' lang='lat' dir='ltr'><strong>intellectus</strong></span> <span class='ocrx_word' id='word_1_101' title='bbox 1064 1166 1166 1227; x_wconf 90' lang='lat' dir='ltr'><strong>creati</strong></span> 
     </span>
     <span class='ocr_line' id='line_1_14' title="bbox 102 1237 1167 1316; baseline 0.005 -14"><span class='ocrx_word' id='word_1_102' title='bbox 102 1241 135 1302; x_wconf 91' lang='lat' dir='ltr'><strong>in</strong></span> <span class='ocrx_word' id='word_1_103' title='bbox 157 1260 253 1305; x_wconf 88' lang='lat' dir='ltr'><strong>causa</strong></span> <span class='ocrx_word' id='word_1_104' title='bbox 274 1250 373 1316; x_wconf 86' lang='lat' dir='ltr'><strong>sunt,</strong></span> <span class='ocrx_word' id='word_1_105' title='bbox 396 1260 455 1303; x_wconf 90' lang='lat' dir='ltr'><strong>cur</strong></span> <span class='ocrx_word' id='word_1_106' title='bbox 475 1239 578 1316; x_wconf 88' lang='lat' dir='ltr'><strong>Esse,</strong></span> <span class='ocrx_word' id='word_1_107' title='bbox 604 1238 654 1302; x_wconf 89' lang='lat' dir='ltr'><strong>vel</strong></span> <span class='ocrx_word' id='word_1_108' title='bbox 675 1237 839 1305; x_wconf 77' lang='lat' dir='ltr'><strong>Attributa</strong></span> <span class='ocrx_word' id='word_1_109' title='bbox 868 1240 952 1316; x_wconf 88' lang='lat' dir='ltr'><strong>Dei,</strong></span> <span class='ocrx_word' id='word_1_110' title='bbox 975 1263 1037 1307; x_wconf 92' lang='lat' dir='ltr'><strong>non</strong></span> <span class='ocrx_word' id='word_1_111' title='bbox 1059 1252 1167 1307; x_wconf 90' lang='lat' dir='ltr'><strong>autem</strong></span> 
     </span>
     <span class='ocr_line' id='line_1_15' title="bbox 101 1320 532 1389; baseline -0.005 -2"><span class='ocrx_word' id='word_1_112' title='bbox 101 1321 182 1388; x_wconf 82' lang='lat' dir='ltr'><strong>Eius</strong></span> <span class='ocrx_word' id='word_1_113' title='bbox 203 1324 351 1389; x_wconf 87' lang='lat' dir='ltr'><strong>Essentia</strong></span> <span class='ocrx_word' id='word_1_114' title='bbox 373 1320 532 1387; x_wconf 91' lang='lat' dir='ltr'><strong>videatur.</strong></span> 
     </span>
    </p>

    <p class='ocr_par' dir='ltr' id='par_1_3' title="bbox 100 1401 1168 1738">
     <span class='ocr_line' id='line_1_16' title="bbox 140 1401 1168 1551; baseline 0.003 -83"><span class='ocrx_word' id='word_1_115' title='bbox 140 1404 191 1472; x_wconf 73' lang='lat'><strong>49.</strong></span> <span class='ocrx_word' id='word_1_116' title='bbox 216 1410 258 1471; x_wconf 84' lang='lat' dir='ltr'><strong>At</strong></span> <span class='ocrx_word' id='word_1_117' title='bbox 279 1406 341 1490; x_wconf 91' lang='lat' dir='ltr'><strong>ipsi</strong></span> <span class='ocrx_word' id='word_1_118' title='bbox 365 1403 480 1470; x_wconf 92' lang='lat' dir='ltr'><strong>ludunt</strong></span> <span class='ocrx_word' id='word_1_119' title='bbox 504 1401 620 1472; x_wconf 88' lang='lat' dir='ltr'><strong>verbis.</strong></span> <span class='ocrx_word' id='word_1_120' title='bbox 646 1401 774 1465; x_wconf 87' lang='lat' dir='ltr'><strong>Etenim</strong></span> <span class='ocrx_word' id='word_1_121' title='bbox 801 1405 906 1551; x_wconf 82' lang='lat' dir='ltr'><strong>quoad</strong></span> <span class='ocrx_word' id='word_1_122' title='bbox 932 1406 1096 1489; x_wconf 88' lang='lat' dir='ltr'><strong>primum,</strong></span> <span class='ocrx_word' id='word_1_123' title='bbox 1120 1410 1168 1471; x_wconf 91' lang='lat' dir='ltr'><strong>vi-</strong></span> 
     </span>
     <span class='ocr_line' id='line_1_17' title="bbox 100 1484 1168 1573; baseline 0.005 -25"><span class='ocrx_word' id='word_1_124' title='bbox 100 1486 150 1550; x_wconf 92' lang='lat' dir='ltr'><strong>sio</strong></span> <span class='ocrx_word' id='word_1_125' title='bbox 173 1488 312 1553; x_wconf 91' lang='lat' dir='ltr'><strong>alicuius</strong></span> <span class='ocrx_word' id='word_1_126' title='bbox 333 1485 451 1552; x_wconf 89' lang='lat' dir='ltr'><strong>obiecti</strong></span> <span class='ocrx_word' id='word_1_127' title='bbox 478 1486 625 1550; x_wconf 89' lang='lat' dir='ltr'><strong>consistit</strong></span> <span class='ocrx_word' id='word_1_128' title='bbox 646 1484 680 1548; x_wconf 93' lang='lat' dir='ltr'><strong>in</strong></span> <span class='ocrx_word' id='word_1_129' title='bbox 704 1484 800 1551; x_wconf 90' lang='lat' dir='ltr'><strong>imme</strong></span> <span class='ocrx_word' id='word_1_130' title='bbox 828 1486 889 1551; x_wconf 90' lang='lat' dir='ltr'><strong>iata</strong></span> <span class='ocrx_word' id='word_1_131' title='bbox 917 1490 988 1553; x_wconf 90' lang='lat' dir='ltr'><strong>eius</strong></span> <span class='ocrx_word' id='word_1_132' title='bbox 1009 1488 1168 1573; x_wconf 84' lang='lat' dir='ltr'><strong>cognitio-</strong></span> 
     </span>
     <span class='ocr_line' id='line_1_18' title="bbox 101 1565 1167 1715; baseline 0.006 -85"><span class='ocrx_word' id='word_1_133' title='bbox 101 1587 164 1647; x_wconf 86' lang='lat' dir='ltr'><strong>ne,</strong></span> <span class='ocrx_word' id='word_1_134' title='bbox 187 1580 284 1655; x_wconf 93' lang='lat' dir='ltr'><strong>prout</strong></span> <span class='ocrx_word' id='word_1_135' title='bbox 305 1570 337 1634; x_wconf 92' lang='lat' dir='ltr'><strong>in</strong></span> <span class='ocrx_word' id='word_1_136' title='bbox 359 1569 466 1715; x_wconf 56' lang='lat' dir='ltr'><strong>seigtso</strong></span> <span class='ocrx_word' id='word_1_137' title='bbox 488 1580 546 1634; x_wconf 91' lang='lat' dir='ltr'><strong>est.</strong></span> <span class='ocrx_word' id='word_1_138' title='bbox 571 1567 669 1651; x_wconf 77' lang='lat' dir='ltr'><strong>Atqui</strong></span> <span class='ocrx_word' id='word_1_139' title='bbox 695 1565 783 1631; x_wconf 87' lang='lat' dir='ltr'><strong>nulla</strong></span> <span class='ocrx_word' id='word_1_140' title='bbox 805 1570 949 1715; x_wconf 71' lang='lat' dir='ltr'><strong>cognitio</strong></span> <span class='ocrx_word' id='word_1_141' title='bbox 973 1581 1167 1655; x_wconf 88' lang='lat' dir='ltr'><strong>potestesse</strong></span> 
     </span>
     <span class='ocr_line' id='line_1_19' title="bbox 100 1649 1165 1738; baseline 0.005 -26"><span class='ocrx_word' id='word_1_142' title='bbox 100 1649 221 1718; x_wconf 90' lang='lat' dir='ltr'><strong>clarior</strong></span> <span class='ocrx_word' id='word_1_143' title='bbox 242 1674 291 1731; x_wconf 87' lang='lat' dir='ltr'><strong>ea,</strong></span> <span class='ocrx_word' id='word_1_144' title='bbox 304 1672 401 1736; x_wconf 91' lang='lat' dir='ltr'><strong>qnao</strong></span> <span class='ocrx_word' id='word_1_145' title='bbox 428 1652 545 1716; x_wconf 82' lang='lat' dir='ltr'><strong>lectum</strong></span> <span class='ocrx_word' id='word_1_146' title='bbox 563 1652 595 1713; x_wconf 88' lang='lat' dir='ltr'><strong>in</strong></span> <span class='ocrx_word' id='word_1_147' title='bbox 610 1650 718 1732; x_wconf 89' lang='lat' dir='ltr'><strong>seipso</strong></span> <span class='ocrx_word' id='word_1_148' title='bbox 740 1652 836 1714; x_wconf 89' lang='lat' dir='ltr'><strong>imme</strong></span> <span class='ocrx_word' id='word_1_149' title='bbox 863 1652 926 1719; x_wconf 87' lang='lat' dir='ltr'><strong>iate</strong></span> <span class='ocrx_word' id='word_1_150' title='bbox 947 1653 1165 1738; x_wconf 82' lang='lat' dir='ltr'><strong>cognoscitur.</strong></span> 
     </span>
    </p>
   </div>
   <div class='ocr_carea' id='block_1_3' title="bbox 98 1732 1168 1990">
    <p class='ocr_par' dir='ltr' id='par_1_4' title="bbox 98 1732 1168 1990">
     <span class='ocr_line' id='line_1_20' title="bbox 100 1732 1168 1821; baseline 0.004 -25"><span class='ocrx_word' id='word_1_151' title='bbox 100 1732 188 1821; x_wconf 86' lang='lat' dir='ltr'><strong>Ergo</strong></span> <span class='ocrx_word' id='word_1_152' title='bbox 210 1736 312 1810; x_wconf 90' lang='lat' dir='ltr'><strong>visio,</strong></span> <span class='ocrx_word' id='word_1_153' title='bbox 334 1755 399 1818; x_wconf 91' lang='lat' dir='ltr'><strong>qua</strong></span> <span class='ocrx_word' id='word_1_154' title='bbox 421 1732 507 1797; x_wconf 85' lang='lat' dir='ltr'><strong>Deus</strong></span> <span class='ocrx_word' id='word_1_155' title='bbox 530 1732 666 1797; x_wconf 87' lang='lat' dir='ltr'><strong>obscure</strong></span> <span class='ocrx_word' id='word_1_156' title='bbox 689 1734 916 1817; x_wconf 89' lang='lat' dir='ltr'><strong>cognoscitur,</strong></span> <span class='ocrx_word' id='word_1_157' title='bbox 941 1736 1009 1817; x_wconf 87' lang='lat' dir='ltr'><strong>ipsa</strong></span> <span class='ocrx_word' id='word_1_158' title='bbox 1031 1733 1094 1799; x_wconf 89' lang='lat' dir='ltr'><strong>sibi</strong></span> <span class='ocrx_word' id='word_1_159' title='bbox 1117 1756 1168 1800; x_wconf 88' lang='lat' dir='ltr'><strong>re-</strong></span> 
     </span>
     <span class='ocr_line' id='line_1_21' title="bbox 98 1813 1165 1960; baseline 0.002 -81"><span class='ocrx_word' id='word_1_160' title='bbox 98 1820 260 1960; x_wconf 49' lang='lat' dir='ltr'><strong>qqugnat&amp;</strong></span> <span class='ocrx_word' id='word_1_161' title='bbox 283 1814 397 1913; x_wconf 84' lang='lat' dir='ltr'><strong>Quoad</strong></span> <span class='ocrx_word' id='word_1_162' title='bbox 423 1815 577 1911; x_wconf 74' lang='lat' dir='ltr'><strong>alterum,</strong></span> <span class='ocrx_word' id='word_1_163' title='bbox 600 1814 627 1878; x_wconf 93' lang='lat' dir='ltr'><strong>si</strong></span> <span class='ocrx_word' id='word_1_164' title='bbox 652 1813 809 1911; x_wconf 76' lang='lat' dir='ltr'><strong>naturalis</strong></span> <span class='ocrx_word' id='word_1_165' title='bbox 832 1816 916 1882; x_wconf 90' lang='lat' dir='ltr'><strong>visio</strong></span> <span class='ocrx_word' id='word_1_166' title='bbox 932 1816 998 1913; x_wconf 72' lang='lat' dir='ltr'><strong>¹Dei</strong></span> <span class='ocrx_word' id='word_1_167' title='bbox 1020 1816 1165 1893; x_wconf 87' lang='lat' dir='ltr'><strong>daretur,</strong></span> 
     </span>
     <span class='ocr_line' id='line_1_22' title="bbox 120 1895 1165 1990; baseline 0.005 -29"><span class='ocrx_word' id='word_1_168' title='bbox 120 1917 189 1977; x_wconf 85' lang='lat' dir='ltr'><strong>aec,</strong></span> <span class='ocrx_word' id='word_1_169' title='bbox 205 1910 412 1990; x_wconf 77' lang='lat' dir='ltr'><strong>quantumvis</strong></span> <span class='ocrx_word' id='word_1_170' title='bbox 437 1896 625 1984; x_wconf 77' lang='lat' dir='ltr'><strong>imperfecta</strong></span> <span class='ocrx_word' id='word_1_171' title='bbox 641 1895 796 1980; x_wconf 80' lang='lat' dir='ltr'><strong>gradibus</strong></span> <span class='ocrx_word' id='word_1_172' title='bbox 815 1918 886 1963; x_wconf 89' lang='lat' dir='ltr'><strong>esse</strong></span> <span class='ocrx_word' id='word_1_173' title='bbox 908 1899 1048 1975; x_wconf 84' lang='lat' dir='ltr'><strong>dicatur,</strong></span> <span class='ocrx_word' id='word_1_174' title='bbox 1063 1912 1165 1976; x_wconf 87' lang='lat' dir='ltr'><strong>certe,</strong></span> 
     </span>
    </p>
   </div>
   <div class='ocr_carea' id='block_1_4' title="bbox 94 1978 1169 2799">
    <p class='ocr_par' dir='ltr' id='par_1_5' title="bbox 94 1978 1169 2799">
     <span class='ocr_line' id='line_1_23' title="bbox 97 1978 1169 2066; baseline 0 -21"><span class='ocrx_word' id='word_1_175' title='bbox 97 1983 177 2063; x_wconf 89' lang='lat' dir='ltr'><strong>qnia</strong></span> <span class='ocrx_word' id='word_1_176' title='bbox 192 1995 240 2047; x_wconf 92' lang='lat' dir='ltr'><strong>est</strong></span> <span class='ocrx_word' id='word_1_177' title='bbox 254 1983 350 2058; x_wconf 83' lang='lat' dir='ltr'><strong>visio,</strong></span> <span class='ocrx_word' id='word_1_178' title='bbox 365 1991 397 2045; x_wconf 91' lang='lat' dir='ltr'><strong>et</strong></span> <span class='ocrx_word' id='word_1_179' title='bbox 411 1978 547 2066; x_wconf 86' lang='lat' dir='ltr'><strong>proinde</strong></span> <span class='ocrx_word' id='word_1_180' title='bbox 569 1980 715 2063; x_wconf 85' lang='lat' dir='ltr'><strong>cognitio</strong></span> <span class='ocrx_word' id='word_1_181' title='bbox 737 1978 835 2057; x_wconf 88' lang='lat' dir='ltr'><strong>clara,</strong></span> <span class='ocrx_word' id='word_1_182' title='bbox 858 1991 891 2047; x_wconf 88' lang='lat' dir='ltr'><strong>ct</strong></span> <span class='ocrx_word' id='word_1_183' title='bbox 910 1980 1073 2057; x_wconf 87' lang='lat' dir='ltr'><strong>distincta,</strong></span> <span class='ocrx_word' id='word_1_184' title='bbox 1089 1980 1169 2045; x_wconf 85' lang='lat' dir='ltr'><strong>bea-</strong></span> 
     </span>
     <span class='ocr_line' id='line_1_24' title="bbox 98 2060 1165 2146; baseline 0.005 -21"><span class='ocrx_word' id='word_1_185' title='bbox 98 2072 168 2126; x_wconf 91' lang='lat' dir='ltr'><strong>tum</strong></span> <span class='ocrx_word' id='word_1_186' title='bbox 191 2064 314 2128; x_wconf 85' lang='lat' dir='ltr'><strong>laceret</strong></span> <span class='ocrx_word' id='word_1_187' title='bbox 339 2060 528 2138; x_wconf 87' lang='lat' dir='ltr'><strong>videntem;</strong></span> <span class='ocrx_word' id='word_1_188' title='bbox 549 2061 635 2126; x_wconf 91' lang='lat' dir='ltr'><strong>unde</strong></span> <span class='ocrx_word' id='word_1_189' title='bbox 662 2079 797 2137; x_wconf 92' lang='lat' dir='ltr'><strong>omnes,</strong></span> <span class='ocrx_word' id='word_1_190' title='bbox 818 2063 877 2146; x_wconf 92' lang='lat' dir='ltr'><strong>qui</strong></span> <span class='ocrx_word' id='word_1_191' title='bbox 899 2066 932 2128; x_wconf 92' lang='lat' dir='ltr'><strong>in</strong></span> <span class='ocrx_word' id='word_1_192' title='bbox 955 2063 1054 2128; x_wconf 89' lang='lat' dir='ltr'><strong>coelis</strong></span> <span class='ocrx_word' id='word_1_193' title='bbox 1076 2076 1165 2141; x_wconf 89' lang='lat' dir='ltr'><strong>sunt,</strong></span> 
     </span>
     <span class='ocr_line' id='line_1_25' title="bbox 97 2140 1169 2231; baseline 0.007 -26"><span class='ocrx_word' id='word_1_194' title='bbox 97 2140 298 2210; x_wconf 88' lang='lat' dir='ltr'><strong>beatitudine</strong></span> <span class='ocrx_word' id='word_1_195' title='bbox 320 2142 487 2218; x_wconf 83' lang='lat' dir='ltr'><strong>fruuntur,</strong></span> <span class='ocrx_word' id='word_1_196' title='bbox 509 2163 708 2229; x_wconf 89' lang='lat' dir='ltr'><strong>quamquam</strong></span> <span class='ocrx_word' id='word_1_197' title='bbox 724 2164 783 2231; x_wconf 89' lang='lat' dir='ltr'><strong>pro</strong></span> <span class='ocrx_word' id='word_1_198' title='bbox 800 2145 989 2212; x_wconf 88' lang='lat' dir='ltr'><strong>meritorum</strong></span> <span class='ocrx_word' id='word_1_199' title='bbox 1011 2145 1169 2211; x_wconf 84' lang='lat' dir='ltr'><strong>differen-</strong></span> 
     </span>
     <span class='ocr_line' id='line_1_26' title="bbox 98 2224 1164 2303; baseline 0.006 -15"><span class='ocrx_word' id='word_1_200' title='bbox 98 2225 143 2289; x_wconf 88' lang='lat' dir='ltr'><strong>tia</strong></span> <span class='ocrx_word' id='word_1_201' title='bbox 164 2246 248 2292; x_wconf 93' lang='lat' dir='ltr'><strong>nnus</strong></span> <span class='ocrx_word' id='word_1_202' title='bbox 293 2225 510 2301; x_wconf 88' lang='lat' dir='ltr'><strong>erlectiorem‚</strong></span> <span class='ocrx_word' id='word_1_203' title='bbox 550 2245 626 2289; x_wconf 91' lang='lat' dir='ltr'><strong>uam</strong></span> <span class='ocrx_word' id='word_1_204' title='bbox 649 2224 744 2303; x_wconf 89' lang='lat' dir='ltr'><strong>alius,</strong></span> <span class='ocrx_word' id='word_1_205' title='bbox 768 2227 925 2291; x_wconf 89' lang='lat' dir='ltr'><strong>visionem</strong></span> <span class='ocrx_word' id='word_1_206' title='bbox 942 2228 1002 2293; x_wconf 79' lang='lat' dir='ltr'><strong>uei</strong></span> <span class='ocrx_word' id='word_1_207' title='bbox 1023 2228 1164 2294; x_wconf 90' lang='lat' dir='ltr'><strong>obtinet.</strong></span> 
     </span>
     <span class='ocr_line' id='line_1_27' title="bbox 96 2307 1168 2377; baseline 0.006 -6"><span class='ocrx_word' id='word_1_208' title='bbox 96 2307 181 2373; x_wconf 88' lang='lat' dir='ltr'><strong>Hinc</strong></span> <span class='ocrx_word' id='word_1_209' title='bbox 205 2330 231 2373; x_wconf 90' lang='lat' dir='ltr'><strong>s.</strong></span> <span class='ocrx_word' id='word_1_210' title='bbox 281 2309 391 2373; x_wconf 87' lang='lat' dir='ltr'><strong>homas</strong></span> <span class='ocrx_word' id='word_1_211' title='bbox 418 2308 475 2374; x_wconf 88' lang='lat' dir='ltr'><strong>ait:</strong></span> <span class='ocrx_word' id='word_1_212' title='bbox 498 2330 516 2367; x_wconf 76' lang='lat' dir='ltr'><strong>a</strong></span> <span class='ocrx_word' id='word_1_213' title='bbox 569 2307 632 2371; x_wconf 90' lang='lat' dir='ltr'><strong>isio</strong></span> <span class='ocrx_word' id='word_1_214' title='bbox 661 2307 748 2373; x_wconf 91' lang='lat' dir='ltr'><strong>beati</strong></span> <span class='ocrx_word' id='word_1_215' title='bbox 771 2329 789 2372; x_wconf 87' lang='lat' dir='ltr'><strong>a</strong></span> <span class='ocrx_word' id='word_1_216' title='bbox 810 2310 936 2375; x_wconf 89' lang='lat' dir='ltr'><strong>visione</strong></span> <span class='ocrx_word' id='word_1_217' title='bbox 959 2312 1092 2376; x_wconf 89' lang='lat' dir='ltr'><strong>viatoris</strong></span> <span class='ocrx_word' id='word_1_218' title='bbox 1113 2308 1168 2377; x_wconf 86' lang='lat' dir='ltr'><strong>di-</strong></span> 
     </span>
     <span class='ocr_line' id='line_1_28' title="bbox 95 2388 1166 2476; baseline 0.004 -23"><span class='ocrx_word' id='word_1_219' title='bbox 95 2390 278 2476; x_wconf 82' lang='lat' dir='ltr'><strong>stinguitur</strong></span> <span class='ocrx_word' id='word_1_220' title='bbox 304 2411 367 2456; x_wconf 90' lang='lat' dir='ltr'><strong>non</strong></span> <span class='ocrx_word' id='word_1_221' title='bbox 389 2410 449 2476; x_wconf 90' lang='lat' dir='ltr'><strong>per</strong></span> <span class='ocrx_word' id='word_1_222' title='bbox 468 2390 551 2465; x_wconf 84' lang='lat' dir='ltr'><strong>hoc,</strong></span> <span class='ocrx_word' id='word_1_223' title='bbox 574 2388 661 2474; x_wconf 92' lang='lat' dir='ltr'><strong>quod</strong></span> <span class='ocrx_word' id='word_1_224' title='bbox 687 2400 737 2453; x_wconf 88' lang='lat' dir='ltr'><strong>est</strong></span> <span class='ocrx_word' id='word_1_225' title='bbox 757 2390 958 2475; x_wconf 78' lang='lat' dir='ltr'><strong>perfectius,</strong></span> <span class='ocrx_word' id='word_1_226' title='bbox 979 2393 1032 2458; x_wconf 89' lang='lat' dir='ltr'><strong>vel</strong></span> <span class='ocrx_word' id='word_1_227' title='bbox 1053 2395 1166 2458; x_wconf 90' lang='lat' dir='ltr'><strong>minus</strong></span> 
     </span>
     <span class='ocr_line' id='line_1_29' title="bbox 97 2470 1167 2557; baseline 0.002 -20"><span class='ocrx_word' id='word_1_228' title='bbox 97 2475 236 2555; x_wconf 80' lang='lat' dir='ltr'><strong>perfecte</strong></span> <span class='ocrx_word' id='word_1_229' title='bbox 258 2473 383 2548; x_wconf 83' lang='lat' dir='ltr'><strong>videre,</strong></span> <span class='ocrx_word' id='word_1_230' title='bbox 404 2470 460 2537; x_wconf 92' lang='lat' dir='ltr'><strong>sed</strong></span> <span class='ocrx_word' id='word_1_231' title='bbox 483 2493 541 2557; x_wconf 90' lang='lat' dir='ltr'><strong>per</strong></span> <span class='ocrx_word' id='word_1_232' title='bbox 562 2471 641 2548; x_wconf 90' lang='lat' dir='ltr'><strong>hoc,</strong></span> <span class='ocrx_word' id='word_1_233' title='bbox 662 2470 750 2557; x_wconf 88' lang='lat' dir='ltr'><strong>quod</strong></span> <span class='ocrx_word' id='word_1_234' title='bbox 771 2482 820 2539; x_wconf 92' lang='lat' dir='ltr'><strong>est</strong></span> <span class='ocrx_word' id='word_1_235' title='bbox 842 2472 952 2539; x_wconf 89' lang='lat' dir='ltr'><strong>videre</strong></span> <span class='ocrx_word' id='word_1_236' title='bbox 974 2484 1007 2540; x_wconf 85' lang='lat' dir='ltr'><strong>et</strong></span> <span class='ocrx_word' id='word_1_237' title='bbox 1028 2495 1092 2539; x_wconf 93' lang='lat' dir='ltr'><strong>non</strong></span> <span class='ocrx_word' id='word_1_238' title='bbox 1113 2475 1167 2539; x_wconf 86' lang='lat' dir='ltr'><strong>vi-</strong></span> 
     </span>
     <span class='ocr_line' id='line_1_30' title="bbox 96 2552 1166 2642; baseline 0.002 -22"><span class='ocrx_word' id='word_1_239' title='bbox 96 2557 174 2623; x_wconf 91' lang='lat' dir='ltr'><strong>dere</strong></span> <span class='ocrx_word' id='word_1_240' title='bbox 190 2558 201 2593; x_wconf 82' lang='lat'><em>²</em></span> <span class='ocrx_word' id='word_1_241' title='bbox 218 2580 247 2621; x_wconf 77' lang='lat' dir='ltr'><strong>a.</strong></span> <span class='ocrx_word' id='word_1_242' title='bbox 271 2555 420 2639; x_wconf 86' lang='lat' dir='ltr'><strong>Denique</strong></span> <span class='ocrx_word' id='word_1_243' title='bbox 439 2552 548 2639; x_wconf 90' lang='lat' dir='ltr'><strong>quoad</strong></span> <span class='ocrx_word' id='word_1_244' title='bbox 570 2557 716 2630; x_wconf 88' lang='lat' dir='ltr'><strong>tertium,</strong></span> <span class='ocrx_word' id='word_1_245' title='bbox 741 2568 967 2641; x_wconf 89' lang='lat' dir='ltr'><strong>praeterquam</strong></span> <span class='ocrx_word' id='word_1_246' title='bbox 989 2556 1089 2642; x_wconf 92' lang='lat' dir='ltr'><strong>quod,</strong></span> <span class='ocrx_word' id='word_1_247' title='bbox 1111 2558 1166 2623; x_wconf 87' lang='lat' dir='ltr'><strong>uti</strong></span> 
     </span>
     <span class='ocr_line' id='line_1_31' title="bbox 96 2636 1163 2717; baseline 0.003 -14"><span class='ocrx_word' id='word_1_248' title='bbox 96 2641 162 2704; x_wconf 88' lang='lat' dir='ltr'><strong>iam</strong></span> <span class='ocrx_word' id='word_1_249' title='bbox 183 2638 407 2705; x_wconf 79' lang='lat' dir='ltr'><strong>adnotavimus</strong></span> <span class='ocrx_word' id='word_1_250' title='bbox 421 2640 447 2716; x_wconf 80' lang='lat'><strong>⁴,</strong></span> <span class='ocrx_word' id='word_1_251' title='bbox 470 2636 544 2702; x_wconf 87' lang='lat' dir='ltr'><strong>fieri</strong></span> <span class='ocrx_word' id='word_1_252' title='bbox 567 2658 632 2701; x_wconf 92' lang='lat' dir='ltr'><strong>non</strong></span> <span class='ocrx_word' id='word_1_253' title='bbox 677 2648 782 2714; x_wconf 84' lang='lat' dir='ltr'><strong>otest,</strong></span> <span class='ocrx_word' id='word_1_254' title='bbox 804 2649 841 2704; x_wconf 90' lang='lat' dir='ltr'><strong>ut</strong></span> <span class='ocrx_word' id='word_1_255' title='bbox 863 2638 1042 2705; x_wconf 86' lang='lat' dir='ltr'><strong>intellectus</strong></span> <span class='ocrx_word' id='word_1_256' title='bbox 1068 2641 1163 2717; x_wconf 84' lang='lat' dir='ltr'><strong>Esse,</strong></span> 
     </span>
     <span class='ocr_line' id='line_1_32' title="bbox 94 2720 1167 2799; baseline 0.005 -16"><span class='ocrx_word' id='word_1_257' title='bbox 94 2722 144 2786; x_wconf 90' lang='lat' dir='ltr'><strong>vel</strong></span> <span class='ocrx_word' id='word_1_258' title='bbox 168 2720 332 2787; x_wconf 79' lang='lat' dir='ltr'><strong>Attribnta</strong></span> <span class='ocrx_word' id='word_1_259' title='bbox 354 2720 433 2798; x_wconf 83' lang='lat' dir='ltr'><strong>Dei,</strong></span> <span class='ocrx_word' id='word_1_260' title='bbox 456 2741 520 2785; x_wconf 94' lang='lat' dir='ltr'><strong>non</strong></span> <span class='ocrx_word' id='word_1_261' title='bbox 542 2741 619 2785; x_wconf 88' lang='lat' dir='ltr'><strong>vero</strong></span> <span class='ocrx_word' id='word_1_262' title='bbox 671 2722 819 2788; x_wconf 84' lang='lat' dir='ltr'><strong>ssentiam</strong></span> <span class='ocrx_word' id='word_1_263' title='bbox 842 2721 966 2799; x_wconf 89' lang='lat' dir='ltr'><strong>videat,</strong></span> <span class='ocrx_word' id='word_1_264' title='bbox 990 2722 1018 2786; x_wconf 90' lang='lat' dir='ltr'><strong>si</strong></span> <span class='ocrx_word' id='word_1_265' title='bbox 1040 2722 1167 2788; x_wconf 88' lang='lat' dir='ltr'><strong>limites</strong></span> 
     </span>
    </p>
   </div>
   <div class='ocr_carea' id='block_1_5' title="bbox 493 2858 826 2877">
    <p class='ocr_par' dir='ltr' id='par_1_6' title="bbox 493 2858 826 2877">
     <span class='ocr_line' id='line_1_33' title="bbox 493 2858 826 2877; baseline -0.003 -3"><span class='ocrx_word' id='word_1_266' title='bbox 493 2858 826 2877; x_wconf 63' lang='lat' dir='ltr'><strong>—n-——u—t—n—</strong></span> 
     </span>
    </p>
   </div>
   <div class='ocr_carea' id='block_1_6' title="bbox 90 2924 1173 3737">
    <p class='ocr_par' dir='ltr' id='par_1_7' title="bbox 91 2924 1170 3420">
     <span class='ocr_line' id='line_1_34' title="bbox 93 2924 1168 2995; baseline -0.004 -13"><span class='ocrx_word' id='word_1_267' title='bbox 93 2947 165 2983; x_wconf 88' lang='lat' dir='ltr'><strong>nuoc</strong></span> <span class='ocrx_word' id='word_1_268' title='bbox 184 2930 341 2993; x_wconf 79' lang='lat' dir='ltr'><strong>intelligitur</strong></span> <span class='ocrx_word' id='word_1_269' title='bbox 360 2945 407 2995; x_wconf 86' lang='lat' dir='ltr'><strong>per</strong></span> <span class='ocrx_word' id='word_1_270' title='bbox 424 2930 550 2988; x_wconf 70' lang='lat' dir='ltr'><strong>edoctus,</strong></span> <span class='ocrx_word' id='word_1_271' title='bbox 570 2936 656 2994; x_wconf 80' lang='lat' dir='ltr'><strong>potest</strong></span> <span class='ocrx_word' id='word_1_272' title='bbox 677 2931 787 2994; x_wconf 82' lang='lat' dir='ltr'><strong>intelligi</strong></span> <span class='ocrx_word' id='word_1_273' title='bbox 805 2930 904 2993; x_wconf 83' lang='lat' dir='ltr'><strong>absque</strong></span> <span class='ocrx_word' id='word_1_274' title='bbox 923 2924 1049 2977; x_wconf 83' lang='lat' dir='ltr'><strong>&#39;l&#39;rinitate</strong></span> <span class='ocrx_word' id='word_1_275' title='bbox 1068 2924 1168 2978; x_wconf 85' lang='lat' dir='ltr'><strong>Perso-</strong></span> 
     </span>
     <span class='ocr_line' id='line_1_35' title="bbox 92 3001 1169 3125; baseline -0.006 -68"><span class='ocrx_word' id='word_1_276' title='bbox 92 3019 187 3091; x_wconf 80' lang='lat' dir='ltr'><strong>narum</strong></span> <span class='ocrx_word' id='word_1_277' title='bbox 202 3004 275 3091; x_wconf 49' lang='lat' dir='ltr'><strong>qsed</strong></span> <span class='ocrx_word' id='word_1_278' title='bbox 294 3004 440 3089; x_wconf 79' lang='lat' dir='ltr'><strong>secundom</strong></span> <span class='ocrx_word' id='word_1_279' title='bbox 459 3006 529 3068; x_wconf 85' lang='lat' dir='ltr'><strong>qnod</strong></span> <span class='ocrx_word' id='word_1_280' title='bbox 549 3004 706 3108; x_wconf 58' lang='lat' dir='ltr'><strong>intelligito:</strong></span> <span class='ocrx_word' id='word_1_281' title='bbox 714 3018 753 3125; x_wconf 46' lang='grc' dir='ltr'><strong>ἐξ</strong></span> <span class='ocrx_word' id='word_1_282' title='bbox 770 3005 856 3124; x_wconf 65' lang='lat' dir='ltr'><strong>seips&#39;q</strong></span> <span class='ocrx_word' id='word_1_283' title='bbox 874 3038 904 3124; x_wconf 59' lang='grc' dir='ltr'><strong>,Ι</strong></span> <span class='ocrx_word' id='word_1_284' title='bbox 922 3014 1002 3123; x_wconf 67' lang='grc' dir='ltr'>,81ιέιὲ</span> <span class='ocrx_word' id='word_1_285' title='bbox 1014 3004 1099 3123; x_wconf 56' lang='grc' dir='ltr'><strong>ρὸοιεεῑ</strong></span> <span class='ocrx_word' id='word_1_286' title='bbox 1119 3001 1169 3050; x_wconf 86' lang='lat' dir='ltr'><strong>in-</strong></span> 
     </span>
     <span class='ocr_line' id='line_1_36' title="bbox 97 3072 1167 3214; baseline -0.006 -11"><span class='ocrx_word' id='word_1_287' title='bbox 97 3072 732 3214; x_wconf 16' lang='lat' dir='ltr'><strong>wl&#39;&#39;llod&#39;o&#39;lliululmgtdrleerapllenlildlldldnse&#39;Adono</strong></span> <span class='ocrx_word' id='word_1_288' title='bbox 756 3091 886 3200; x_wconf 50' lang='lat' dir='ltr'><strong>’ll‘dCClll</strong></span> <span class='ocrx_word' id='word_1_289' title='bbox 907 3110 959 3196; x_wconf 74' lang='lat' dir='ltr'><strong>sub</strong></span> <span class='ocrx_word' id='word_1_290' title='bbox 979 3110 1116 3196; x_wconf 79' lang='lat' dir='ltr'><strong>Clemente</strong></span> <span class='ocrx_word' id='word_1_291' title='bbox 1138 3144 1167 3197; x_wconf 82' lang='lat' dir='ltr'>V</span> 
     </span>
     <span class='ocr_line' id='line_1_37' title="bbox 92 3218 1170 3286; baseline -0.005 -11"><span class='ocrx_word' id='word_1_292' title='bbox 92 3226 228 3275; x_wconf 81' lang='lat' dir='ltr'><strong>damnarit</strong></span> <span class='ocrx_word' id='word_1_293' title='bbox 241 3236 360 3273; x_wconf 84' lang='lat' dir='ltr'><strong>errorem</strong></span> <span class='ocrx_word' id='word_1_294' title='bbox 375 3218 584 3286; x_wconf 79' lang='lat' dir='ltr'><strong>Regnardorum,</strong></span> <span class='ocrx_word' id='word_1_295' title='bbox 594 3227 620 3271; x_wconf 89' lang='lat' dir='ltr'><strong>et</strong></span> <span class='ocrx_word' id='word_1_296' title='bbox 634 3219 821 3285; x_wconf 79' lang='lat' dir='ltr'><strong>Begninarum,</strong></span> <span class='ocrx_word' id='word_1_297' title='bbox 835 3222 880 3283; x_wconf 84' lang='lat' dir='ltr'><strong>qui</strong></span> <span class='ocrx_word' id='word_1_298' title='bbox 894 3218 1047 3271; x_wconf 82' lang='lat' dir='ltr'><strong>asserebant</strong></span> <span class='ocrx_word' id='word_1_299' title='bbox 1062 3238 1072 3263; x_wconf 82' lang='grc' dir='ltr'>ι</span> <span class='ocrx_word' id='word_1_300' title='bbox 1088 3222 1170 3280; x_wconf 84' lang='lat' dir='ltr'><strong>quod</strong></span> 
     </span>
     <span class='ocr_line' id='line_1_38' title="bbox 92 3289 1169 3359; baseline -0.004 -13"><span class='ocrx_word' id='word_1_301' title='bbox 92 3300 181 3347; x_wconf 79' lang='lat' dir='ltr'><strong>antron</strong></span> <span class='ocrx_word' id='word_1_302' title='bbox 201 3309 253 3347; x_wconf 88' lang='lat' dir='ltr'><strong>non</strong></span> <span class='ocrx_word' id='word_1_303' title='bbox 268 3296 366 3358; x_wconf 85' lang='lat' dir='ltr'><strong>indiget</strong></span> <span class='ocrx_word' id='word_1_304' title='bbox 379 3295 479 3346; x_wconf 81' lang='lat' dir='ltr'><strong>lnrnion</strong></span> <span class='ocrx_word' id='word_1_305' title='bbox 492 3295 593 3359; x_wconf 83' lang='lat' dir='ltr'><strong>glorian</strong></span> <span class='ocrx_word' id='word_1_306' title='bbox 609 3295 697 3357; x_wconf 67' lang='lat' dir='ltr'><strong>ipsam</strong></span> <span class='ocrx_word' id='word_1_307' title='bbox 717 3296 838 3345; x_wconf 88' lang='lat' dir='ltr'><strong>elevante</strong></span> <span class='ocrx_word' id='word_1_308' title='bbox 856 3293 889 3343; x_wconf 80' lang='lat' dir='ltr'><strong>ad</strong></span> <span class='ocrx_word' id='word_1_309' title='bbox 903 3289 986 3342; x_wconf 86' lang='lat' dir='ltr'><strong>Deum</strong></span> <span class='ocrx_word' id='word_1_310' title='bbox 1006 3291 1169 3354; x_wconf 85' lang='lat' dir='ltr'><strong>videndum,</strong></span> 
     </span>
     <span class='ocr_line' id='line_1_39' title="bbox 91 3366 482 3420; baseline -0.008 -1"><span class='ocrx_word' id='word_1_311' title='bbox 91 3375 119 3419; x_wconf 89' lang='lat' dir='ltr'><strong>et</strong></span> <span class='ocrx_word' id='word_1_312' title='bbox 137 3366 178 3420; x_wconf 82' lang='lat' dir='ltr'><strong>Eo</strong></span> <span class='ocrx_word' id='word_1_313' title='bbox 197 3369 273 3420; x_wconf 87' lang='lat' dir='ltr'><strong>beate</strong></span> <span class='ocrx_word' id='word_1_314' title='bbox 293 3367 435 3418; x_wconf 78' lang='lat' dir='ltr'><strong>fruendum</strong></span> <span class='ocrx_word' id='word_1_315' title='bbox 457 3386 482 3416; x_wconf 74' lang='grc' dir='ltr'><strong>ι.</strong></span> 
     </span>
    </p>

    <p class='ocr_par' dir='ltr' id='par_1_8' title="bbox 90 3436 1173 3737">
     <span class='ocr_line' id='line_1_40' title="bbox 127 3436 1173 3504; baseline -0.01 -10"><span class='ocrx_word' id='word_1_316' title='bbox 127 3442 140 3479; x_wconf 88' lang='lat'><strong>²</strong></span> <span class='ocrx_word' id='word_1_317' title='bbox 161 3462 172 3486; x_wconf 79' lang='grc' dir='ltr'>ι</span> <span class='ocrx_word' id='word_1_318' title='bbox 196 3440 269 3493; x_wconf 83' lang='lat' dir='ltr'><strong>Vtsto</strong></span> <span class='ocrx_word' id='word_1_319' title='bbox 288 3455 342 3491; x_wconf 90' lang='lat' dir='ltr'><strong>non</strong></span> <span class='ocrx_word' id='word_1_320' title='bbox 359 3442 425 3491; x_wconf 84' lang='lat' dir='ltr'><strong>dicit</strong></span> <span class='ocrx_word' id='word_1_321' title='bbox 449 3442 673 3504; x_wconf 83' lang='lat' dir='ltr'><strong>qualemcumque</strong></span> <span class='ocrx_word' id='word_1_322' title='bbox 698 3439 807 3489; x_wconf 88' lang='lat' dir='ltr'><strong>modom</strong></span> <span class='ocrx_word' id='word_1_323' title='bbox 826 3438 1017 3503; x_wconf 76' lang='lat' dir='ltr'><strong>cognoscendi,</strong></span> <span class='ocrx_word' id='word_1_324' title='bbox 1036 3436 1083 3487; x_wconf 83' lang='lat' dir='ltr'><strong>sed</strong></span> <span class='ocrx_word' id='word_1_325' title='bbox 1103 3448 1173 3485; x_wconf 89' lang='lat' dir='ltr'><strong>mo-</strong></span> 
     </span>
     <span class='ocr_line' id='line_1_41' title="bbox 90 3504 1172 3577; baseline -0.004 -13"><span class='ocrx_word' id='word_1_326' title='bbox 90 3515 155 3565; x_wconf 91' lang='lat' dir='ltr'><strong>dum</strong></span> <span class='ocrx_word' id='word_1_327' title='bbox 168 3515 342 3577; x_wconf 80' lang='lat' dir='ltr'><strong>cognoscendi</strong></span> <span class='ocrx_word' id='word_1_328' title='bbox 355 3516 519 3577; x_wconf 75' lang='lat' dir='ltr'><strong>completam</strong></span> <span class='ocrx_word' id='word_1_329' title='bbox 533 3532 558 3572; x_wconf 67' lang='grc' dir='ltr'><strong>ις</strong></span> <span class='ocrx_word' id='word_1_330' title='bbox 573 3511 600 3565; x_wconf 91' lang='lat' dir='ltr'><strong>S.</strong></span> <span class='ocrx_word' id='word_1_331' title='bbox 612 3510 724 3571; x_wconf 71' lang='lat' dir='ltr'><strong>nonar„</strong></span> <span class='ocrx_word' id='word_1_332' title='bbox 739 3514 771 3563; x_wconf 80' lang='lat' dir='ltr'><strong>ia</strong></span> <span class='ocrx_word' id='word_1_333' title='bbox 783 3514 829 3563; x_wconf 81' lang='lat' dir='ltr'><strong>uo.</strong></span> <span class='ocrx_word' id='word_1_334' title='bbox 842 3515 870 3564; x_wconf 91' lang='lat'><strong>11</strong></span> <span class='ocrx_word' id='word_1_335' title='bbox 880 3514 964 3570; x_wconf 75' lang='lat' dir='ltr'><strong>sent,</strong></span> <span class='ocrx_word' id='word_1_336' title='bbox 978 3508 1045 3561; x_wconf 78' lang='lat' dir='ltr'><strong>ilict.</strong></span> <span class='ocrx_word' id='word_1_337' title='bbox 1058 3504 1172 3574; x_wconf 73' lang='lat' dir='ltr'><strong>litut,</strong></span> 
     </span>
     <span class='ocr_line' id='line_1_42' title="bbox 90 3586 1026 3737; baseline -0.007 -24"><span class='ocrx_word' id='word_1_338' title='bbox 90 3586 384 3737; x_wconf 50' lang='grc' dir='ltr'><strong>”ξ1ζ&gt;ἓ.’ἒιιῖ;.,ωὲἑ</strong></span> <span class='ocrx_word' id='word_1_339' title='bbox 409 3662 479 3721; x_wconf 65' lang='lat' dir='ltr'><strong>voe,</strong></span> <span class='ocrx_word' id='word_1_340' title='bbox 499 3673 527 3723; x_wconf 79' lang='lat' dir='ltr'><strong>q.</strong></span> <span class='ocrx_word' id='word_1_341' title='bbox 548 3655 646 3723; x_wconf 79' lang='lat' dir='ltr'><strong>uvtu,</strong></span> <span class='ocrx_word' id='word_1_342' title='bbox 666 3671 693 3709; x_wconf 72' lang='lat' dir='ltr'><strong>a.</strong></span> <span class='ocrx_word' id='word_1_343' title='bbox 715 3660 727 3709; x_wconf 84' lang='lat' dir='ltr'><strong>r</strong></span> <span class='ocrx_word' id='word_1_344' title='bbox 750 3656 843 3717; x_wconf 51' lang='grc' dir='ltr'><em>ω</em></span> <span class='ocrx_word' id='word_1_345' title='bbox 863 3652 898 3709; x_wconf 83' lang='lat' dir='ltr'><strong>cr</strong></span> <span class='ocrx_word' id='word_1_346' title='bbox 913 3672 940 3723; x_wconf 74' lang='lat' dir='ltr'><strong>p.</strong></span> <span class='ocrx_word' id='word_1_347' title='bbox 962 3655 1026 3707; x_wconf 80' lang='lat' dir='ltr'><strong>eoo.</strong></span> 
     </span>
    </p>
   </div>
   <div class='ocr_carea' id='block_1_7' title="bbox 0 0 1242 3909">
    <p class='ocr_par' dir='ltr' id='par_1_9' title="bbox 0 0 1242 3909">
     <span class='ocr_line' id='line_1_43' title="bbox 0 0 1242 3909; baseline 0 2"><span class='ocrx_word' id='word_1_348' title='bbox 0 0 1242 3909; x_wconf 95' lang='lat' dir='ltr'><strong> </strong></span> 
     </span>
    </p>
   </div>
  </div>
 </body>
</html>
