<?xml version="1.0" encoding="UTF-8"?>
<!DOCTYPE html PUBLIC "-//W3C//DTD XHTML 1.0 Transitional//EN"
    "http://www.w3.org/TR/xhtml1/DTD/xhtml1-transitional.dtd">
<html xmlns="http://www.w3.org/1999/xhtml" xml:lang="en" lang="en">
 <head>
  <title>
</title>
<meta http-equiv="Content-Type" content="text/html;charset=utf-8" />
  <meta name='ocr-system' content='tesseract 3.04.00' />
  <meta name='ocr-capabilities' content='ocr_page ocr_carea ocr_par ocr_line ocrx_word'/>
</head>
<body>
  <div class='ocr_page' id='page_1' title='image "./philosophiachri00sansgoog_0538.png"; bbox 0 0 2475 3909; ppageno 0'>
   <div class='ocr_carea' id='block_1_1' title="bbox 157 180 799 250">
    <p class='ocr_par' dir='ltr' id='par_1_1' title="bbox 157 180 799 250">
     <span class='ocr_line' id='line_1_1' title="bbox 157 180 799 250; baseline 0 -2"><span class='ocrx_word' id='word_1_1' title='bbox 157 180 220 248; x_wconf 72' lang='lat' dir='ltr'><strong>tta</strong></span> <span class='ocrx_word' id='word_1_2' title='bbox 525 197 799 250; x_wconf 79' lang='lat' dir='ltr'><strong>mrsnoronoara</strong></span> 
     </span>
    </p>
   </div>
   <div class='ocr_carea' id='block_1_2' title="bbox 110 279 1192 2494">
    <p class='ocr_par' dir='ltr' id='par_1_2' title="bbox 116 279 1192 532">
     <span class='ocr_line' id='line_1_2' title="bbox 118 279 1192 382; baseline 0.005 -38"><span class='ocrx_word' id='word_1_3' title='bbox 118 303 171 345; x_wconf 89' lang='lat' dir='ltr'><strong>ma</strong></span> <span class='ocrx_word' id='word_1_4' title='bbox 185 291 356 359; x_wconf 89' lang='lat' dir='ltr'><strong>constaret,</strong></span> <span class='ocrx_word' id='word_1_5' title='bbox 372 283 467 348; x_wconf 87' lang='lat' dir='ltr'><strong>toties</strong></span> <span class='ocrx_word' id='word_1_6' title='bbox 481 302 534 346; x_wconf 89' lang='lat' dir='ltr'><strong>res</strong></span> <span class='ocrx_word' id='word_1_7' title='bbox 547 283 713 368; x_wconf 82' lang='lat' dir='ltr'><strong>quaslibet</strong></span> <span class='ocrx_word' id='word_1_8' title='bbox 724 285 850 382; x_wconf 70' lang='lat' dir='ltr'><strong>integra</strong></span> <span class='ocrx_word' id='word_1_9' title='bbox 864 282 906 346; x_wconf 88' lang='lat' dir='ltr'><strong>ab</strong></span> <span class='ocrx_word' id='word_1_10' title='bbox 920 303 959 347; x_wconf 88' lang='lat' dir='ltr'><strong>ea</strong></span> <span class='ocrx_word' id='word_1_11' title='bbox 975 279 1192 369; x_wconf 84' lang='lat' dir='ltr'><strong>percipienda</strong></span> 
     </span>
     <span class='ocr_line' id='line_1_3' title="bbox 116 363 1190 452; baseline 0.002 -26"><span class='ocrx_word' id='word_1_12' title='bbox 116 375 210 430; x_wconf 89' lang='lat' dir='ltr'><strong>esset.</strong></span> <span class='ocrx_word' id='word_1_13' title='bbox 229 363 317 449; x_wconf 80' lang='lat' dir='ltr'><strong>Ergo</strong></span> <span class='ocrx_word' id='word_1_14' title='bbox 338 372 444 430; x_wconf 86' lang='lat' dir='ltr'><strong>virius</strong></span> <span class='ocrx_word' id='word_1_15' title='bbox 457 383 510 428; x_wconf 89' lang='lat' dir='ltr'><strong>res</strong></span> <span class='ocrx_word' id='word_1_16' title='bbox 524 364 658 430; x_wconf 78' lang='lat' dir='ltr'>sensiles</span> <span class='ocrx_word' id='word_1_17' title='bbox 682 363 886 452; x_wconf 83' lang='lat' dir='ltr'><strong>percipiendi</strong></span> <span class='ocrx_word' id='word_1_18' title='bbox 909 363 950 428; x_wconf 86' lang='lat' dir='ltr'><strong>ad</strong></span> <span class='ocrx_word' id='word_1_19' title='bbox 971 365 1190 432; x_wconf 77' lang='lat' dir='ltr'><strong>substantiam</strong></span> 
     </span>
     <span class='ocr_line' id='line_1_4' title="bbox 117 445 762 532; baseline 0.008 -27"><span class='ocrx_word' id='word_1_20' title='bbox 117 445 318 510; x_wconf 78' lang='lat' dir='ltr'><strong>materialem</strong></span> <span class='ocrx_word' id='word_1_21' title='bbox 342 449 504 530; x_wconf 90' lang='lat' dir='ltr'><strong>periinere</strong></span> <span class='ocrx_word' id='word_1_22' title='bbox 527 467 591 510; x_wconf 93' lang='lat' dir='ltr'><strong>non</strong></span> <span class='ocrx_word' id='word_1_23' title='bbox 614 457 720 532; x_wconf 90' lang='lat' dir='ltr'><strong>potest</strong></span> <span class='ocrx_word' id='word_1_24' title='bbox 739 447 762 510; x_wconf 80' lang='lat'><strong>¹.</strong></span> 
     </span>
    </p>

    <p class='ocr_par' dir='ltr' id='par_1_3' title="bbox 114 524 1192 1915">
     <span class='ocr_line' id='line_1_5' title="bbox 159 524 1191 624; baseline 0.002 -35"><span class='ocrx_word' id='word_1_25' title='bbox 159 524 228 590; x_wconf 75' lang='lat'><strong>121.</strong></span> <span class='ocrx_word' id='word_1_26' title='bbox 250 527 324 604; x_wconf 86' lang='lat' dir='ltr'><strong>Quo</strong></span> <span class='ocrx_word' id='word_1_27' title='bbox 345 529 450 624; x_wconf 81' lang='lat' dir='ltr'><strong>magis</strong></span> <span class='ocrx_word' id='word_1_28' title='bbox 472 537 614 611; x_wconf 81' lang='lat' dir='ltr'><strong>patescat</strong></span> <span class='ocrx_word' id='word_1_29' title='bbox 634 528 776 593; x_wconf 87' lang='lat' dir='ltr'><strong>animam</strong></span> <span class='ocrx_word' id='word_1_30' title='bbox 797 549 839 593; x_wconf 84' lang='lat' dir='ltr'><strong>ea</strong></span> <span class='ocrx_word' id='word_1_31' title='bbox 859 547 912 602; x_wconf 87' lang='lat' dir='ltr'><strong>eo,</strong></span> <span class='ocrx_word' id='word_1_32' title='bbox 933 527 1020 611; x_wconf 92' lang='lat' dir='ltr'><strong>quod</strong></span> <span class='ocrx_word' id='word_1_33' title='bbox 1043 547 1097 593; x_wconf 88' lang='lat' dir='ltr'><strong>res</strong></span> <span class='ocrx_word' id='word_1_34' title='bbox 1116 549 1191 592; x_wconf 91' lang='lat' dir='ltr'><strong>cor·</strong></span> 
     </span>
     <span class='ocr_line' id='line_1_6' title="bbox 118 611 1189 700; baseline 0 -28"><span class='ocrx_word' id='word_1_35' title='bbox 118 624 232 700; x_wconf 79' lang='lat' dir='ltr'><strong>porcae</strong></span> <span class='ocrx_word' id='word_1_36' title='bbox 253 621 433 692; x_wconf 78' lang='lat' dir='ltr'><strong>cognoscit,</strong></span> <span class='ocrx_word' id='word_1_37' title='bbox 454 630 646 693; x_wconf 74' lang='lat' dir='ltr'><strong>corpoream</strong></span> <span class='ocrx_word' id='word_1_38' title='bbox 668 631 736 674; x_wconf 89' lang='lat' dir='ltr'><strong>esse</strong></span> <span class='ocrx_word' id='word_1_39' title='bbox 759 629 821 674; x_wconf 91' lang='lat' dir='ltr'><strong>non</strong></span> <span class='ocrx_word' id='word_1_40' title='bbox 846 629 956 692; x_wconf 90' lang='lat' dir='ltr'><strong>posse,</strong></span> <span class='ocrx_word' id='word_1_41' title='bbox 980 622 1122 694; x_wconf 81' lang='lat' dir='ltr'><strong>praestat</strong></span> <span class='ocrx_word' id='word_1_42' title='bbox 1145 611 1189 674; x_wconf 89' lang='lat' dir='ltr'><strong>iia</strong></span> 
     </span>
     <span class='ocr_line' id='line_1_7' title="bbox 116 691 1189 778; baseline 0.007 -28"><span class='ocrx_word' id='word_1_43' title='bbox 116 700 213 752; x_wconf 83' lang='lat' dir='ltr'><strong>otram</strong></span> <span class='ocrx_word' id='word_1_44' title='bbox 235 692 468 776; x_wconf 79' lang='lat' dir='ltr'><strong>argumentari.</strong></span> <span class='ocrx_word' id='word_1_45' title='bbox 490 691 654 767; x_wconf 84' lang='lat' dir='ltr'><strong>Quoniam</strong></span> <span class='ocrx_word' id='word_1_46' title='bbox 675 694 783 756; x_wconf 89' lang='lat' dir='ltr'><strong>anima</strong></span> <span class='ocrx_word' id='word_1_47' title='bbox 803 711 857 754; x_wconf 90' lang='lat' dir='ltr'><strong>res</strong></span> <span class='ocrx_word' id='word_1_48' title='bbox 877 711 919 754; x_wconf 83' lang='lat' dir='ltr'><strong>ex</strong></span> <span class='ocrx_word' id='word_1_49' title='bbox 944 711 984 754; x_wconf 92' lang='lat' dir='ltr'><strong>eo</strong></span> <span class='ocrx_word' id='word_1_50' title='bbox 1006 694 1189 778; x_wconf 80' lang='lat' dir='ltr'><strong>cognoscit,</strong></span> 
     </span>
     <span class='ocr_line' id='line_1_8' title="bbox 116 770 1191 860; baseline 0.004 -26"><span class='ocrx_word' id='word_1_51' title='bbox 116 770 203 852; x_wconf 90' lang='lat' dir='ltr'><strong>quod</strong></span> <span class='ocrx_word' id='word_1_52' title='bbox 218 792 329 838; x_wconf 86' lang='lat' dir='ltr'><strong>earum</strong></span> <span class='ocrx_word' id='word_1_53' title='bbox 345 772 512 858; x_wconf 87' lang='lat' dir='ltr'><strong>speciebus</strong></span> <span class='ocrx_word' id='word_1_54' title='bbox 535 772 744 847; x_wconf 80' lang='lat' dir='ltr'><strong>informatur,</strong></span> <span class='ocrx_word' id='word_1_55' title='bbox 759 771 969 856; x_wconf 86' lang='lat' dir='ltr'><strong>consequitur</strong></span> <span class='ocrx_word' id='word_1_56' title='bbox 991 794 1077 850; x_wconf 89' lang='lat' dir='ltr'><strong>eam,</strong></span> <span class='ocrx_word' id='word_1_57' title='bbox 1096 795 1191 860; x_wconf 85' lang='lat' dir='ltr'><strong>prae·</strong></span> 
     </span>
     <span class='ocr_line' id='line_1_9' title="bbox 119 851 1188 941; baseline 0.003 -26"><span class='ocrx_word' id='word_1_58' title='bbox 119 861 167 916; x_wconf 89' lang='lat' dir='ltr'><strong>ier</strong></span> <span class='ocrx_word' id='word_1_59' title='bbox 189 851 327 918; x_wconf 87' lang='lat' dir='ltr'><strong>sormam</strong></span> <span class='ocrx_word' id='word_1_60' title='bbox 344 902 353 930; x_wconf 91' lang='lat'><strong>,</strong></span> <span class='ocrx_word' id='word_1_61' title='bbox 373 875 469 939; x_wconf 89' lang='lat' dir='ltr'><strong>quam</strong></span> <span class='ocrx_word' id='word_1_62' title='bbox 498 853 594 921; x_wconf 86' lang='lat' dir='ltr'><strong>habet</strong></span> <span class='ocrx_word' id='word_1_63' title='bbox 619 857 671 919; x_wconf 84' lang='lat' dir='ltr'><strong>sui</strong></span> <span class='ocrx_word' id='word_1_64' title='bbox 695 855 884 941; x_wconf 89' lang='lat' dir='ltr'><strong>propriam,</strong></span> <span class='ocrx_word' id='word_1_65' title='bbox 907 854 1045 918; x_wconf 84' lang='lat' dir='ltr'><strong>aliarum</strong></span> <span class='ocrx_word' id='word_1_66' title='bbox 1073 878 1188 922; x_wconf 86' lang='lat' dir='ltr'><strong>rerum</strong></span> 
     </span>
     <span class='ocr_line' id='line_1_10' title="bbox 116 931 1191 1029; baseline 0.007 -34"><span class='ocrx_word' id='word_1_67' title='bbox 116 931 293 1029; x_wconf 34' lang='lat' dir='ltr'><strong>formas-in</strong></span> <span class='ocrx_word' id='word_1_68' title='bbox 315 958 349 1004; x_wconf 90' lang='lat' dir='ltr'><strong>se</strong></span> <span class='ocrx_word' id='word_1_69' title='bbox 372 938 515 1019; x_wconf 90' lang='lat' dir='ltr'><strong>recipere</strong></span> <span class='ocrx_word' id='word_1_70' title='bbox 544 953 660 1022; x_wconf 90' lang='lat' dir='ltr'><strong>posse;</strong></span> <span class='ocrx_word' id='word_1_71' title='bbox 682 950 715 1003; x_wconf 91' lang='lat' dir='ltr'><strong>et</strong></span> <span class='ocrx_word' id='word_1_72' title='bbox 735 937 890 1020; x_wconf 87' lang='lat' dir='ltr'><strong>quoniam</strong></span> <span class='ocrx_word' id='word_1_73' title='bbox 915 934 1022 999; x_wconf 82' lang='lat' dir='ltr'><strong>lnrma</strong></span> <span class='ocrx_word' id='word_1_74' title='bbox 1046 934 1104 1005; x_wconf 89' lang='lat' dir='ltr'><strong>dat</strong></span> <span class='ocrx_word' id='word_1_75' title='bbox 1125 961 1191 1004; x_wconf 84' lang='lat' dir='ltr'><strong>csse</strong></span> 
     </span>
     <span class='ocr_line' id='line_1_11' title="bbox 116 1017 1188 1102; baseline 0.007 -23"><span class='ocrx_word' id='word_1_76' title='bbox 116 1036 178 1091; x_wconf 88' lang='lat' dir='ltr'><strong>rer,</strong></span> <span class='ocrx_word' id='word_1_77' title='bbox 194 1033 302 1081; x_wconf 90' lang='lat' dir='ltr'><strong>amma</strong></span> <span class='ocrx_word' id='word_1_78' title='bbox 325 1022 359 1086; x_wconf 96' lang='lat' dir='ltr'><strong>in</strong></span> <span class='ocrx_word' id='word_1_79' title='bbox 382 1038 416 1083; x_wconf 91' lang='lat' dir='ltr'><strong>se</strong></span> <span class='ocrx_word' id='word_1_80' title='bbox 437 1019 602 1102; x_wconf 87' lang='lat' dir='ltr'><strong>recipiens</strong></span> <span class='ocrx_word' id='word_1_81' title='bbox 624 1039 748 1093; x_wconf 90' lang='lat' dir='ltr'><strong>rerum,</strong></span> <span class='ocrx_word' id='word_1_82' title='bbox 761 1037 842 1102; x_wconf 90' lang='lat' dir='ltr'><strong>quas</strong></span> <span class='ocrx_word' id='word_1_83' title='bbox 856 1019 1034 1100; x_wconf 79' lang='lat' dir='ltr'><strong>cognoscit,</strong></span> <span class='ocrx_word' id='word_1_84' title='bbox 1050 1017 1188 1096; x_wconf 81' lang='lat' dir='ltr'><strong>formas,</strong></span> 
     </span>
     <span class='ocr_line' id='line_1_12' title="bbox 116 1095 1192 1194; baseline 0.009 -36"><span class='ocrx_word' id='word_1_85' title='bbox 116 1117 176 1161; x_wconf 82' lang='lat' dir='ltr'><strong>esse</strong></span> <span class='ocrx_word' id='word_1_86' title='bbox 199 1095 338 1163; x_wconf 89' lang='lat' dir='ltr'><strong>aliarum</strong></span> <span class='ocrx_word' id='word_1_87' title='bbox 360 1119 484 1174; x_wconf 88' lang='lat' dir='ltr'><strong>rerum,</strong></span> <span class='ocrx_word' id='word_1_88' title='bbox 498 1119 583 1194; x_wconf 88' lang='lat' dir='ltr'><strong>quae</strong></span> <span class='ocrx_word' id='word_1_89' title='bbox 597 1110 689 1165; x_wconf 84' lang='lat' dir='ltr'><strong>extra</strong></span> <span class='ocrx_word' id='word_1_90' title='bbox 714 1101 816 1183; x_wconf 86' lang='lat' dir='ltr'><strong>ipsam</strong></span> <span class='ocrx_word' id='word_1_91' title='bbox 838 1109 926 1173; x_wconf 88' lang='lat' dir='ltr'><strong>sunt,</strong></span> <span class='ocrx_word' id='word_1_92' title='bbox 944 1099 1192 1183; x_wconf 87' lang='lat' dir='ltr'><strong>quodammodo</strong></span> 
     </span>
     <span class='ocr_line' id='line_1_13' title="bbox 117 1175 1187 1276; baseline 0.006 -34"><span class='ocrx_word' id='word_1_93' title='bbox 117 1181 151 1242; x_wconf 93' lang='lat' dir='ltr'><strong>in</strong></span> <span class='ocrx_word' id='word_1_94' title='bbox 172 1197 206 1240; x_wconf 88' lang='lat' dir='ltr'><strong>se</strong></span> <span class='ocrx_word' id='word_1_95' title='bbox 224 1183 358 1273; x_wconf 75' lang='lat' dir='ltr'><strong>recipit.</strong></span> <span class='ocrx_word' id='word_1_96' title='bbox 381 1182 481 1276; x_wconf 76' lang='lat' dir='ltr'><strong>Atqui</strong></span> <span class='ocrx_word' id='word_1_97' title='bbox 504 1181 538 1244; x_wconf 83' lang='lat' dir='ltr'><strong>id</strong></span> <span class='ocrx_word' id='word_1_98' title='bbox 560 1181 749 1267; x_wconf 78' lang='lat' dir='ltr'><strong>contingere</strong></span> <span class='ocrx_word' id='word_1_99' title='bbox 772 1175 856 1244; x_wconf 87' lang='lat' dir='ltr'><strong>haud</strong></span> <span class='ocrx_word' id='word_1_100' title='bbox 881 1191 1005 1262; x_wconf 91' lang='lat' dir='ltr'><strong>posset,</strong></span> <span class='ocrx_word' id='word_1_101' title='bbox 1025 1183 1053 1244; x_wconf 89' lang='lat' dir='ltr'><strong>si</strong></span> <span class='ocrx_word' id='word_1_102' title='bbox 1075 1185 1187 1248; x_wconf 88' lang='lat' dir='ltr'><strong>anima</strong></span> 
     </span>
     <span class='ocr_line' id='line_1_14' title="bbox 116 1260 1189 1406; baseline 0.007 -84"><span class='ocrx_word' id='word_1_103' title='bbox 116 1260 332 1328; x_wconf 80' lang='lat' dir='ltr'><strong>materialiter</strong></span> <span class='ocrx_word' id='word_1_104' title='bbox 351 1283 477 1347; x_wconf 82' lang='lat' dir='ltr'><strong>species</strong></span> <span class='ocrx_word' id='word_1_105' title='bbox 499 1284 609 1328; x_wconf 91' lang='lat' dir='ltr'><strong>rerum</strong></span> <span class='ocrx_word' id='word_1_106' title='bbox 634 1264 667 1327; x_wconf 91' lang='lat' dir='ltr'><strong>in</strong></span> <span class='ocrx_word' id='word_1_107' title='bbox 689 1283 722 1328; x_wconf 91' lang='lat' dir='ltr'><strong>se</strong></span> <span class='ocrx_word' id='word_1_108' title='bbox 743 1262 926 1406; x_wconf 60' lang='lat' dir='ltr'><strong>reciperen</strong></span> <span class='ocrx_word' id='word_1_109' title='bbox 948 1261 1112 1345; x_wconf 91' lang='lat' dir='ltr'><strong>siquidem</strong></span> <span class='ocrx_word' id='word_1_110' title='bbox 1137 1285 1189 1330; x_wconf 84' lang='lat' dir='ltr'><strong>res</strong></span> 
     </span>
     <span class='ocr_line' id='line_1_15' title="bbox 115 1341 1186 1426; baseline 0.007 -22"><span class='ocrx_word' id='word_1_111' title='bbox 115 1359 175 1425; x_wconf 92' lang='lat' dir='ltr'><strong>per</strong></span> <span class='ocrx_word' id='word_1_112' title='bbox 197 1346 367 1409; x_wconf 83' lang='lat' dir='ltr'><strong>materiam</strong></span> <span class='ocrx_word' id='word_1_113' title='bbox 387 1341 430 1407; x_wconf 90' lang='lat' dir='ltr'><strong>ad</strong></span> <span class='ocrx_word' id='word_1_114' title='bbox 450 1365 552 1408; x_wconf 89' lang='lat' dir='ltr'><strong>unum</strong></span> <span class='ocrx_word' id='word_1_115' title='bbox 573 1353 788 1410; x_wconf 84' lang='lat' dir='ltr'><strong>coarctantur.</strong></span> <span class='ocrx_word' id='word_1_116' title='bbox 841 1361 899 1425; x_wconf 79' lang='lat' dir='ltr'><strong>rgo</strong></span> <span class='ocrx_word' id='word_1_117' title='bbox 919 1343 1044 1426; x_wconf 88' lang='lat' dir='ltr'><strong>species</strong></span> <span class='ocrx_word' id='word_1_118' title='bbox 1072 1365 1186 1410; x_wconf 88' lang='lat' dir='ltr'><strong>rerum</strong></span> 
     </span>
     <span class='ocr_line' id='line_1_16' title="bbox 115 1424 1185 1526; baseline 0.007 -39"><span class='ocrx_word' id='word_1_119' title='bbox 115 1424 317 1518; x_wconf 78' lang='lat' dir='ltr'><strong>cpgnitarum</strong></span> <span class='ocrx_word' id='word_1_120' title='bbox 340 1429 374 1491; x_wconf 93' lang='lat' dir='ltr'><strong>in</strong></span> <span class='ocrx_word' id='word_1_121' title='bbox 396 1425 505 1489; x_wconf 84' lang='lat' dir='ltr'><strong>anima</strong></span> <span class='ocrx_word' id='word_1_122' title='bbox 528 1425 790 1491; x_wconf 85' lang='lat' dir='ltr'><strong>immaterialiter</strong></span> <span class='ocrx_word' id='word_1_123' title='bbox 808 1424 873 1488; x_wconf 90' lang='lat' dir='ltr'><strong>sint</strong></span> <span class='ocrx_word' id='word_1_124' title='bbox 895 1425 1059 1519; x_wconf 83' lang='lat' dir='ltr'><strong>oportei².</strong></span> <span class='ocrx_word' id='word_1_125' title='bbox 1081 1430 1185 1526; x_wconf 77' lang='lat' dir='ltr'><strong>Atqui</strong></span> 
     </span>
     <span class='ocr_line' id='line_1_17' title="bbox 114 1505 1189 1600; baseline 0.007 -33"><span class='ocrx_word' id='word_1_126' title='bbox 114 1525 143 1568; x_wconf 86' lang='lat' dir='ltr'><strong>sr</strong></span> <span class='ocrx_word' id='word_1_127' title='bbox 158 1505 267 1570; x_wconf 88' lang='lat' dir='ltr'><strong>anima</strong></span> <span class='ocrx_word' id='word_1_128' title='bbox 288 1526 443 1593; x_wconf 89' lang='lat' dir='ltr'><strong>corporea</strong></span> <span class='ocrx_word' id='word_1_129' title='bbox 464 1505 698 1584; x_wconf 87' lang='lat' dir='ltr'><strong>adstrueretur,</strong></span> <span class='ocrx_word' id='word_1_130' title='bbox 714 1525 825 1572; x_wconf 88' lang='lat' dir='ltr'><strong>rerum</strong></span> <span class='ocrx_word' id='word_1_131' title='bbox 841 1525 966 1600; x_wconf 82' lang='lat' dir='ltr'><strong>species</strong></span> <span class='ocrx_word' id='word_1_132' title='bbox 986 1507 1189 1574; x_wconf 79' lang='lat' dir='ltr'><strong>immateria-</strong></span> 
     </span>
     <span class='ocr_line' id='line_1_18' title="bbox 115 1585 1185 1673; baseline 0.004 -24"><span class='ocrx_word' id='word_1_133' title='bbox 115 1585 162 1650; x_wconf 85' lang='lat' dir='ltr'><strong>les</strong></span> <span class='ocrx_word' id='word_1_134' title='bbox 182 1585 215 1650; x_wconf 89' lang='lat' dir='ltr'><strong>in</strong></span> <span class='ocrx_word' id='word_1_135' title='bbox 237 1608 284 1664; x_wconf 92' lang='lat' dir='ltr'><strong>se,</strong></span> <span class='ocrx_word' id='word_1_136' title='bbox 307 1601 344 1655; x_wconf 90' lang='lat' dir='ltr'><strong>ui</strong></span> <span class='ocrx_word' id='word_1_137' title='bbox 364 1589 485 1672; x_wconf 90' lang='lat' dir='ltr'><strong>cuique</strong></span> <span class='ocrx_word' id='word_1_138' title='bbox 499 1600 701 1673; x_wconf 87' lang='lat' dir='ltr'><strong>compertum</strong></span> <span class='ocrx_word' id='word_1_139' title='bbox 724 1598 783 1663; x_wconf 89' lang='lat' dir='ltr'><strong>esi,</strong></span> <span class='ocrx_word' id='word_1_140' title='bbox 806 1606 952 1672; x_wconf 85' lang='lat' dir='ltr'><strong>recipere</strong></span> <span class='ocrx_word' id='word_1_141' title='bbox 975 1607 1039 1650; x_wconf 92' lang='lat' dir='ltr'><strong>non</strong></span> <span class='ocrx_word' id='word_1_142' title='bbox 1061 1603 1185 1673; x_wconf 82' lang='lat' dir='ltr'><strong>posset,</strong></span> 
     </span>
     <span class='ocr_line' id='line_1_19' title="bbox 115 1668 1187 1755; baseline 0.007 -25"><span class='ocrx_word' id='word_1_143' title='bbox 115 1687 153 1731; x_wconf 86' lang='lat' dir='ltr'><strong>ac</strong></span> <span class='ocrx_word' id='word_1_144' title='bbox 173 1668 312 1752; x_wconf 87' lang='lat' dir='ltr'><strong>proinde</strong></span> <span class='ocrx_word' id='word_1_145' title='bbox 334 1690 471 1736; x_wconf 86' lang='lat' dir='ltr'><strong>resnou</strong></span> <span class='ocrx_word' id='word_1_146' title='bbox 492 1679 711 1755; x_wconf 79' lang='lat' dir='ltr'><strong>cognosceret.</strong></span> <span class='ocrx_word' id='word_1_147' title='bbox 736 1670 786 1733; x_wconf 84' lang='lat' dir='ltr'><strong>Ex</strong></span> <span class='ocrx_word' id='word_1_148' title='bbox 808 1686 847 1731; x_wconf 92' lang='lat' dir='ltr'><strong>eo</strong></span> <span class='ocrx_word' id='word_1_149' title='bbox 869 1669 982 1752; x_wconf 86' lang='lat' dir='ltr'><strong>igitur,</strong></span> <span class='ocrx_word' id='word_1_150' title='bbox 1002 1669 1092 1753; x_wconf 92' lang='lat' dir='ltr'><strong>quod</strong></span> <span class='ocrx_word' id='word_1_151' title='bbox 1113 1675 1187 1738; x_wconf 90' lang='lat' dir='ltr'><strong>ani·</strong></span> 
     </span>
     <span class='ocr_line' id='line_1_20' title="bbox 114 1751 1185 1838; baseline 0.007 -26"><span class='ocrx_word' id='word_1_152' title='bbox 114 1769 168 1812; x_wconf 92' lang='lat' dir='ltr'><strong>ma</strong></span> <span class='ocrx_word' id='word_1_153' title='bbox 188 1770 242 1814; x_wconf 90' lang='lat' dir='ltr'><strong>res</strong></span> <span class='ocrx_word' id='word_1_154' title='bbox 260 1769 434 1838; x_wconf 88' lang='lat' dir='ltr'><strong>corporeas</strong></span> <span class='ocrx_word' id='word_1_155' title='bbox 459 1754 647 1837; x_wconf 83' lang='lat' dir='ltr'><strong>cognoscit,</strong></span> <span class='ocrx_word' id='word_1_156' title='bbox 673 1751 777 1836; x_wconf 87' lang='lat' dir='ltr'><strong>ipsam</strong></span> <span class='ocrx_word' id='word_1_157' title='bbox 803 1768 994 1836; x_wconf 89' lang='lat' dir='ltr'><strong>corpoream</strong></span> <span class='ocrx_word' id='word_1_158' title='bbox 1019 1771 1091 1816; x_wconf 87' lang='lat' dir='ltr'><strong>esse</strong></span> <span class='ocrx_word' id='word_1_159' title='bbox 1119 1775 1185 1820; x_wconf 89' lang='lat' dir='ltr'><strong>non</strong></span> 
     </span>
     <span class='ocr_line' id='line_1_21' title="bbox 115 1834 603 1915; baseline 0.002 -19"><span class='ocrx_word' id='word_1_160' title='bbox 115 1851 209 1915; x_wconf 90' lang='lat' dir='ltr'><strong>posse</strong></span> <span class='ocrx_word' id='word_1_161' title='bbox 230 1835 490 1902; x_wconf 88' lang='lat' dir='ltr'><strong>concludendum</strong></span> <span class='ocrx_word' id='word_1_162' title='bbox 512 1843 561 1901; x_wconf 84' lang='lat' dir='ltr'><strong>esi</strong></span> <span class='ocrx_word' id='word_1_163' title='bbox 580 1834 603 1897; x_wconf 81' lang='lat'><strong>⁸.</strong></span> 
     </span>
    </p>

    <p class='ocr_par' dir='ltr' id='par_1_4' title="bbox 110 1911 1182 2494">
     <span class='ocr_line' id='line_1_22' title="bbox 156 1911 1182 2001; baseline 0.005 -24"><span class='ocrx_word' id='word_1_164' title='bbox 156 1911 226 1977; x_wconf 78' lang='lat'><strong>122.</strong></span> <span class='ocrx_word' id='word_1_165' title='bbox 249 1917 408 1982; x_wconf 81' lang='lat' dir='ltr'><strong>Secundo:</strong></span> <span class='ocrx_word' id='word_1_166' title='bbox 425 1917 547 1982; x_wconf 79' lang='lat' dir='ltr'><strong>Earum</strong></span> <span class='ocrx_word' id='word_1_167' title='bbox 567 1917 668 1982; x_wconf 90' lang='lat' dir='ltr'><strong>etiam</strong></span> <span class='ocrx_word' id='word_1_168' title='bbox 690 1933 814 1989; x_wconf 91' lang='lat' dir='ltr'><strong>rerum,</strong></span> <span class='ocrx_word' id='word_1_169' title='bbox 835 1931 918 1997; x_wconf 86' lang='lat' dir='ltr'><strong>qnae</strong></span> <span class='ocrx_word' id='word_1_170' title='bbox 940 1911 1023 1977; x_wconf 89' lang='lat' dir='ltr'><strong>nihil</strong></span> <span class='ocrx_word' id='word_1_171' title='bbox 1043 1912 1182 2001; x_wconf 84' lang='lat' dir='ltr'><strong>duplex,</strong></span> 
     </span>
     <span class='ocr_line' id='line_1_23' title="bbox 113 1993 1181 2090; baseline 0 -31"><span class='ocrx_word' id='word_1_172' title='bbox 113 1994 165 2060; x_wconf 87' lang='lat' dir='ltr'><strong>rel</strong></span> <span class='ocrx_word' id='word_1_173' title='bbox 180 2008 367 2064; x_wconf 88' lang='lat' dir='ltr'><strong>concretum</strong></span> <span class='ocrx_word' id='word_1_174' title='bbox 381 1996 509 2073; x_wconf 87' lang='lat' dir='ltr'><strong>habent,</strong></span> <span class='ocrx_word' id='word_1_175' title='bbox 522 1994 709 2061; x_wconf 87' lang='lat' dir='ltr'><strong>notionibus</strong></span> <span class='ocrx_word' id='word_1_176' title='bbox 722 1997 829 2058; x_wconf 89' lang='lat' dir='ltr'><strong>anima</strong></span> <span class='ocrx_word' id='word_1_177' title='bbox 841 1993 976 2090; x_wconf 90' lang='lat' dir='ltr'><strong>potitur,</strong></span> <span class='ocrx_word' id='word_1_178' title='bbox 996 2015 1027 2059; x_wconf 91' lang='lat' dir='ltr'><strong>e.</strong></span> <span class='ocrx_word' id='word_1_179' title='bbox 1043 2017 1090 2080; x_wconf 67' lang='lat' dir='ltr'><strong>g„</strong></span> <span class='ocrx_word' id='word_1_180' title='bbox 1106 1997 1181 2074; x_wconf 79' lang='lat' dir='ltr'><strong>Dei,</strong></span> 
     </span>
     <span class='ocr_line' id='line_1_24' title="bbox 112 2076 1180 2162; baseline 0.005 -22"><span class='ocrx_word' id='word_1_181' title='bbox 112 2079 285 2156; x_wconf 78' lang='lat' dir='ltr'><strong>virtutum,</strong></span> <span class='ocrx_word' id='word_1_182' title='bbox 308 2081 475 2160; x_wconf 84' lang='lat' dir='ltr'><strong>vitiorum,</strong></span> <span class='ocrx_word' id='word_1_183' title='bbox 491 2077 726 2151; x_wconf 89' lang='lat' dir='ltr'><strong>affirmationis,</strong></span> <span class='ocrx_word' id='word_1_184' title='bbox 749 2076 942 2159; x_wconf 77' lang='lat' dir='ltr'><strong>negationis,</strong></span> <span class='ocrx_word' id='word_1_185' title='bbox 962 2076 1180 2162; x_wconf 88' lang='lat' dir='ltr'><strong>aequalitatis,</strong></span> 
     </span>
     <span class='ocr_line' id='line_1_25' title="bbox 113 2155 1182 2257; baseline 0.005 -35"><span class='ocrx_word' id='word_1_186' title='bbox 113 2159 370 2257; x_wconf 87' lang='lat' dir='ltr'><strong>inaequalitatis,</strong></span> <span class='ocrx_word' id='word_1_187' title='bbox 385 2160 525 2249; x_wconf 90' lang='lat' dir='ltr'><strong>aliisque</strong></span> <span class='ocrx_word' id='word_1_188' title='bbox 546 2155 579 2223; x_wconf 92' lang='lat' dir='ltr'><strong>id</strong></span> <span class='ocrx_word' id='word_1_189' title='bbox 602 2179 715 2244; x_wconf 84' lang='lat' dir='ltr'><strong>qenos.</strong></span> <span class='ocrx_word' id='word_1_190' title='bbox 732 2158 801 2220; x_wconf 91' lang='lat' dir='ltr'><strong>lam</strong></span> <span class='ocrx_word' id='word_1_191' title='bbox 821 2156 948 2221; x_wconf 87' lang='lat' dir='ltr'><strong>etiamsi</strong></span> <span class='ocrx_word' id='word_1_192' title='bbox 971 2155 1087 2224; x_wconf 86' lang='lat' dir='ltr'><strong>demus</strong></span> <span class='ocrx_word' id='word_1_193' title='bbox 1107 2161 1182 2227; x_wconf 81' lang='lat' dir='ltr'><strong>sul&gt;-</strong></span> 
     </span>
     <span class='ocr_line' id='line_1_26' title="bbox 112 2235 1181 2336; baseline 0.002 -30"><span class='ocrx_word' id='word_1_194' title='bbox 112 2253 267 2308; x_wconf 82' lang='lat' dir='ltr'><strong>stantiam</strong></span> <span class='ocrx_word' id='word_1_195' title='bbox 288 2261 478 2328; x_wconf 85' lang='lat' dir='ltr'><strong>corpoream</strong></span> <span class='ocrx_word' id='word_1_196' title='bbox 498 2240 678 2316; x_wconf 88' lang='lat' dir='ltr'><strong>notionum,</strong></span> <span class='ocrx_word' id='word_1_197' title='bbox 692 2257 778 2336; x_wconf 89' lang='lat' dir='ltr'><strong>quae</strong></span> <span class='ocrx_word' id='word_1_198' title='bbox 798 2235 841 2300; x_wconf 89' lang='lat' dir='ltr'><strong>ad</strong></span> <span class='ocrx_word' id='word_1_199' title='bbox 854 2257 905 2302; x_wconf 88' lang='lat' dir='ltr'><strong>res</strong></span> <span class='ocrx_word' id='word_1_200' title='bbox 918 2241 1117 2323; x_wconf 87' lang='lat' dir='ltr'><strong>compositas</strong></span> <span class='ocrx_word' id='word_1_201' title='bbox 1135 2265 1181 2308; x_wconf 89' lang='lat' dir='ltr'><strong>re·</strong></span> 
     </span>
     <span class='ocr_line' id='line_1_27' title="bbox 112 2319 1182 2410; baseline 0.003 -22"><span class='ocrx_word' id='word_1_202' title='bbox 112 2323 276 2401; x_wconf 79' lang='lat' dir='ltr'><strong>seruntur,</strong></span> <span class='ocrx_word' id='word_1_203' title='bbox 298 2345 449 2410; x_wconf 88' lang='lat' dir='ltr'><strong>capacem</strong></span> <span class='ocrx_word' id='word_1_204' title='bbox 471 2344 551 2399; x_wconf 90' lang='lat' dir='ltr'><strong>esse,</strong></span> <span class='ocrx_word' id='word_1_205' title='bbox 575 2332 683 2387; x_wconf 72' lang='lat' dir='ltr'><strong>umen</strong></span> <span class='ocrx_word' id='word_1_206' title='bbox 706 2339 775 2404; x_wconf 80' lang='lat' dir='ltr'><strong>ipsa</strong></span> <span class='ocrx_word' id='word_1_207' title='bbox 798 2338 849 2383; x_wconf 90' lang='lat' dir='ltr'><strong>res</strong></span> <span class='ocrx_word' id='word_1_208' title='bbox 863 2319 1040 2405; x_wconf 86' lang='lat' dir='ltr'><strong>simplices,</strong></span> <span class='ocrx_word' id='word_1_209' title='bbox 1054 2333 1089 2389; x_wconf 94' lang='lat' dir='ltr'><strong>et</strong></span> <span class='ocrx_word' id='word_1_210' title='bbox 1109 2325 1182 2390; x_wconf 86' lang='lat' dir='ltr'><strong>abs-</strong></span> 
     </span>
     <span class='ocr_line' id='line_1_28' title="bbox 110 2402 1181 2494; baseline 0.005 -25"><span class='ocrx_word' id='word_1_211' title='bbox 110 2415 230 2471; x_wconf 90' lang='lat' dir='ltr'><strong>tractas</strong></span> <span class='ocrx_word' id='word_1_212' title='bbox 249 2406 335 2472; x_wconf 86' lang='lat' dir='ltr'><strong>haud</strong></span> <span class='ocrx_word' id='word_1_213' title='bbox 357 2408 526 2494; x_wconf 89' lang='lat' dir='ltr'><strong>percipere</strong></span> <span class='ocrx_word' id='word_1_214' title='bbox 540 2413 650 2491; x_wconf 91' lang='lat' dir='ltr'><strong>posset</strong></span> <span class='ocrx_word' id='word_1_215' title='bbox 662 2403 686 2465; x_wconf 72' lang='lat'><strong>⁴.</strong></span> <span class='ocrx_word' id='word_1_216' title='bbox 703 2402 800 2477; x_wconf 82' lang='lat' dir='ltr'><strong>sane,</strong></span> <span class='ocrx_word' id='word_1_217' title='bbox 821 2420 898 2465; x_wconf 87' lang='lat' dir='ltr'><strong>cum</strong></span> <span class='ocrx_word' id='word_1_218' title='bbox 919 2421 1038 2488; x_wconf 87' lang='lat' dir='ltr'><strong>corpus</strong></span> <span class='ocrx_word' id='word_1_219' title='bbox 1060 2407 1104 2472; x_wconf 88' lang='lat' dir='ltr'><strong>sii</strong></span> <span class='ocrx_word' id='word_1_220' title='bbox 1123 2407 1181 2474; x_wconf 85' lang='lat' dir='ltr'><strong>ali·</strong></span> 
     </span>
    </p>
   </div>
   <div class='ocr_carea' id='block_1_3' title="bbox 108 2579 1235 3521">
    <p class='ocr_par' dir='ltr' id='par_1_5' title="bbox 109 2579 1235 2868">
     <span class='ocr_line' id='line_1_29' title="bbox 109 2579 1235 2657; baseline -0.015 -13"><span class='ocrx_word' id='word_1_221' title='bbox 109 2599 182 2652; x_wconf 67' lang='lat' dir='ltr'><strong>ctii,</strong></span> <span class='ocrx_word' id='word_1_222' title='bbox 197 2598 249 2643; x_wconf 87' lang='lat' dir='ltr'><strong>ari.</strong></span> <span class='ocrx_word' id='word_1_223' title='bbox 265 2586 397 2657; x_wconf 80' lang='lat' dir='ltr'><strong>Leucippe)</strong></span> <span class='ocrx_word' id='word_1_224' title='bbox 414 2585 568 2650; x_wconf 83' lang='lat' dir='ltr'><strong>exemplum</strong></span> <span class='ocrx_word' id='word_1_225' title='bbox 587 2584 663 2634; x_wconf 85' lang='lat' dir='ltr'><strong>alieri</strong></span> <span class='ocrx_word' id='word_1_226' title='bbox 681 2585 750 2649; x_wconf 72' lang='lat' dir='ltr'><strong>globi</strong></span> <span class='ocrx_word' id='word_1_227' title='bbox 770 2588 886 2647; x_wconf 90' lang='lat' dir='ltr'><strong>quatuor</strong></span> <span class='ocrx_word' id='word_1_228' title='bbox 898 2579 989 2630; x_wconf 89' lang='lat' dir='ltr'><strong>mundi</strong></span> <span class='ocrx_word' id='word_1_229' title='bbox 1003 2583 1092 2642; x_wconf 84' lang='lat' dir='ltr'><strong>paries</strong></span> <span class='ocrx_word' id='word_1_230' title='bbox 1106 2579 1182 2630; x_wconf 82' lang='lat' dir='ltr'><strong>eali·</strong></span> <span class='ocrx_word' id='word_1_231' title='bbox 1234 2599 1235 2620; x_wconf 69' lang='lat' dir='ltr'><strong>i</strong></span> 
     </span>
     <span class='ocr_line' id='line_1_30' title="bbox 110 2650 1234 2731; baseline -0.012 -17"><span class='ocrx_word' id='word_1_232' title='bbox 110 2667 208 2723; x_wconf 83' lang='lat' dir='ltr'><strong>benite,</strong></span> <span class='ocrx_word' id='word_1_233' title='bbox 225 2667 270 2728; x_wconf 91' lang='lat' dir='ltr'><strong>qni</strong></span> <span class='ocrx_word' id='word_1_234' title='bbox 290 2666 312 2713; x_wconf 91' lang='lat' dir='ltr'><strong>sl</strong></span> <span class='ocrx_word' id='word_1_235' title='bbox 331 2662 387 2712; x_wconf 89' lang='lat' dir='ltr'><strong>suis</strong></span> <span class='ocrx_word' id='word_1_236' title='bbox 406 2661 494 2725; x_wconf 73' lang='lat' dir='ltr'><strong>liguris</strong></span> <span class='ocrx_word' id='word_1_237' title='bbox 513 2656 689 2720; x_wconf 70' lang='lat' dir='ltr'><strong>intelligendis</strong></span> <span class='ocrx_word' id='word_1_238' title='bbox 709 2661 787 2719; x_wconf 88' lang='lat' dir='ltr'><strong>apios</strong></span> <span class='ocrx_word' id='word_1_239' title='bbox 804 2655 940 2711; x_wconf 76' lang='lat' dir='ltr'><strong>eraderet,</strong></span> <span class='ocrx_word' id='word_1_240' title='bbox 955 2650 1020 2702; x_wconf 81' lang='lat' dir='ltr'><strong>nihii</strong></span> <span class='ocrx_word' id='word_1_241' title='bbox 1039 2652 1067 2705; x_wconf 86' lang='lat' dir='ltr'><strong>iu</strong></span> <span class='ocrx_word' id='word_1_242' title='bbox 1085 2663 1116 2702; x_wconf 86' lang='lat' dir='ltr'><strong>ss</strong></span> <span class='ocrx_word' id='word_1_243' title='bbox 1134 2653 1180 2702; x_wconf 82' lang='lat' dir='ltr'><strong>lta-</strong></span> <span class='ocrx_word' id='word_1_244' title='bbox 1233 2689 1234 2731; x_wconf 62' lang='grc' dir='ltr'>Ι</span> 
     </span>
     <span class='ocr_line' id='line_1_31' title="bbox 110 2724 1233 2800; baseline -0.017 -11"><span class='ocrx_word' id='word_1_245' title='bbox 110 2738 204 2792; x_wconf 82' lang='lat' dir='ltr'><strong>berei,</strong></span> <span class='ocrx_word' id='word_1_246' title='bbox 229 2736 300 2800; x_wconf 90' lang='lat' dir='ltr'><strong>quod</strong></span> <span class='ocrx_word' id='word_1_247' title='bbox 318 2740 366 2783; x_wconf 89' lang='lat' dir='ltr'><strong>aot</strong></span> <span class='ocrx_word' id='word_1_248' title='bbox 384 2737 468 2784; x_wconf 89' lang='lat' dir='ltr'><strong>totam</strong></span> <span class='ocrx_word' id='word_1_249' title='bbox 486 2726 717 2793; x_wconf 62' lang='lat' dir='ltr'><strong>Europamaut</strong></span> <span class='ocrx_word' id='word_1_250' title='bbox 742 2733 824 2779; x_wconf 69' lang='lat' dir='ltr'><strong>utam</strong></span> <span class='ocrx_word' id='word_1_251' title='bbox 850 2724 962 2784; x_wconf 71' lang='lat' dir='ltr'><strong>Ashur,</strong></span> <span class='ocrx_word' id='word_1_252' title='bbox 981 2728 1028 2773; x_wconf 92' lang='lat' dir='ltr'><strong>ani</strong></span> <span class='ocrx_word' id='word_1_253' title='bbox 1046 2724 1179 2787; x_wconf 68' lang='lat' dir='ltr'><strong>integram</strong></span> <span class='ocrx_word' id='word_1_254' title='bbox 1232 2767 1233 2770; x_wconf 74' lang='grc'>,</span> 
     </span>
     <span class='ocr_line' id='line_1_32' title="bbox 110 2775 1233 2868; baseline -0.018 -7"><span class='ocrx_word' id='word_1_255' title='bbox 110 2809 367 2865; x_wconf 78' lang='lat' dir='ltr'><strong>Amsielaedamum,</strong></span> <span class='ocrx_word' id='word_1_256' title='bbox 388 2811 435 2854; x_wconf 92' lang='lat' dir='ltr'><strong>aui</strong></span> <span class='ocrx_word' id='word_1_257' title='bbox 453 2808 580 2854; x_wconf 88' lang='lat' dir='ltr'><strong>cunctam</strong></span> <span class='ocrx_word' id='word_1_258' title='bbox 600 2796 733 2858; x_wconf 89' lang='lat' dir='ltr'><strong>Vistulam</strong></span> <span class='ocrx_word' id='word_1_259' title='bbox 754 2802 936 2862; x_wconf 70' lang='lat' dir='ltr'><strong>cognosceret.</strong></span> <span class='ocrx_word' id='word_1_260' title='bbox 1231 2775 1233 2868; x_wconf 78' lang='lat' dir='ltr'><strong>l</strong></span> 
     </span>
    </p>

    <p class='ocr_par' dir='ltr' id='par_1_6' title="bbox 108 2867 1232 3156">
     <span class='ocr_line' id='line_1_33' title="bbox 147 2867 1232 2957; baseline -0.012 -27"><span class='ocrx_word' id='word_1_261' title='bbox 147 2882 156 2918; x_wconf 71' lang='lat' dir='ltr'><strong>i</strong></span> <span class='ocrx_word' id='word_1_262' title='bbox 178 2879 371 2944; x_wconf 75' lang='lat' dir='ltr'><strong>Argumentum</strong></span> <span class='ocrx_word' id='word_1_263' title='bbox 383 2877 434 2927; x_wconf 85' lang='lat' dir='ltr'><strong>hoc</strong></span> <span class='ocrx_word' id='word_1_264' title='bbox 447 2876 480 2925; x_wconf 86' lang='lat' dir='ltr'><strong>ab</strong></span> <span class='ocrx_word' id='word_1_265' title='bbox 493 2873 804 2945; x_wconf 81' lang='lat' dir='ltr'><strong>unitatepcrceptioais,</strong></span> <span class='ocrx_word' id='word_1_266' title='bbox 817 2876 844 2921; x_wconf 89' lang='lat' dir='ltr'><strong>ei</strong></span> <span class='ocrx_word' id='word_1_267' title='bbox 856 2867 1035 2920; x_wconf 69' lang='lat' dir='ltr'><strong>divisibilium</strong></span> <span class='ocrx_word' id='word_1_268' title='bbox 1048 2869 1180 2918; x_wconf 83' lang='lat' dir='ltr'><strong>materiae</strong></span> <span class='ocrx_word' id='word_1_269' title='bbox 1229 2869 1232 2957; x_wconf 87' lang='grc' dir='ltr'>Ι</span> 
     </span>
     <span class='ocr_line' id='line_1_34' title="bbox 109 2936 1231 3016; baseline -0.014 -11"><span class='ocrx_word' id='word_1_270' title='bbox 109 2956 280 3016; x_wconf 86' lang='lat' dir='ltr'><strong>desumptum</strong></span> <span class='ocrx_word' id='word_1_271' title='bbox 299 2951 332 3000; x_wconf 89' lang='lat' dir='ltr'><strong>ad</strong></span> <span class='ocrx_word' id='word_1_272' title='bbox 352 2962 466 3012; x_wconf 72' lang='lat' dir='ltr'><strong>unguem</strong></span> <span class='ocrx_word' id='word_1_273' title='bbox 485 2939 672 3010; x_wconf 82' lang='lat' dir='ltr'><strong>expresserunt</strong></span> <span class='ocrx_word' id='word_1_274' title='bbox 692 2941 821 2995; x_wconf 83' lang='lat' dir='ltr'><strong>Eusebius</strong></span> <span class='ocrx_word' id='word_1_275' title='bbox 839 2936 949 3012; x_wconf 79' lang='lat' dir='ltr'><strong>(Prcep.</strong></span> <span class='ocrx_word' id='word_1_276' title='bbox 968 2941 1028 2993; x_wconf 76' lang='lat' dir='ltr'><strong>Ec..</strong></span> <span class='ocrx_word' id='word_1_277' title='bbox 1049 2939 1095 2990; x_wconf 78' lang='lat' dir='ltr'><strong>iiii.</strong></span> <span class='ocrx_word' id='word_1_278' title='bbox 1117 2936 1179 2998; x_wconf 75' lang='lat' dir='ltr'><strong>XV,</strong></span> <span class='ocrx_word' id='word_1_279' title='bbox 1230 2971 1231 2974; x_wconf 55' lang='lat'><em>=</em></span> 
     </span>
     <span class='ocr_line' id='line_1_35' title="bbox 108 2977 1231 3093; baseline -0.015 -17"><span class='ocrx_word' id='word_1_280' title='bbox 108 3041 136 3079; x_wconf 91' lang='lat' dir='ltr'><strong>c.</strong></span> <span class='ocrx_word' id='word_1_281' title='bbox 157 3025 215 3093; x_wconf 66' lang='grc' dir='ltr'>ΙΙ),</span> <span class='ocrx_word' id='word_1_282' title='bbox 236 3027 263 3075; x_wconf 91' lang='lat' dir='ltr'><strong>ei</strong></span> <span class='ocrx_word' id='word_1_283' title='bbox 281 3037 304 3073; x_wconf 91' lang='lat' dir='ltr'><strong>s.</strong></span> <span class='ocrx_word' id='word_1_284' title='bbox 324 3020 488 3084; x_wconf 72' lang='lat' dir='ltr'><strong>Augustinus</strong></span> <span class='ocrx_word' id='word_1_285' title='bbox 505 3015 559 3086; x_wconf 84' lang='lat' dir='ltr'><strong>(De</strong></span> <span class='ocrx_word' id='word_1_286' title='bbox 577 3019 642 3069; x_wconf 83' lang='lat' dir='ltr'><strong>Gen.</strong></span> <span class='ocrx_word' id='word_1_287' title='bbox 658 3009 698 3067; x_wconf 70' lang='lat' dir='ltr'><strong>&#39;nd</strong></span> <span class='ocrx_word' id='word_1_288' title='bbox 716 3017 779 3075; x_wconf 70' lang='lat' dir='ltr'><strong>liti„</strong></span> <span class='ocrx_word' id='word_1_289' title='bbox 798 3013 847 3063; x_wconf 77' lang='lat' dir='ltr'><strong>illi.</strong></span> <span class='ocrx_word' id='word_1_290' title='bbox 867 3009 935 3071; x_wconf 87' lang='lat' dir='ltr'><strong>vti,</strong></span> <span class='ocrx_word' id='word_1_291' title='bbox 955 3025 982 3062; x_wconf 88' lang='lat' dir='ltr'><strong>c.</strong></span> <span class='ocrx_word' id='word_1_292' title='bbox 1001 3010 1057 3070; x_wconf 74' lang='lat' dir='ltr'><strong>il.</strong></span> <span class='ocrx_word' id='word_1_293' title='bbox 1078 3025 1107 3063; x_wconf 89' lang='lat' dir='ltr'><strong>n.</strong></span> <span class='ocrx_word' id='word_1_294' title='bbox 1130 3011 1177 3072; x_wconf 79' lang='lat'><strong>27,</strong></span> <span class='ocrx_word' id='word_1_295' title='bbox 1228 2977 1231 3074; x_wconf 75' lang='lat' dir='ltr'><strong>l</strong></span> 
     </span>
     <span class='ocr_line' id='line_1_36' title="bbox 108 3081 922 3156; baseline -0.02 -5"><span class='ocrx_word' id='word_1_296' title='bbox 108 3099 300 3150; x_wconf 71' lang='lat' dir='ltr'><strong>stlisdrrim.</strong></span> <span class='ocrx_word' id='word_1_297' title='bbox 321 3089 610 3156; x_wconf 73' lang='lat' dir='ltr'><strong>eisinsors&#39;qine,lib.</strong></span> <span class='ocrx_word' id='word_1_298' title='bbox 632 3086 724 3148; x_wconf 86' lang='lat' dir='ltr'><strong>lV,c.</strong></span> <span class='ocrx_word' id='word_1_299' title='bbox 745 3087 844 3146; x_wconf 76' lang='lat' dir='ltr'><strong>2l,n.</strong></span> <span class='ocrx_word' id='word_1_300' title='bbox 865 3081 922 3152; x_wconf 74' lang='grc'><strong>35).</strong></span> 
     </span>
    </p>

    <p class='ocr_par' dir='ltr' id='par_1_7' title="bbox 144 3152 1090 3227">
     <span class='ocr_line' id='line_1_37' title="bbox 144 3152 1090 3227; baseline -0.019 -6"><span class='ocrx_word' id='word_1_301' title='bbox 144 3165 211 3221; x_wconf 66' lang='grc' dir='ltr'>ἘΙ</span> <span class='ocrx_word' id='word_1_302' title='bbox 227 3184 250 3220; x_wconf 89' lang='lat' dir='ltr'><strong>s.</strong></span> <span class='ocrx_word' id='word_1_303' title='bbox 270 3163 377 3225; x_wconf 74' lang='lat' dir='ltr'><strong>imm,</strong></span> <span class='ocrx_word' id='word_1_304' title='bbox 398 3163 419 3223; x_wconf 89' lang='lat' dir='ltr'><strong>i,</strong></span> <span class='ocrx_word' id='word_1_305' title='bbox 439 3179 468 3227; x_wconf 91' lang='lat' dir='ltr'><strong>q.</strong></span> <span class='ocrx_word' id='word_1_306' title='bbox 487 3159 560 3221; x_wconf 79' lang='lat' dir='ltr'><strong>xlv,</strong></span> <span class='ocrx_word' id='word_1_307' title='bbox 579 3174 607 3211; x_wconf 92' lang='lat' dir='ltr'><strong>a.</strong></span> <span class='ocrx_word' id='word_1_308' title='bbox 629 3161 641 3210; x_wconf 92' lang='lat' dir='ltr'><strong>l</strong></span> <span class='ocrx_word' id='word_1_309' title='bbox 663 3173 702 3221; x_wconf 80' lang='lat' dir='ltr'><strong>c..</strong></span> <span class='ocrx_word' id='word_1_310' title='bbox 722 3165 750 3210; x_wconf 90' lang='lat' dir='ltr'><strong>et</strong></span> <span class='ocrx_word' id='word_1_311' title='bbox 767 3173 796 3224; x_wconf 90' lang='lat' dir='ltr'><strong>q.</strong></span> <span class='ocrx_word' id='word_1_312' title='bbox 816 3153 959 3214; x_wconf 79' lang='lat' dir='ltr'><strong>lxlxiv,</strong></span> <span class='ocrx_word' id='word_1_313' title='bbox 978 3152 1090 3205; x_wconf 69' lang='lat' dir='ltr'><strong>aie.</strong></span> 
     </span>
    </p>

    <p class='ocr_par' dir='ltr' id='par_1_8' title="bbox 108 3223 1227 3521">
     <span class='ocr_line' id='line_1_38' title="bbox 143 3223 1227 3306; baseline -0.016 -14"><span class='ocrx_word' id='word_1_314' title='bbox 143 3243 156 3280; x_wconf 85' lang='lat'>⁸</span> <span class='ocrx_word' id='word_1_315' title='bbox 175 3240 205 3292; x_wconf 93' lang='lat' dir='ltr'><strong>ln</strong></span> <span class='ocrx_word' id='word_1_316' title='bbox 225 3245 340 3306; x_wconf 68' lang='lat' dir='ltr'><strong>liquem</strong></span> <span class='ocrx_word' id='word_1_317' title='bbox 360 3235 399 3306; x_wconf 88' lang='lat' dir='ltr'><strong>(c.</strong></span> <span class='ocrx_word' id='word_1_318' title='bbox 421 3233 468 3294; x_wconf 88' lang='grc' dir='ltr'>ΙΙΙ,</span> <span class='ocrx_word' id='word_1_319' title='bbox 487 3247 514 3284; x_wconf 90' lang='lat' dir='ltr'><strong>a.</strong></span> <span class='ocrx_word' id='word_1_320' title='bbox 529 3235 561 3291; x_wconf 79' lang='lat'><strong>5,</strong></span> <span class='ocrx_word' id='word_1_321' title='bbox 582 3247 610 3298; x_wconf 89' lang='lat' dir='ltr'><strong>p.</strong></span> <span class='ocrx_word' id='word_1_322' title='bbox 625 3231 744 3293; x_wconf 79' lang='lat' dir='ltr'><strong>ile-iio</strong></span> <span class='ocrx_word' id='word_1_323' title='bbox 763 3231 818 3282; x_wconf 88' lang='lat' dir='ltr'><strong>roi.</strong></span> <span class='ocrx_word' id='word_1_324' title='bbox 832 3223 854 3294; x_wconf 88' lang='lat' dir='ltr'><strong>l)</strong></span> <span class='ocrx_word' id='word_1_325' title='bbox 868 3242 916 3293; x_wconf 85' lang='lat' dir='ltr'><strong>pro</strong></span> <span class='ocrx_word' id='word_1_326' title='bbox 928 3231 1002 3278; x_wconf 87' lang='lat' dir='ltr'><strong>certo</strong></span> <span class='ocrx_word' id='word_1_327' title='bbox 1014 3225 1179 3288; x_wconf 80' lang='lat' dir='ltr'><strong>sumpsimus</strong></span> <span class='ocrx_word' id='word_1_328' title='bbox 1226 3289 1227 3292; x_wconf 17' lang='grc' dir='ltr'>Ι</span> 
     </span>
     <span class='ocr_line' id='line_1_39' title="bbox 108 3302 1175 3371; baseline -0.018 -5"><span class='ocrx_word' id='word_1_329' title='bbox 108 3317 227 3366; x_wconf 86' lang='lat' dir='ltr'><strong>animam</strong></span> <span class='ocrx_word' id='word_1_330' title='bbox 246 3325 304 3362; x_wconf 86' lang='lat' dir='ltr'><strong>essa</strong></span> <span class='ocrx_word' id='word_1_331' title='bbox 322 3309 493 3371; x_wconf 86' lang='lat' dir='ltr'><strong>simplicem,</strong></span> <span class='ocrx_word' id='word_1_332' title='bbox 519 3306 632 3368; x_wconf 82' lang='lat' dir='ltr'><strong>indeque</strong></span> <span class='ocrx_word' id='word_1_333' title='bbox 651 3305 772 3366; x_wconf 89' lang='lat' dir='ltr'><strong>species,</strong></span> <span class='ocrx_word' id='word_1_334' title='bbox 792 3302 888 3367; x_wconf 83' lang='lat' dir='ltr'><strong>quibas</strong></span> <span class='ocrx_word' id='word_1_335' title='bbox 907 3313 949 3350; x_wconf 89' lang='lat' dir='ltr'><strong>res</strong></span> <span class='ocrx_word' id='word_1_336' title='bbox 967 3303 1175 3362; x_wconf 71' lang='lat' dir='ltr'><strong>coqnomuntnr,</strong></span> 
     </span>
     <span class='ocr_line' id='line_1_40' title="bbox 109 3372 1174 3438; baseline -0.018 0"><span class='ocrx_word' id='word_1_337' title='bbox 109 3399 168 3438; x_wconf 87' lang='lat' dir='ltr'><strong>esse</strong></span> <span class='ocrx_word' id='word_1_338' title='bbox 187 3383 377 3435; x_wconf 86' lang='lat' dir='ltr'><strong>immateriales</strong></span> <span class='ocrx_word' id='word_1_339' title='bbox 396 3379 565 3436; x_wconf 81' lang='lat' dir='ltr'><strong>deduximus,</strong></span> <span class='ocrx_word' id='word_1_340' title='bbox 585 3376 630 3426; x_wconf 81' lang='lat' dir='ltr'><strong>iric</strong></span> <span class='ocrx_word' id='word_1_341' title='bbox 649 3380 739 3426; x_wconf 88' lang='lat' dir='ltr'><strong>autem</strong></span> <span class='ocrx_word' id='word_1_342' title='bbox 759 3389 775 3426; x_wconf 88' lang='lat' dir='ltr'><strong>o</strong></span> <span class='ocrx_word' id='word_1_343' title='bbox 792 3375 888 3438; x_wconf 85' lang='lat' dir='ltr'><strong>prtnri,</strong></span> <span class='ocrx_word' id='word_1_344' title='bbox 902 3385 950 3423; x_wconf 90' lang='lat' dir='ltr'><strong>seu</strong></span> <span class='ocrx_word' id='word_1_345' title='bbox 963 3373 995 3422; x_wconf 84' lang='lat' dir='ltr'><strong>ab</strong></span> <span class='ocrx_word' id='word_1_346' title='bbox 1008 3372 1065 3434; x_wconf 91' lang='lat' dir='ltr'><strong>ipsa</strong></span> <span class='ocrx_word' id='word_1_347' title='bbox 1080 3375 1174 3420; x_wconf 88' lang='lat' dir='ltr'><strong>natura</strong></span> 
     </span>
     <span class='ocr_line' id='line_1_41' title="bbox 109 3437 1227 3521; baseline -0.015 -15"><span class='ocrx_word' id='word_1_348' title='bbox 109 3457 265 3519; x_wconf 71' lang='lat' dir='ltr'><strong>coqniiinnis</strong></span> <span class='ocrx_word' id='word_1_349' title='bbox 283 3453 385 3515; x_wconf 83' lang='lat' dir='ltr'><strong>species</strong></span> <span class='ocrx_word' id='word_1_350' title='bbox 403 3443 526 3514; x_wconf 88' lang='lat' dir='ltr'><strong>o&#39;poriere</strong></span> <span class='ocrx_word' id='word_1_351' title='bbox 544 3461 603 3498; x_wconf 86' lang='lat' dir='ltr'><strong>esse</strong></span> <span class='ocrx_word' id='word_1_352' title='bbox 622 3448 813 3498; x_wconf 86' lang='lat' dir='ltr'><strong>immateriales</strong></span> <span class='ocrx_word' id='word_1_353' title='bbox 830 3446 1003 3504; x_wconf 85' lang='lat' dir='ltr'><strong>adstruimus,</strong></span> <span class='ocrx_word' id='word_1_354' title='bbox 1021 3445 1050 3493; x_wconf 88' lang='lat' dir='ltr'><strong>ui</strong></span> <span class='ocrx_word' id='word_1_355' title='bbox 1069 3443 1175 3494; x_wconf 89' lang='lat' dir='ltr'><strong>aaimae</strong></span> <span class='ocrx_word' id='word_1_356' title='bbox 1226 3437 1227 3521; x_wconf 86' lang='grc' dir='ltr'>Ι</span> 
     </span>
    </p>
   </div>
   <div class='ocr_carea' id='block_1_4' title="bbox 56 3587 864 3658">
    <p class='ocr_par' dir='ltr' id='par_1_9' title="bbox 56 3587 864 3658">
     <span class='ocr_line' id='line_1_42' title="bbox 56 3587 864 3658; baseline -0.005 -15"><span class='ocrx_word' id='word_1_357' title='bbox 56 3602 59 3607; x_wconf 73' lang='grc'>’</span> <span class='ocrx_word' id='word_1_358' title='bbox 146 3591 160 3628; x_wconf 77' lang='lat'><strong>⁴</strong></span> <span class='ocrx_word' id='word_1_359' title='bbox 180 3587 216 3643; x_wconf 76' lang='lat' dir='ltr'><strong>(li</strong></span> <span class='ocrx_word' id='word_1_360' title='bbox 230 3610 253 3647; x_wconf 92' lang='lat' dir='ltr'><strong>s.</strong></span> <span class='ocrx_word' id='word_1_361' title='bbox 273 3591 355 3656; x_wconf 66' lang='lat' dir='ltr'><strong>lug„</strong></span> <span class='ocrx_word' id='word_1_362' title='bbox 377 3597 415 3646; x_wconf 84' lang='lat' dir='ltr'><strong>De</strong></span> <span class='ocrx_word' id='word_1_363' title='bbox 432 3600 522 3658; x_wconf 78' lang='lat' dir='ltr'><strong>queret.</strong></span> <span class='ocrx_word' id='word_1_364' title='bbox 542 3595 638 3652; x_wconf 68' lang='lat' dir='ltr'><strong>ardna,</strong></span> <span class='ocrx_word' id='word_1_365' title='bbox 658 3605 684 3641; x_wconf 89' lang='lat' dir='ltr'><strong>c.</strong></span> <span class='ocrx_word' id='word_1_366' title='bbox 706 3591 750 3652; x_wconf 82' lang='lat' dir='ltr'><strong>to,</strong></span> <span class='ocrx_word' id='word_1_367' title='bbox 771 3605 798 3642; x_wconf 90' lang='lat' dir='ltr'><strong>n.</strong></span> <span class='ocrx_word' id='word_1_368' title='bbox 818 3587 864 3639; x_wconf 73' lang='lat'><strong>22.</strong></span> 
     </span>
    </p>
   </div>
   <div class='ocr_carea' id='block_1_5' title="bbox 0 0 1242 3909">
    <p class='ocr_par' dir='ltr' id='par_1_10' title="bbox 0 0 1242 3909">
     <span class='ocr_line' id='line_1_43' title="bbox 0 0 1242 3909; baseline 0 2"><span class='ocrx_word' id='word_1_369' title='bbox 0 0 1242 3909; x_wconf 95' lang='lat' dir='ltr'><strong> </strong></span> 
     </span>
    </p>
   </div>
   <div class='ocr_carea' id='block_1_6' title="bbox 110 3523 1226 3877">
    <p class='ocr_par' dir='ltr' id='par_1_11' title="bbox 110 3523 1226 3877">
     <span class='ocr_line' id='line_1_44' title="bbox 110 3523 1226 3877; baseline -0.01 -303"><span class='ocrx_word' id='word_1_370' title='bbox 110 3525 266 3587; x_wconf 87' lang='lat' dir='ltr'><strong>simplicitas</strong></span> <span class='ocrx_word' id='word_1_371' title='bbox 285 3523 345 3573; x_wconf 88' lang='lat' dir='ltr'><strong>inde</strong></span> <span class='ocrx_word' id='word_1_372' title='bbox 363 3527 495 3588; x_wconf 64' lang='lat' dir='ltr'><strong>&#39;patescat</strong></span> <span class='ocrx_word' id='word_1_373' title='bbox 1218 3527 1226 3877; x_wconf 88' lang='grc' dir='ltr'>Ι</span> 
     </span>
    </p>
   </div>
  </div>
 </body>
</html>
