2475 3909
442 209 669 259 ornaurnoom
969 201 972 204 ’
1004 193 1063 258 113

86 291 132 360 d5.
157 291 253 379 Prop.
275 291 323 357 2⁸.
341 294 454 357 Animo
462 314 521 377 per
534 315 639 360 census
652 315 715 359 unc
735 315 805 358 cum
820 294 1025 379 qualitatibus
1038 314 1103 358 ren-

56 377 155 441 rih'bus
176 378 271 440 otium
293 373 497 441 substantium
513 378 660 462 percipit.

86 459 169 522 Huec
191 458 372 542 propositio
393 458 632 526 demonstratur
652 468 763 524 eontra
786 455 952 534 Reidium,
975 457 1104 522 Rosrni-

54 540 144 618 nium,
169 538 389 617 Giobertium,
412 541 572 627 aliosque,
595 543 654 628 qui
675 540 855 605 docuerunt
881 539 1023 604 animam
1045 560 1104 624 per

54 641 152 686 seusus
176 623 345 708 percipere
367 621 536 689 dumtaxat
556 625 728 710 qualitates
749 620 907 698 sensiles,
929 643 959 685 e.
983 643 1033 707 g„
1056 643 1104 685 co-

54 703 150 781 lorem,
173 724 324 788 soporem,
346 705 467 769 odorem
489 716 566 784 etc.,
590 727 655 772 non
677 726 754 771 vero
775 704 878 789 ipsam
893 702 1102 771 substantiam

53 805 389 934 codbdrd’ldlddcturdlos
404 889 461 954 per
475 891 585 936 sensus
600 870 799 958 percipimus
812 865 1057 952 qualitatos'oon
1071 869 1103 932 in

51 950 243 1027 universum,
261 949 314 1014 sed
329 949 568 1029 determinatas,
592 963 624 1018 et
644 963 820 1018 concretas.
844 951 884 1014 Ε.
902 972 946 1036 g„
962 972 1020 1015 nos
1041 971 1104 1014 non

53 1031 242 1117 percipimus
263 1034 405 1099 colorem
420 1035 452 1098 in
470 1035 654 1101 universum
670 1043 860 1120 spectatum,
883 1032 938 1097 sed
953 1031 1104 1098 determi-

51 1124 166 1190 natum,
180 1112 239 1178 hoo
252 1128 309 1192 est,
326 1115 450 1202 aliquid
465 1118 730 1203 coloretummp„
745 1113 868 1192 album,
891 1122 947 1179 aut
961 1114 1102 1200 nigrum.

51 1196 145 1280 dtqui
168 1196 341 1280 qualitates
363 1221 425 1264 non
440 1209 513 1264 sunt
526 1209 709 1278 concretae,
725 1207 758 1263 et
779 1196 1024 1275 determinatae,
1040 1197 1105 1262 nisi

50 1288 141 1361 prout
158 1277 249 1356 huic,
273 1281 322 1344 rel
340 1279 385 1344 illi
401 1281 547 1348 subiecto
562 1284 735 1349 inhaerent.
752 1280 839 1366 Ergo
853 1299 911 1344 nos
926 1301 989 1344 non
1000 1278 1104 1344 solum

50 1358 216 1442 qualitates
238 1363 380 1438 sensiles,
393 1362 447 1428 sed
462 1365 559 1430 etiam
581 1363 830 1438 subiectum,eui
853 1361 1030 1437 inhaerent,
1043 1363 1104 1426 boc

50 1449 102 1518 est,
126 1440 338 1509 substantiam
360 1447 478 1511 sentire
524 1467 560 1511 ro
582 1457 672 1512 certo
694 1443 876 1511 habendum
896 1452 954 1509 est.

84 1523 136 1587 tr.
160 1523 244 1588 Illud
266 1541 375 1592 autem
397 1465 638 1594 concedendum
661 1541 720 1606 est,
735 1526 822 1614 quod
845 1526 1033 1603 substantia,
1050 1527 1104 1590 oui

49 1603 215 1687 qualitates
243 1609 376 1675 sensiles
399 1610 577 1688 inhaerent,
601 1613 746 1693 confuse,
771 1631 831 1674 noo
853 1629 931 1676 vero
962 1609 1107 1673 distirwte

51 1705 104 1778 per
125 1707 240 1754 sensus
260 1693 451 1780 percipitur,
467 1694 543 1779 quia
559 1693 618 1758 illa
640 1691 680 1757 ad
702 1713 814 1758 sensus
828 1712 891 1756 non
906 1691 968 1755 nisi
985 1711 1043 1776 per
1056 1714 1107 1756 oe-

48 1769 147 1832 crdcos
168 1769 322 1838 refertur.

83 1852 135 1918 48.
160 1852 202 1919 Ut
222 1853 254 1919 id
279 1854 373 1922 laeile
395 1856 610 2004 intellipptur,
635 1853 826 1942 explicanda
847 1852 940 1918 nobis
962 1862 1038 1919 sunt
1057 1853 1106 1919 di·
1175 1898 1179 1904 ,

48 1951 137 1998 versa
158 1935 326 2003 sensilium
350 1959 478 2024 genera.
534 1961 590 2005 aee
612 1949 687 2005 sunt
702 1957 746 2022 pr
785 1938 848 2012 rio,
871 1936 1059 2013 communio,
1073 1945 1106 2002 et

44 2031 96 2094 per
116 2017 267 2082 maidens.
293 2019 429 2087 sensilia
451 2023 581 2106 propria
598 2029 673 2086 sunt
691 2041 753 2105 qua
769 2021 873 2097 itates,
888 2039 970 2103 quae
984 2017 1024 2082 ad
1039 2039 1108 2084 sen·

47 2114 96 2189 sus
117 2098 305 2166 reseruntur
325 2123 364 2167 eo
385 2103 473 2187 quod
491 2104 579 2188 ipsae
595 2102 812 2168 determinant
830 2121 959 2166 sensum
974 2100 1013 2165 ad
1036 2123 1107 2166 sen·

47 2179 203 2246 nendum.
220 2183 305 2249 Haeo
326 2184 478 2251 dicuntur
492 2185 619 2250 sensilia
636 2205 694 2270 per
714 2205 754 2261 ce,
777 2193 810 2249 et
826 2185 943 2268 primo,
958 2185 1035 2268 quia
1057 2207 1107 2250 re·

46 2257 168 2329 ducunt
187 2284 300 2332 sensus
331 2265 371 2331 ad
394 2280 483 2333 actus
504 2287 588 2332 snos.
612 2266 747 2333 Sensilia
767 2286 823 2350 per
854 2266 994 2330 occidens
1019 2277 1105 2344 sunt,

44 2363 126 2488 puae
151 2367 264 2430 perse
287 2349 367 2414 nihil
389 2360 488 2436 agunt
510 2349 541 2414 in
564 2369 686 2426 sensus,
702 2348 758 2413 sed
780 2347 820 2412 ab
843 2349 914 2434 ipso
929 2349 1108 2435 apprehen-

64 2439 165 2495 untur
186 2449 228 2493 ex
250 2451 289 2496 eo
310 2429 397 2516 qnod
419 2452 492 2496 cum
507 2431 677 2496 sensilibus
696 2430 837 2517 propriis
851 2432 1103 2518 coniunguntur.

44 2507 80 2571 E.
103 2531 158 2597 g.,
183 2511 215 2574 in
237 2510 317 2579 lacte
339 2511 453 2578 albedo
474 2523 521 2578 est
542 2511 693 2579 sensibile
710 2512 882 2598 proprium
909 2514 1008 2590 visus,
1030 2515 1106 2598 quia
1188 2525 1191 2530 '

44 2591 132 2656 risus
152 2612 195 2656 ex
227 2593 296 2680 ipsa
329 2595 479 2661 albedine
509 2593 643 2661 adeius
671 2593 828 2659 visionem
859 2594 1104 2674 determinatnr;

44 2669 183 2738 dulcedo
205 2687 311 2744 autem
334 2691 382 2744 est
395 2676 546 2744 sensibile
564 2698 624 2763 per
637 2677 775 2741 accidens
789 2676 893 2760 ipsius
914 2679 1013 2754 risus,
1051 2681 1106 2744 nia

45 2757 187 2822 retertur
210 2757 249 2822 ad
281 2761 387 2825 visum
407 2781 448 2825 ex
468 2781 506 2825 eo
560 2758 625 2824 uod
659 2779 732 2822 cum
756 2757 905 2823 albedine
938 2760 971 2823 in
994 2701 1106 2825 eddom

45 2835 126 2904 laeta
149 2841 369 2928 coniungitur.
390 2843 483 2918 Item,
506 2781 682 2907 substantia
698 2860 872 2926 corporum
894 2853 942 2906 est
955 2843 1107 2908 sensibile

42 2940 98 3003 per
119 2921 262 2988 coenem
285 2927 518 3010 cuiuscumque
533 2945 655 3000 sensus,
671 2923 748 3008 quia
771 2922 914 2987 retertur
934 2923 972 2987 ad
996 2947 1106 2991 sensus

45 3025 87 3068 ex
105 3024 147 3069 eo
169 3006 256 3090 quod
279 3018 326 3072 est
340 3006 520 3072 subiectum
542 3005 707 3072 sensilium
724 3025 782 3089 pro
808 3007 944 3070 riorum.
961 3006 1107 3092 Denique

45 3086 178 3152 sensilia
199 3091 375 3154 communio
396 3099 481 3165 suot,
500 3110 583 3174 quae
600 3109 658 3173 per
680 3109 723 3163 sc,
739 3108 767 3149 se
808 3108 869 3150 noo
886 3088 994 3171 primo
1009 3100 1110 3174 agunt

46 3170 77 3232 in
100 3189 224 3234 sensus.
251 3172 312 3235 Per
339 3194 380 3248 se,
433 3182 567 3237 natoous
596 3169 738 3233 actiones
764 3169 932 3233 sensilium
961 3173 1109 3256 proprio-

45 3273 118 3315 rum
165 3252 336 3318 nibnsdam
361 3193 462 3318 modis
490 3253 657 3329 alliciunt,
681 3251 772 3326 sive,
794 3261 831 3317 ut
851 3252 967 3330 aiunt,
990 3253 1108 3338 modifi-

45 3343 126 3398 cant.
183 3356 225 3400 on
247 3347 354 3401 autern
372 3339 477 3420 primo
496 3387 504 3415 ,
526 3336 602 3421 quia
631 3330 712 3396 nihil
734 3332 768 3396 in
790 3353 902 3399 sensns
923 3353 1068 3399 seorsum
1090 3356 1109 3400 a

43 3416 219 3483 sensilibus
240 3417 380 3504 propriis
402 3433 501 3504 egum
522 3419 544 3480 ¹.
569 3417 658 3480 Haeo
679 3414 811 3480 sensilia
832 3424 905 3481 sunt
925 3416 1109 3501 qualitates,

82 3621 283 3750 'ec'a⁸'sA⁰⁸''
305 3626 340 3674 lte
360 3623 404 3674 tib.
420 3625 490 3684 urb,
506 3624 589 3688 unat,
605 3641 630 3678 o.
646 3627 673 3687 3,
686 3629 747 3678 ets.
762 3620 870 3682 Thena..
887 3618 906 3681 l,
921 3637 948 3686 q.
963 3615 1109 3676 txxvrn,

41 3714 69 3748 a.
129 3713 146 3748 a
206 3735 211 3746 .

116 3793 227 3848 Furnos.
241 3785 349 3845 tunm.
366 3793 501 3857 compend.
519 3791 538 3843 Ι.
