<?xml version="1.0" encoding="UTF-8"?>
<!DOCTYPE html PUBLIC "-//W3C//DTD XHTML 1.0 Transitional//EN"
    "http://www.w3.org/TR/xhtml1/DTD/xhtml1-transitional.dtd">
<html xmlns="http://www.w3.org/1999/xhtml" xml:lang="en" lang="en">
 <head>
  <title>
</title>
<meta http-equiv="Content-Type" content="text/html;charset=utf-8" />
  <meta name='ocr-system' content='tesseract 3.04.00' />
  <meta name='ocr-capabilities' content='ocr_page ocr_carea ocr_par ocr_line ocrx_word'/>
</head>
<body>
  <div class='ocr_page' id='page_1' title='image "./philosophiachri00sansgoog_0569.png"; bbox 0 0 2475 3909; ppageno 0'>
   <div class='ocr_carea' id='block_1_1' title="bbox 442 173 1069 241">
    <p class='ocr_par' dir='ltr' id='par_1_1' title="bbox 442 173 1069 241">
     <span class='ocr_line' id='line_1_1' title="bbox 442 173 1069 241; baseline -0.003 0"><span class='ocrx_word' id='word_1_1' title='bbox 442 192 713 241; x_wconf 77' lang='lat' dir='ltr'><em>saranorouocts</em></span> <span class='ocrx_word' id='word_1_2' title='bbox 1009 173 1069 239; x_wconf 75' lang='lat'><em>273</em></span> 
     </span>
    </p>
   </div>
   <div class='ocr_carea' id='block_1_2' title="bbox 13 272 1114 1995">
    <p class='ocr_par' dir='ltr' id='par_1_2' title="bbox 13 272 1112 503">
     <span class='ocr_line' id='line_1_2' title="bbox 80 272 1110 363; baseline 0.003 -25"><span class='ocrx_word' id='word_1_3' title='bbox 80 272 148 341; x_wconf 82' lang='lat'>190.</span> <span class='ocrx_word' id='word_1_4' title='bbox 173 276 269 363; x_wconf 87' lang='lat' dir='ltr'><em>Prop.</em></span> <span class='ocrx_word' id='word_1_5' title='bbox 293 273 340 339; x_wconf 77' lang='lat'><em>2³.</em></span> <span class='ocrx_word' id='word_1_6' title='bbox 368 277 530 362; x_wconf 72' lang='lat' dir='ltr'><em>Repuqnot</em></span> <span class='ocrx_word' id='word_1_7' title='bbox 559 278 700 341; x_wconf 83' lang='lat' dir='ltr'><em>unimam</em></span> <span class='ocrx_word' id='word_1_8' title='bbox 726 276 905 341; x_wconf 76' lang='lat' dir='ltr'><strong><em>sensitivam</em></strong></span> <span class='ocrx_word' id='word_1_9' title='bbox 934 280 1110 343; x_wconf 72' lang='lat' dir='ltr'><em>transmitti</em></span> 
     </span>
     <span class='ocr_line' id='line_1_3' title="bbox 13 358 1112 447; baseline 0.007 -32"><span class='ocrx_word' id='word_1_10' title='bbox 13 376 57 447; x_wconf 33' lang='lat' dir='ltr'><em>&#39;n</em></span> <span class='ocrx_word' id='word_1_11' title='bbox 73 358 273 439; x_wconf 85' lang='lat' dir='ltr'><em>parentibus,</em></span> <span class='ocrx_word' id='word_1_12' title='bbox 295 369 323 421; x_wconf 88' lang='lat' dir='ltr'><em>et</em></span> <span class='ocrx_word' id='word_1_13' title='bbox 339 369 447 443; x_wconf 84' lang='lat' dir='ltr'><em>posteo</em></span> <span class='ocrx_word' id='word_1_14' title='bbox 467 359 537 443; x_wconf 72' lang='lat' dir='ltr'><em>fieri</em></span> <span class='ocrx_word' id='word_1_15' title='bbox 563 358 784 423; x_wconf 70' lang='lat' dir='ltr'><em>intellectivam</em></span> <span class='ocrx_word' id='word_1_16' title='bbox 805 377 866 442; x_wconf 85' lang='lat' dir='ltr'><em>per</em></span> <span class='ocrx_word' id='word_1_17' title='bbox 886 358 1112 440; x_wconf 67' lang='lat' dir='ltr'><em>manihestatio·</em></span> 
     </span>
     <span class='ocr_line' id='line_1_4' title="bbox 39 438 323 503; baseline 0.018 -5"><span class='ocrx_word' id='word_1_18' title='bbox 39 457 106 499; x_wconf 90' lang='lat' dir='ltr'><em>nem</em></span> <span class='ocrx_word' id='word_1_19' title='bbox 126 438 210 503; x_wconf 85' lang='lat' dir='ltr'><em>ideae</em></span> <span class='ocrx_word' id='word_1_20' title='bbox 231 440 323 503; x_wconf 85' lang='lat' dir='ltr'><em>entis.</em></span> 
     </span>
    </p>

    <p class='ocr_par' dir='ltr' id='par_1_3' title="bbox 38 518 1112 1156">
     <span class='ocr_line' id='line_1_5' title="bbox 80 518 1108 606; baseline 0.005 -25"><span class='ocrx_word' id='word_1_21' title='bbox 80 518 248 585; x_wconf 78' lang='lat' dir='ltr'><em>Probatur.</em></span> <span class='ocrx_word' id='word_1_22' title='bbox 272 518 449 585; x_wconf 81' lang='lat' dir='ltr'><em>Abnormis</em></span> <span class='ocrx_word' id='word_1_23' title='bbox 469 534 518 588; x_wconf 89' lang='lat' dir='ltr'><em>est</em></span> <span class='ocrx_word' id='word_1_24' title='bbox 540 522 594 586; x_wconf 90' lang='lat' dir='ltr'><em>illa</em></span> <span class='ocrx_word' id='word_1_25' title='bbox 617 520 749 605; x_wconf 89' lang='lat' dir='ltr'><em>opinio,</em></span> <span class='ocrx_word' id='word_1_26' title='bbox 773 542 814 584; x_wconf 83' lang='lat' dir='ltr'><em>ex</em></span> <span class='ocrx_word' id='word_1_27' title='bbox 836 543 899 606; x_wconf 91' lang='lat' dir='ltr'><em>qua</em></span> <span class='ocrx_word' id='word_1_28' title='bbox 924 518 974 587; x_wconf 90' lang='lat' dir='ltr'><em>vel</em></span> <span class='ocrx_word' id='word_1_29' title='bbox 997 521 1108 606; x_wconf 88' lang='lat' dir='ltr'><em>plures</em></span> 
     </span>
     <span class='ocr_line' id='line_1_6' title="bbox 40 601 1111 678; baseline 0.007 -17"><span class='ocrx_word' id='word_1_30' title='bbox 40 602 175 677; x_wconf 87' lang='lat' dir='ltr'><em>animus,</em></span> <span class='ocrx_word' id='word_1_31' title='bbox 198 604 265 666; x_wconf 89' lang='lat' dir='ltr'><em>sive</em></span> <span class='ocrx_word' id='word_1_32' title='bbox 293 601 414 668; x_wconf 82' lang='lat' dir='ltr'><em>formas</em></span> <span class='ocrx_word' id='word_1_33' title='bbox 442 602 668 669; x_wconf 79' lang='lat' dir='ltr'><em>substantiales</em></span> <span class='ocrx_word' id='word_1_34' title='bbox 690 602 722 665; x_wconf 92' lang='lat' dir='ltr'><em>iu</em></span> <span class='ocrx_word' id='word_1_35' title='bbox 744 602 875 672; x_wconf 86' lang='lat' dir='ltr'><em>homine</em></span> <span class='ocrx_word' id='word_1_36' title='bbox 897 603 1051 678; x_wconf 87' lang='lat' dir='ltr'><em>esse‚.vel</em></span> <span class='ocrx_word' id='word_1_37' title='bbox 1076 626 1111 669; x_wconf 92' lang='lat' dir='ltr'><em>a·</em></span> 
     </span>
     <span class='ocr_line' id='line_1_7' title="bbox 39 681 1112 768; baseline 0.006 -25"><span class='ocrx_word' id='word_1_38' title='bbox 39 681 160 744; x_wconf 90' lang='lat' dir='ltr'><em>nimam</em></span> <span class='ocrx_word' id='word_1_39' title='bbox 182 681 411 749; x_wconf 80' lang='lat' dir='ltr'><em>intellectivam</em></span> <span class='ocrx_word' id='word_1_40' title='bbox 432 685 533 751; x_wconf 88' lang='lat' dir='ltr'><em>veluti</em></span> <span class='ocrx_word' id='word_1_41' title='bbox 552 684 758 768; x_wconf 85' lang='lat' dir='ltr'><em>corruptioni</em></span> <span class='ocrx_word' id='word_1_42' title='bbox 779 684 965 762; x_wconf 83' lang='lat' dir='ltr'><em>obnoxiam,</em></span> <span class='ocrx_word' id='word_1_43' title='bbox 980 696 1015 751; x_wconf 90' lang='lat' dir='ltr'><em>et</em></span> <span class='ocrx_word' id='word_1_44' title='bbox 1031 696 1112 751; x_wconf 88' lang='lat' dir='ltr'><em>tam-</em></span> 
     </span>
     <span class='ocr_line' id='line_1_8' title="bbox 38 764 1112 851; baseline 0.007 -27"><span class='ocrx_word' id='word_1_45' title='bbox 38 782 136 845; x_wconf 89' lang='lat' dir='ltr'><em>quam</em></span> <span class='ocrx_word' id='word_1_46' title='bbox 159 765 332 847; x_wconf 87' lang='lat' dir='ltr'><em>quamdam</em></span> <span class='ocrx_word' id='word_1_47' title='bbox 354 764 590 851; x_wconf 86' lang='lat' dir='ltr'><em>perlectionem</em></span> <span class='ocrx_word' id='word_1_48' title='bbox 611 765 840 831; x_wconf 89' lang='lat' dir='ltr'><em>accidentalem</em></span> <span class='ocrx_word' id='word_1_49' title='bbox 857 770 985 834; x_wconf 89' lang='lat' dir='ltr'><em>animae</em></span> <span class='ocrx_word' id='word_1_50' title='bbox 1008 769 1112 831; x_wconf 89' lang='lat' dir='ltr'><em>sensi·</em></span> 
     </span>
     <span class='ocr_line' id='line_1_9' title="bbox 39 844 1111 934; baseline 0.007 -29"><span class='ocrx_word' id='word_1_51' title='bbox 39 844 124 908; x_wconf 86' lang='lat' dir='ltr'><em>tivae</em></span> <span class='ocrx_word' id='word_1_52' title='bbox 153 845 307 911; x_wconf 88' lang='lat' dir='ltr'><em>advenire</em></span> <span class='ocrx_word' id='word_1_53' title='bbox 339 849 559 934; x_wconf 82' lang='lat' dir='ltr'><em>consequitur.</em></span> <span class='ocrx_word' id='word_1_54' title='bbox 588 848 689 931; x_wconf 77' lang='lat' dir='ltr'><em>Atqui</em></span> <span class='ocrx_word' id='word_1_55' title='bbox 717 844 911 915; x_wconf 85' lang='lat' dir='ltr'><em>alterutrum</em></span> <span class='ocrx_word' id='word_1_56' title='bbox 939 847 1111 915; x_wconf 90' lang='lat' dir='ltr'><em>admitten-</em></span> 
     </span>
     <span class='ocr_line' id='line_1_10' title="bbox 39 924 1111 1017; baseline 0.009 -31"><span class='ocrx_word' id='word_1_57' title='bbox 39 924 117 989; x_wconf 89' lang='lat' dir='ltr'><em>dum</em></span> <span class='ocrx_word' id='word_1_58' title='bbox 137 938 233 1005; x_wconf 87' lang='lat' dir='ltr'><em>esset,</em></span> <span class='ocrx_word' id='word_1_59' title='bbox 255 929 281 991; x_wconf 90' lang='lat' dir='ltr'><em>si</em></span> <span class='ocrx_word' id='word_1_60' title='bbox 305 930 412 992; x_wconf 87' lang='lat' dir='ltr'><em>anima</em></span> <span class='ocrx_word' id='word_1_61' title='bbox 435 931 586 995; x_wconf 81' lang='lat' dir='ltr'><em>sensitiva</em></span> <span class='ocrx_word' id='word_1_62' title='bbox 609 930 784 995; x_wconf 83' lang='lat' dir='ltr'><em>transmitti</em></span> <span class='ocrx_word' id='word_1_63' title='bbox 806 952 824 995; x_wconf 89' lang='lat' dir='ltr'><em>a</em></span> <span class='ocrx_word' id='word_1_64' title='bbox 847 927 1051 1017; x_wconf 87' lang='lat' dir='ltr'><em>parentibus,</em></span> <span class='ocrx_word' id='word_1_65' title='bbox 1077 941 1111 996; x_wconf 89' lang='lat' dir='ltr'><em>et</em></span> 
     </span>
     <span class='ocr_line' id='line_1_11' title="bbox 39 1006 1112 1156; baseline 0.006 -87"><span class='ocrx_word' id='word_1_66' title='bbox 39 1017 150 1151; x_wconf 78' lang='lat' dir='ltr'><em>ppstea</em></span> <span class='ocrx_word' id='word_1_67' title='bbox 171 1006 240 1156; x_wconf 67' lang='lat' dir='ltr'><em>fiqqi</em></span> <span class='ocrx_word' id='word_1_68' title='bbox 272 1009 469 1077; x_wconf 85' lang='lat' dir='ltr'><em>intellectiva</em></span> <span class='ocrx_word' id='word_1_69' title='bbox 501 1031 561 1095; x_wconf 90' lang='lat' dir='ltr'><em>per</em></span> <span class='ocrx_word' id='word_1_70' title='bbox 587 1009 885 1077; x_wconf 79' lang='lat' dir='ltr'><em>manifestationem</em></span> <span class='ocrx_word' id='word_1_71' title='bbox 912 1011 1006 1076; x_wconf 87' lang='lat' dir='ltr'><em>ideae</em></span> <span class='ocrx_word' id='word_1_72' title='bbox 1027 1014 1112 1077; x_wconf 88' lang='lat' dir='ltr'><em>entis</em></span> 
     </span>
     <span class='ocr_line' id='line_1_12' title="bbox 65 1100 303 1155; baseline 0.017 -4"><span class='ocrx_word' id='word_1_73' title='bbox 65 1100 179 1154; x_wconf 76' lang='lat' dir='ltr'><em>icatur.</em></span> <span class='ocrx_word' id='word_1_74' title='bbox 233 1112 303 1155; x_wconf 90' lang='lat' dir='ltr'><em>ro.</em></span> 
     </span>
    </p>

    <p class='ocr_par' dir='ltr' id='par_1_4' title="bbox 37 1114 1114 1995">
     <span class='ocr_line' id='line_1_13' title="bbox 82 1114 1111 1241; baseline 0.006 -8"><span class='ocrx_word' id='word_1_75' title='bbox 82 1169 151 1237; x_wconf 87' lang='lat'><strong>191.</strong></span> <span class='ocrx_word' id='word_1_76' title='bbox 174 1114 286 1238; x_wconf 73' lang='lat' dir='ltr'><em>Minbr</em></span> <span class='ocrx_word' id='word_1_77' title='bbox 307 1194 349 1238; x_wconf 84' lang='lat' dir='ltr'><em>ex</em></span> <span class='ocrx_word' id='word_1_78' title='bbox 371 1173 411 1236; x_wconf 87' lang='lat' dir='ltr'><em>D.</em></span> <span class='ocrx_word' id='word_1_79' title='bbox 434 1173 555 1239; x_wconf 82' lang='lat' dir='ltr'><em>Thomu</em></span> <span class='ocrx_word' id='word_1_80' title='bbox 578 1173 624 1240; x_wconf 89' lang='lat' dir='ltr'><em>ita</em></span> <span class='ocrx_word' id='word_1_81' title='bbox 647 1173 913 1241; x_wconf 85' lang='lat' dir='ltr'><em>demonstratur:</em></span> <span class='ocrx_word' id='word_1_82' title='bbox 938 1174 1111 1240; x_wconf 86' lang='lat' dir='ltr'><em>Terminus</em></span> 
     </span>
     <span class='ocr_line' id='line_1_14' title="bbox 39 1252 1113 1341; baseline 0.005 -26"><span class='ocrx_word' id='word_1_83' title='bbox 39 1252 179 1317; x_wconf 87' lang='lat' dir='ltr'><em>actionis</em></span> <span class='ocrx_word' id='word_1_84' title='bbox 211 1254 349 1321; x_wconf 86' lang='lat' dir='ltr'><em>Divinae</em></span> <span class='ocrx_word' id='word_1_85' title='bbox 382 1254 556 1320; x_wconf 89' lang='lat' dir='ltr'><em>revelantis</em></span> <span class='ocrx_word' id='word_1_86' title='bbox 583 1253 691 1320; x_wconf 88' lang='lat' dir='ltr'><em>ideam</em></span> <span class='ocrx_word' id='word_1_87' title='bbox 723 1256 807 1322; x_wconf 90' lang='lat' dir='ltr'><em>entis</em></span> <span class='ocrx_word' id='word_1_88' title='bbox 834 1266 891 1321; x_wconf 87' lang='lat' dir='ltr'><em>aut</em></span> <span class='ocrx_word' id='word_1_89' title='bbox 916 1266 965 1322; x_wconf 88' lang='lat' dir='ltr'><em>est</em></span> <span class='ocrx_word' id='word_1_90' title='bbox 986 1254 1113 1341; x_wconf 84' lang='lat' dir='ltr'><em>aliquid</em></span> 
     </span>
     <span class='ocr_line' id='line_1_15' title="bbox 38 1332 1111 1424; baseline 0.006 -30"><span class='ocrx_word' id='word_1_91' title='bbox 38 1332 229 1415; x_wconf 87' lang='lat' dir='ltr'><em>subsistens,</em></span> <span class='ocrx_word' id='word_1_92' title='bbox 252 1348 393 1403; x_wconf 90' lang='lat' dir='ltr'><em>autnon</em></span> <span class='ocrx_word' id='word_1_93' title='bbox 415 1335 603 1401; x_wconf 90' lang='lat' dir='ltr'><em>subsistens.</em></span> <span class='ocrx_word' id='word_1_94' title='bbox 629 1337 730 1419; x_wconf 81' lang='lat' dir='ltr'><em>Atqui</em></span> <span class='ocrx_word' id='word_1_95' title='bbox 752 1338 779 1400; x_wconf 92' lang='lat' dir='ltr'><em>si</em></span> <span class='ocrx_word' id='word_1_96' title='bbox 802 1338 966 1424; x_wconf 90' lang='lat' dir='ltr'><em>primum,</em></span> <span class='ocrx_word' id='word_1_97' title='bbox 990 1341 1111 1415; x_wconf 89' lang='lat' dir='ltr'><em>anima,</em></span> 
     </span>
     <span class='ocr_line' id='line_1_16' title="bbox 38 1416 1113 1501; baseline 0.007 -24"><span class='ocrx_word' id='word_1_98' title='bbox 38 1435 124 1498; x_wconf 92' lang='lat' dir='ltr'><em>quae</em></span> <span class='ocrx_word' id='word_1_99' title='bbox 147 1438 206 1501; x_wconf 87' lang='lat' dir='ltr'><em>per</em></span> <span class='ocrx_word' id='word_1_100' title='bbox 233 1416 421 1484; x_wconf 91' lang='lat' dir='ltr'><em>huiusmodi</em></span> <span class='ocrx_word' id='word_1_101' title='bbox 451 1418 745 1483; x_wconf 78' lang='lat' dir='ltr'><em>inanisestationem</em></span> <span class='ocrx_word' id='word_1_102' title='bbox 766 1418 801 1484; x_wconf 89' lang='lat' dir='ltr'><em>fit</em></span> <span class='ocrx_word' id='word_1_103' title='bbox 824 1418 1042 1494; x_wconf 87' lang='lat' dir='ltr'><em>intellectiva,</em></span> <span class='ocrx_word' id='word_1_104' title='bbox 1064 1417 1113 1484; x_wconf 93' lang='lat' dir='ltr'><em>di·</em></span> 
     </span>
     <span class='ocr_line' id='line_1_17' title="bbox 37 1497 1112 1586; baseline 0.004 -25"><span class='ocrx_word' id='word_1_105' title='bbox 37 1516 135 1561; x_wconf 86' lang='lat' dir='ltr'><em>versa</em></span> <span class='ocrx_word' id='word_1_106' title='bbox 153 1500 343 1565; x_wconf 84' lang='lat' dir='ltr'><em>secundum</em></span> <span class='ocrx_word' id='word_1_107' title='bbox 374 1500 548 1566; x_wconf 85' lang='lat' dir='ltr'><em>essentiam</em></span> <span class='ocrx_word' id='word_1_108' title='bbox 574 1510 624 1566; x_wconf 84' lang='lat' dir='ltr'><em>est</em></span> <span class='ocrx_word' id='word_1_109' title='bbox 651 1497 692 1563; x_wconf 90' lang='lat' dir='ltr'><em>ah</em></span> <span class='ocrx_word' id='word_1_110' title='bbox 719 1501 827 1565; x_wconf 87' lang='lat' dir='ltr'><em>anima</em></span> <span class='ocrx_word' id='word_1_111' title='bbox 853 1502 1112 1586; x_wconf 81' lang='lat' dir='ltr'><em>praeexistente,</em></span> 
     </span>
     <span class='ocr_line' id='line_1_18' title="bbox 37 1578 1110 1669; baseline 0.006 -28"><span class='ocrx_word' id='word_1_112' title='bbox 37 1598 159 1664; x_wconf 87' lang='lat' dir='ltr'><em>nempe</em></span> <span class='ocrx_word' id='word_1_113' title='bbox 180 1584 352 1659; x_wconf 87' lang='lat' dir='ltr'><em>sensitiva,</em></span> <span class='ocrx_word' id='word_1_114' title='bbox 376 1602 459 1667; x_wconf 88' lang='lat' dir='ltr'><em>quae</em></span> <span class='ocrx_word' id='word_1_115' title='bbox 474 1602 537 1645; x_wconf 91' lang='lat' dir='ltr'><em>non</em></span> <span class='ocrx_word' id='word_1_116' title='bbox 553 1593 602 1647; x_wconf 91' lang='lat' dir='ltr'><em>est</em></span> <span class='ocrx_word' id='word_1_117' title='bbox 615 1578 815 1659; x_wconf 86' lang='lat' dir='ltr'><em>subsistens,</em></span> <span class='ocrx_word' id='word_1_118' title='bbox 832 1604 869 1647; x_wconf 86' lang='lat' dir='ltr'><em>ac</em></span> <span class='ocrx_word' id='word_1_119' title='bbox 886 1581 1023 1669; x_wconf 89' lang='lat' dir='ltr'><em>proinde</em></span> <span class='ocrx_word' id='word_1_120' title='bbox 1046 1603 1110 1647; x_wconf 92' lang='lat' dir='ltr'><em>nou</em></span> 
     </span>
     <span class='ocr_line' id='line_1_19' title="bbox 37 1663 1113 1739; baseline 0.005 -17"><span class='ocrx_word' id='word_1_121' title='bbox 37 1680 106 1724; x_wconf 85' lang='lat' dir='ltr'><em>una</em></span> <span class='ocrx_word' id='word_1_122' title='bbox 127 1672 176 1728; x_wconf 90' lang='lat' dir='ltr'><em>est</em></span> <span class='ocrx_word' id='word_1_123' title='bbox 196 1665 231 1727; x_wconf 90' lang='lat' dir='ltr'><em>in</em></span> <span class='ocrx_word' id='word_1_124' title='bbox 251 1664 382 1730; x_wconf 92' lang='lat' dir='ltr'><em>homine</em></span> <span class='ocrx_word' id='word_1_125' title='bbox 405 1664 524 1727; x_wconf 89' lang='lat' dir='ltr'><em>anima.</em></span> <span class='ocrx_word' id='word_1_126' title='bbox 541 1664 598 1730; x_wconf 88' lang='lat' dir='ltr'><em>Sin</em></span> <span class='ocrx_word' id='word_1_127' title='bbox 618 1663 768 1739; x_wconf 86' lang='lat' dir='ltr'><em>alterum,</em></span> <span class='ocrx_word' id='word_1_128' title='bbox 783 1666 888 1728; x_wconf 86' lang='lat' dir='ltr'><em>anima</em></span> <span class='ocrx_word' id='word_1_129' title='bbox 915 1664 1113 1730; x_wconf 87' lang='lat' dir='ltr'><em>intellectiva</em></span> 
     </span>
     <span class='ocr_line' id='line_1_20' title="bbox 39 1742 1114 1823; baseline 0.008 -21"><span class='ocrx_word' id='word_1_130' title='bbox 39 1742 83 1803; x_wconf 91' lang='lat' dir='ltr'><em>ab</em></span> <span class='ocrx_word' id='word_1_131' title='bbox 105 1745 214 1809; x_wconf 89' lang='lat' dir='ltr'><em>anima</em></span> <span class='ocrx_word' id='word_1_132' title='bbox 234 1745 390 1812; x_wconf 87' lang='lat' dir='ltr'><em>sensitiva</em></span> <span class='ocrx_word' id='word_1_133' title='bbox 412 1742 589 1810; x_wconf 92' lang='lat' dir='ltr'><em>secundum</em></span> <span class='ocrx_word' id='word_1_134' title='bbox 610 1746 781 1811; x_wconf 88' lang='lat' dir='ltr'><em>essentiam</em></span> <span class='ocrx_word' id='word_1_135' title='bbox 797 1766 860 1811; x_wconf 91' lang='lat' dir='ltr'><em>non</em></span> <span class='ocrx_word' id='word_1_136' title='bbox 875 1746 1033 1823; x_wconf 78' lang='lat' dir='ltr'><em>differret,</em></span> <span class='ocrx_word' id='word_1_137' title='bbox 1056 1744 1114 1811; x_wconf 89' lang='lat' dir='ltr'><em>sed</em></span> 
     </span>
     <span class='ocr_line' id='line_1_21' title="bbox 39 1823 1114 1910; baseline 0.007 -25"><span class='ocrx_word' id='word_1_138' title='bbox 39 1823 202 1906; x_wconf 88' lang='lat' dir='ltr'><em>quaedam</em></span> <span class='ocrx_word' id='word_1_139' title='bbox 222 1839 304 1893; x_wconf 90' lang='lat' dir='ltr'><em>esset</em></span> <span class='ocrx_word' id='word_1_140' title='bbox 326 1828 399 1892; x_wconf 91' lang='lat' dir='ltr'><em>eius</em></span> <span class='ocrx_word' id='word_1_141' title='bbox 420 1824 600 1910; x_wconf 76' lang='lat' dir='ltr'><em>perfectio,</em></span> <span class='ocrx_word' id='word_1_142' title='bbox 623 1849 641 1889; x_wconf 83' lang='lat' dir='ltr'><em>a</em></span> <span class='ocrx_word' id='word_1_143' title='bbox 663 1837 697 1892; x_wconf 89' lang='lat' dir='ltr'><em>et</em></span> <span class='ocrx_word' id='word_1_144' title='bbox 718 1826 766 1891; x_wconf 91' lang='lat' dir='ltr'><em>sic</em></span> <span class='ocrx_word' id='word_1_145' title='bbox 788 1848 828 1891; x_wconf 85' lang='lat' dir='ltr'><em>ex</em></span> <span class='ocrx_word' id='word_1_146' title='bbox 850 1830 1042 1893; x_wconf 87' lang='lat' dir='ltr'><em>necessitate</em></span> <span class='ocrx_word' id='word_1_147' title='bbox 1062 1848 1114 1893; x_wconf 88' lang='lat' dir='ltr'><em>se-</em></span> 
     </span>
     <span class='ocr_line' id='line_1_22' title="bbox 38 1905 1113 1995; baseline 0.007 -29"><span class='ocrx_word' id='word_1_148' title='bbox 38 1905 177 1988; x_wconf 89' lang='lat' dir='ltr'><em>quitur,</em></span> <span class='ocrx_word' id='word_1_149' title='bbox 198 1908 286 1994; x_wconf 92' lang='lat' dir='ltr'><em>quod</em></span> <span class='ocrx_word' id='word_1_150' title='bbox 313 1910 423 1973; x_wconf 88' lang='lat' dir='ltr'><em>anima</em></span> <span class='ocrx_word' id='word_1_151' title='bbox 450 1909 648 1975; x_wconf 84' lang='lat' dir='ltr'><em>intellectiva</em></span> <span class='ocrx_word' id='word_1_152' title='bbox 676 1919 930 1994; x_wconf 84' lang='lat' dir='ltr'><em>corrumpatur,</em></span> <span class='ocrx_word' id='word_1_153' title='bbox 956 1918 1113 1995; x_wconf 89' lang='lat' dir='ltr'><em>corrupto</em></span> 
     </span>
    </p>
   </div>
   <div class='ocr_carea' id='block_1_3' title="bbox 39 1990 252 2135">
    <p class='ocr_par' dir='ltr' id='par_1_5' title="bbox 39 1990 252 2135">
     <span class='ocr_line' id='line_1_23' title="bbox 39 1990 252 2135; baseline 0.023 -86"><span class='ocrx_word' id='word_1_154' title='bbox 39 2006 179 2135; x_wconf 65' lang='lat' dir='ltr'><em>corpore</em></span> <span class='ocrx_word' id='word_1_155' title='bbox 196 1990 204 2028; x_wconf 83' lang='lat'>¹</span> <span class='ocrx_word' id='word_1_156' title='bbox 223 2016 252 2055; x_wconf 81' lang='lat' dir='ltr'><em>n.</em></span> 
     </span>
    </p>
   </div>
   <div class='ocr_carea' id='block_1_4' title="bbox 37 2067 1117 2565">
    <p class='ocr_par' dir='ltr' id='par_1_6' title="bbox 37 2067 1117 2565">
     <span class='ocr_line' id='line_1_24' title="bbox 84 2067 1111 2158; baseline 0.004 -27"><span class='ocrx_word' id='word_1_157' title='bbox 84 2067 154 2131; x_wconf 72' lang='lat'><em>12.</em></span> <span class='ocrx_word' id='word_1_158' title='bbox 177 2070 312 2137; x_wconf 78' lang='lat' dir='ltr'><em>Accedit</em></span> <span class='ocrx_word' id='word_1_159' title='bbox 333 2072 366 2137; x_wconf 87' lang='lat'><em>1⁰</em></span> <span class='ocrx_word' id='word_1_160' title='bbox 388 2068 476 2158; x_wconf 90' lang='lat' dir='ltr'><em>quod</em></span> <span class='ocrx_word' id='word_1_161' title='bbox 498 2068 716 2136; x_wconf 77' lang='lat' dir='ltr'><em>manifestatio</em></span> <span class='ocrx_word' id='word_1_162' title='bbox 747 2070 840 2136; x_wconf 90' lang='lat' dir='ltr'><em>ideae</em></span> <span class='ocrx_word' id='word_1_163' title='bbox 868 2074 952 2137; x_wconf 90' lang='lat' dir='ltr'><em>entis</em></span> <span class='ocrx_word' id='word_1_164' title='bbox 980 2071 1111 2137; x_wconf 89' lang='lat' dir='ltr'><em>nonnisi</em></span> 
     </span>
     <span class='ocr_line' id='line_1_25' title="bbox 39 2150 1115 2238; baseline 0.006 -28"><span class='ocrx_word' id='word_1_165' title='bbox 39 2150 170 2216; x_wconf 88' lang='lat' dir='ltr'><em>animae</em></span> <span class='ocrx_word' id='word_1_166' title='bbox 194 2154 408 2221; x_wconf 74' lang='lat' dir='ltr'><em>intellectione</em></span> <span class='ocrx_word' id='word_1_167' title='bbox 435 2153 505 2216; x_wconf 87' lang='lat' dir='ltr'><em>fieri</em></span> <span class='ocrx_word' id='word_1_168' title='bbox 528 2162 655 2238; x_wconf 89' lang='lat' dir='ltr'><em>potest,</em></span> <span class='ocrx_word' id='word_1_169' title='bbox 679 2172 716 2216; x_wconf 88' lang='lat' dir='ltr'><em>ac</em></span> <span class='ocrx_word' id='word_1_170' title='bbox 738 2152 875 2238; x_wconf 89' lang='lat' dir='ltr'><em>proinde</em></span> <span class='ocrx_word' id='word_1_171' title='bbox 897 2154 1039 2218; x_wconf 89' lang='lat' dir='ltr'><em>animam</em></span> <span class='ocrx_word' id='word_1_172' title='bbox 1065 2153 1115 2217; x_wconf 92' lang='lat' dir='ltr'><em>in-</em></span> 
     </span>
     <span class='ocr_line' id='line_1_26' title="bbox 37 2229 1117 2321; baseline 0 -24"><span class='ocrx_word' id='word_1_173' title='bbox 37 2229 250 2313; x_wconf 85' lang='lat' dir='ltr'><em>tellectivam,</em></span> <span class='ocrx_word' id='word_1_174' title='bbox 273 2234 391 2299; x_wconf 91' lang='lat' dir='ltr'><em>nedum</em></span> <span class='ocrx_word' id='word_1_175' title='bbox 414 2234 593 2310; x_wconf 88' lang='lat' dir='ltr'><em>constitnit,</em></span> <span class='ocrx_word' id='word_1_176' title='bbox 609 2235 804 2319; x_wconf 64' lang='lat' dir='ltr'><em>expostulem</em></span> <span class='ocrx_word' id='word_1_177' title='bbox 827 2234 862 2298; x_wconf 81' lang='lat'><em>2⁰</em></span> <span class='ocrx_word' id='word_1_178' title='bbox 884 2235 971 2321; x_wconf 90' lang='lat' dir='ltr'><em>quod</em></span> <span class='ocrx_word' id='word_1_179' title='bbox 993 2256 1035 2300; x_wconf 87' lang='lat' dir='ltr'><em>ex</em></span> <span class='ocrx_word' id='word_1_180' title='bbox 1058 2233 1117 2298; x_wconf 90' lang='lat' dir='ltr'><em>do·</em></span> 
     </span>
     <span class='ocr_line' id='line_1_27' title="bbox 38 2313 1114 2383; baseline 0.003 -7"><span class='ocrx_word' id='word_1_181' title='bbox 38 2313 147 2379; x_wconf 86' lang='lat' dir='ltr'><em>ctrina</em></span> <span class='ocrx_word' id='word_1_182' title='bbox 169 2317 335 2381; x_wconf 85' lang='lat' dir='ltr'><em>Ecclesiae</em></span> <span class='ocrx_word' id='word_1_183' title='bbox 363 2315 547 2382; x_wconf 85' lang='lat' dir='ltr'><em>Catholicae</em></span> <span class='ocrx_word' id='word_1_184' title='bbox 573 2317 683 2379; x_wconf 90' lang='lat' dir='ltr'><em>anima</em></span> <span class='ocrx_word' id='word_1_185' title='bbox 713 2317 910 2382; x_wconf 87' lang='lat' dir='ltr'><em>intellectiva</em></span> <span class='ocrx_word' id='word_1_186' title='bbox 939 2339 980 2383; x_wconf 85' lang='lat' dir='ltr'><em>ex</em></span> <span class='ocrx_word' id='word_1_187' title='bbox 1008 2314 1114 2381; x_wconf 89' lang='lat' dir='ltr'><em>nihilo</em></span> 
     </span>
     <span class='ocr_line' id='line_1_28' title="bbox 38 2396 1115 2483; baseline 0.002 -24"><span class='ocrx_word' id='word_1_188' title='bbox 38 2407 173 2460; x_wconf 89' lang='lat' dir='ltr'><em>creatur</em></span> <span class='ocrx_word' id='word_1_189' title='bbox 184 2399 210 2474; x_wconf 79' lang='lat'><em>²,</em></span> <span class='ocrx_word' id='word_1_190' title='bbox 227 2419 289 2462; x_wconf 92' lang='lat' dir='ltr'><em>non</em></span> <span class='ocrx_word' id='word_1_191' title='bbox 310 2417 388 2464; x_wconf 83' lang='lat' dir='ltr'><em>vero</em></span> <span class='ocrx_word' id='word_1_192' title='bbox 405 2419 464 2482; x_wconf 91' lang='lat' dir='ltr'><em>per</em></span> <span class='ocrx_word' id='word_1_193' title='bbox 483 2396 630 2482; x_wconf 82' lang='lat' dir='ltr'><em>aliquam</em></span> <span class='ocrx_word' id='word_1_194' title='bbox 645 2396 878 2483; x_wconf 83' lang='lat' dir='ltr'><em>perfectionem</em></span> <span class='ocrx_word' id='word_1_195' title='bbox 901 2400 1028 2463; x_wconf 90' lang='lat' dir='ltr'><em>animae</em></span> <span class='ocrx_word' id='word_1_196' title='bbox 1042 2418 1115 2463; x_wconf 92' lang='lat' dir='ltr'><em>sen·</em></span> 
     </span>
     <span class='ocr_line' id='line_1_29' title="bbox 39 2477 591 2565; baseline 0 -24"><span class='ocrx_word' id='word_1_197' title='bbox 39 2477 157 2542; x_wconf 86' lang='lat' dir='ltr'><em>sitivae</em></span> <span class='ocrx_word' id='word_1_198' title='bbox 179 2479 365 2545; x_wconf 88' lang='lat' dir='ltr'><em>adiunctam</em></span> <span class='ocrx_word' id='word_1_199' title='bbox 386 2477 591 2565; x_wconf 79' lang='lat' dir='ltr'><em>producitur.</em></span> 
     </span>
    </p>
   </div>
   <div class='ocr_carea' id='block_1_5' title="bbox 116 2615 1148 2743">
    <p class='ocr_par' dir='ltr' id='par_1_7' title="bbox 116 2615 1148 2743">
     <span class='ocr_line' id='line_1_30' title="bbox 116 2615 1148 2689; baseline 0.005 -22"><span class='ocrx_word' id='word_1_200' title='bbox 116 2615 184 2668; x_wconf 76' lang='lat' dir='ltr'><em>har.</em></span> <span class='ocrx_word' id='word_1_201' title='bbox 206 2618 239 2671; x_wconf 91' lang='lat' dir='ltr'><em>V.</em></span> <span class='ocrx_word' id='word_1_202' title='bbox 254 2646 288 2657; x_wconf 90' lang='lat'>-</span> <span class='ocrx_word' id='word_1_203' title='bbox 302 2618 412 2669; x_wconf 79' lang='lat' dir='ltr'><em>hulmus</em></span> <span class='ocrx_word' id='word_1_204' title='bbox 430 2623 492 2669; x_wconf 83' lang='lat' dir='ltr'><em>aute</em></span> <span class='ocrx_word' id='word_1_205' title='bbox 510 2620 630 2682; x_wconf 82' lang='lat' dir='ltr'><em>corporis</em></span> <span class='ocrx_word' id='word_1_206' title='bbox 650 2619 836 2671; x_wconf 72' lang='lat' dir='ltr'><em>formationem</em></span> <span class='ocrx_word' id='word_1_207' title='bbox 857 2634 909 2671; x_wconf 87' lang='lat' dir='ltr'><em>non</em></span> <span class='ocrx_word' id='word_1_208' title='bbox 928 2622 1042 2673; x_wconf 82' lang='lat' dir='ltr'><em>existere</em></span> <span class='ocrx_word' id='word_1_209' title='bbox 1146 2683 1148 2689; x_wconf 18' lang='grc' dir='ltr'><strong><em>Α</em></strong></span> 
     </span>
     <span class='ocr_line' id='line_1_31' title="bbox 441 2693 643 2743; baseline -0.005 -1"><span class='ocrx_word' id='word_1_210' title='bbox 441 2693 643 2743; x_wconf 80' lang='lat' dir='ltr'><em>demonstratur</em></span> 
     </span>
    </p>
   </div>
   <div class='ocr_carea' id='block_1_6' title="bbox 39 2808 1118 3143">
    <p class='ocr_par' dir='ltr' id='par_1_8' title="bbox 39 2808 1118 3143">
     <span class='ocr_line' id='line_1_32' title="bbox 85 2808 1118 2911; baseline 0.005 -37"><span class='ocrx_word' id='word_1_211' title='bbox 85 2808 156 2876; x_wconf 82' lang='lat'>193.</span> <span class='ocrx_word' id='word_1_212' title='bbox 181 2809 271 2875; x_wconf 83' lang='lat' dir='ltr'><em>Plato</em></span> <span class='ocrx_word' id='word_1_213' title='bbox 294 2820 366 2896; x_wconf 87' lang='lat' dir='ltr'><em>post</em></span> <span class='ocrx_word' id='word_1_214' title='bbox 385 2811 600 2911; x_wconf 64' lang='lat' dir='ltr'><em>Pythagoram</em></span> <span class='ocrx_word' id='word_1_215' title='bbox 616 2810 640 2887; x_wconf 83' lang='lat'><em>⁸,</em></span> <span class='ocrx_word' id='word_1_216' title='bbox 663 2820 695 2877; x_wconf 89' lang='lat' dir='ltr'><em>et</em></span> <span class='ocrx_word' id='word_1_217' title='bbox 717 2810 946 2897; x_wconf 88' lang='lat' dir='ltr'><em>Empedoclem</em></span> <span class='ocrx_word' id='word_1_218' title='bbox 962 2813 975 2850; x_wconf 82' lang='lat'>⁸</span> <span class='ocrx_word' id='word_1_219' title='bbox 990 2814 1118 2879; x_wconf 88' lang='lat' dir='ltr'><em>censuit</em></span> 
     </span>
     <span class='ocr_line' id='line_1_33' title="bbox 40 2891 1118 2960; baseline 0.003 -3"><span class='ocrx_word' id='word_1_220' title='bbox 40 2894 170 2957; x_wconf 88' lang='lat' dir='ltr'><em>animas</em></span> <span class='ocrx_word' id='word_1_221' title='bbox 190 2900 264 2957; x_wconf 84' lang='lat' dir='ltr'><em>ante</em></span> <span class='ocrx_word' id='word_1_222' title='bbox 285 2893 367 2959; x_wconf 91' lang='lat' dir='ltr'><em>hanc</em></span> <span class='ocrx_word' id='word_1_223' title='bbox 391 2903 493 2959; x_wconf 80' lang='lat' dir='ltr'><em>vitam</em></span> <span class='ocrx_word' id='word_1_224' title='bbox 525 2901 711 2958; x_wconf 89' lang='lat' dir='ltr'><em>terrestrem</em></span> <span class='ocrx_word' id='word_1_225' title='bbox 739 2891 857 2958; x_wconf 81' lang='lat' dir='ltr'><em>vixisse</em></span> <span class='ocrx_word' id='word_1_226' title='bbox 885 2894 984 2959; x_wconf 87' lang='lat' dir='ltr'><em>aliam</em></span> <span class='ocrx_word' id='word_1_227' title='bbox 1011 2895 1118 2960; x_wconf 90' lang='lat' dir='ltr'><em>coele-</em></span> 
     </span>
     <span class='ocr_line' id='line_1_34' title="bbox 40 2972 1116 3058; baseline 0 -18"><span class='ocrx_word' id='word_1_228' title='bbox 40 2986 149 3049; x_wconf 89' lang='lat' dir='ltr'><em>stem,</em></span> <span class='ocrx_word' id='word_1_229' title='bbox 177 2983 275 3058; x_wconf 88' lang='lat' dir='ltr'><em>atque</em></span> <span class='ocrx_word' id='word_1_230' title='bbox 301 2972 344 3039; x_wconf 92' lang='lat' dir='ltr'><em>oh</em></span> <span class='ocrx_word' id='word_1_231' title='bbox 369 2974 412 3040; x_wconf 88' lang='lat' dir='ltr'><em>ali</em></span> <span class='ocrx_word' id='word_1_232' title='bbox 437 2974 501 3040; x_wconf 91' lang='lat' dir='ltr'><em>uod</em></span> <span class='ocrx_word' id='word_1_233' title='bbox 528 2976 674 3051; x_wconf 89' lang='lat' dir='ltr'><em>crimen,</em></span> <span class='ocrx_word' id='word_1_234' title='bbox 702 2972 841 3045; x_wconf 87' lang='lat' dir='ltr'><em>aliamve</em></span> <span class='ocrx_word' id='word_1_235' title='bbox 868 2996 998 3041; x_wconf 88' lang='lat' dir='ltr'><em>causam</em></span> <span class='ocrx_word' id='word_1_236' title='bbox 1021 2976 1116 3041; x_wconf 87' lang='lat' dir='ltr'><em>uehis</em></span> 
     </span>
     <span class='ocr_line' id='line_1_35' title="bbox 39 3053 1117 3143; baseline 0.002 -21"><span class='ocrx_word' id='word_1_237' title='bbox 39 3057 202 3143; x_wconf 78' lang='lat' dir='ltr'><em>ignotam,</em></span> <span class='ocrx_word' id='word_1_238' title='bbox 223 3058 256 3121; x_wconf 89' lang='lat' dir='ltr'><em>in</em></span> <span class='ocrx_word' id='word_1_239' title='bbox 279 3066 408 3121; x_wconf 84' lang='lat' dir='ltr'><em>terrena</em></span> <span class='ocrx_word' id='word_1_240' title='bbox 450 3076 508 3122; x_wconf 84' lang='lat' dir='ltr'><em>aec</em></span> <span class='ocrx_word' id='word_1_241' title='bbox 528 3074 665 3142; x_wconf 87' lang='lat' dir='ltr'><em>corpora</em></span> <span class='ocrx_word' id='word_1_242' title='bbox 688 3053 835 3122; x_wconf 87' lang='lat' dir='ltr'><em>detrusas</em></span> <span class='ocrx_word' id='word_1_243' title='bbox 856 3056 958 3124; x_wconf 84' lang='lat' dir='ltr'><em>inisse</em></span> <span class='ocrx_word' id='word_1_244' title='bbox 975 3060 999 3123; x_wconf 76' lang='lat'><em>⁵.</em></span> <span class='ocrx_word' id='word_1_245' title='bbox 1024 3058 1117 3124; x_wconf 81' lang='lat' dir='ltr'><em>lianc</em></span> 
     </span>
    </p>
   </div>
   <div class='ocr_carea' id='block_1_7' title="bbox 42 3278 1121 3704">
    <p class='ocr_par' dir='ltr' id='par_1_9' title="bbox 42 3278 1121 3704">
     <span class='ocr_line' id='line_1_36' title="bbox 82 3282 255 3314; baseline -0.006 -21"><span class='ocrx_word' id='word_1_246' title='bbox 82 3282 92 3314; x_wconf 75' lang='lat'><em>,</em></span> <span class='ocrx_word' id='word_1_247' title='bbox 250 3282 255 3292; x_wconf 93' lang='lat'>.</span> 
     </span>
     <span class='ocr_line' id='line_1_37' title="bbox 79 3278 1118 3461; baseline -0.006 -57"><span class='ocrx_word' id='word_1_248' title='bbox 79 3278 394 3461; x_wconf 46' lang='lat' dir='ltr'><em>²b’ghldhl&#39;b&#39;tgtnm</em></span> <span class='ocrx_word' id='word_1_249' title='bbox 414 3354 516 3404; x_wconf 80' lang='lat' dir='ltr'><em>Snmm.</em></span> <span class='ocrx_word' id='word_1_250' title='bbox 537 3352 619 3411; x_wconf 70' lang='lat' dir='ltr'><em>ran„</em></span> <span class='ocrx_word' id='word_1_251' title='bbox 646 3354 700 3404; x_wconf 88' lang='lat' dir='ltr'><em>rol.</em></span> <span class='ocrx_word' id='word_1_252' title='bbox 723 3350 756 3411; x_wconf 93' lang='lat' dir='ltr'><em>ll,</em></span> <span class='ocrx_word' id='word_1_253' title='bbox 779 3351 880 3410; x_wconf 64' lang='lat' dir='ltr'><em>Palem,</em></span> <span class='ocrx_word' id='word_1_254' title='bbox 912 3349 957 3399; x_wconf 87' lang='lat' dir='ltr'><em>lib.</em></span> <span class='ocrx_word' id='word_1_255' title='bbox 980 3346 1012 3410; x_wconf 88' lang='lat' dir='ltr'><em>l,</em></span> <span class='ocrx_word' id='word_1_256' title='bbox 1041 3364 1067 3398; x_wconf 92' lang='lat' dir='ltr'><em>c.</em></span> <span class='ocrx_word' id='word_1_257' title='bbox 1088 3350 1118 3410; x_wconf 78' lang='grc'><em>4,</em></span> 
     </span>
     <span class='ocr_line' id='line_1_38' title="bbox 42 3419 1118 3555; baseline -0.007 -6"><span class='ocrx_word' id='word_1_258' title='bbox 42 3419 479 3555; x_wconf 44' lang='lat' dir='ltr'><em>p·³¹d2fbl³ebbe¹ib),mldletblbboder</em></span> <span class='ocrx_word' id='word_1_259' title='bbox 490 3500 602 3548; x_wconf 74' lang='lat' dir='ltr'><em>sennen</em></span> <span class='ocrx_word' id='word_1_260' title='bbox 618 3499 687 3549; x_wconf 79' lang='lat' dir='ltr'><em>dnnr</em></span> <span class='ocrx_word' id='word_1_261' title='bbox 698 3498 726 3548; x_wconf 84' lang='lat' dir='ltr'><em>la</em></span> <span class='ocrx_word' id='word_1_262' title='bbox 738 3497 825 3553; x_wconf 84' lang='lat' dir='ltr'><em>Gre&#39;ce,</em></span> <span class='ocrx_word' id='word_1_263' title='bbox 840 3500 906 3552; x_wconf 64' lang='lat' dir='ltr'><em>etc„</em></span> <span class='ocrx_word' id='word_1_264' title='bbox 922 3493 968 3545; x_wconf 86' lang='lat' dir='ltr'><em>lib.</em></span> <span class='ocrx_word' id='word_1_265' title='bbox 985 3490 1031 3551; x_wconf 89' lang='grc' dir='ltr'>ΙΙΙ,</span> <span class='ocrx_word' id='word_1_266' title='bbox 1045 3508 1072 3544; x_wconf 91' lang='lat' dir='ltr'><em>c.</em></span> <span class='ocrx_word' id='word_1_267' title='bbox 1087 3495 1118 3543; x_wconf 84' lang='lat' dir='ltr'><em>t.</em></span> 
     </span>
     <span class='ocr_line' id='line_1_39' title="bbox 81 3565 999 3641; baseline -0.003 -22"><span class='ocrx_word' id='word_1_268' title='bbox 81 3567 95 3606; x_wconf 56' lang='grc' dir='ltr'>ί</span> <span class='ocrx_word' id='word_1_269' title='bbox 115 3565 151 3619; x_wconf 76' lang='lat' dir='ltr'><em>Cf</em></span> <span class='ocrx_word' id='word_1_270' title='bbox 166 3567 288 3629; x_wconf 79' lang='lat' dir='ltr'><em>Karsten,</em></span> <span class='ocrx_word' id='word_1_271' title='bbox 309 3571 470 3632; x_wconf 72' lang='lat' dir='ltr'><em>Empedoclis</em></span> <span class='ocrx_word' id='word_1_272' title='bbox 487 3572 619 3633; x_wconf 70' lang='lat' dir='ltr'><em>dunipast.</em></span> <span class='ocrx_word' id='word_1_273' title='bbox 639 3574 786 3621; x_wconf 86' lang='lat' dir='ltr'><em>cnrmtnnm</em></span> <span class='ocrx_word' id='word_1_274' title='bbox 805 3570 927 3632; x_wconf 83' lang='lat' dir='ltr'><em>reliquiae</em></span> <span class='ocrx_word' id='word_1_275' title='bbox 945 3572 999 3641; x_wconf 69' lang='lat' dir='ltr'><em>etc.</em></span> 
     </span>
     <span class='ocr_line' id='line_1_40' title="bbox 82 3639 1121 3704; baseline -0.001 -14"><span class='ocrx_word' id='word_1_276' title='bbox 82 3644 95 3679; x_wconf 60' lang='grc' dir='ltr'><em>ὓ</em></span> <span class='ocrx_word' id='word_1_277' title='bbox 117 3644 242 3700; x_wconf 74' lang='lat' dir='ltr'><em>t’bnodr,</em></span> <span class='ocrx_word' id='word_1_278' title='bbox 254 3656 280 3704; x_wconf 86' lang='lat' dir='ltr'><em>p.</em></span> <span class='ocrx_word' id='word_1_279' title='bbox 295 3641 315 3691; x_wconf 91' lang='lat' dir='ltr'><em>l.</em></span> <span class='ocrx_word' id='word_1_280' title='bbox 326 3639 383 3692; x_wconf 84' lang='lat' dir='ltr'><em>Ncn</em></span> <span class='ocrx_word' id='word_1_281' title='bbox 396 3644 520 3693; x_wconf 85' lang='lat' dir='ltr'><em>convenit</em></span> <span class='ocrx_word' id='word_1_282' title='bbox 531 3648 623 3693; x_wconf 88' lang='lat' dir='ltr'><em>antem</em></span> <span class='ocrx_word' id='word_1_283' title='bbox 638 3644 707 3694; x_wconf 85' lang='lat' dir='ltr'><em>inter</em></span> <span class='ocrx_word' id='word_1_284' title='bbox 720 3640 835 3693; x_wconf 75' lang='lat' dir='ltr'><em>Platonis</em></span> <span class='ocrx_word' id='word_1_285' title='bbox 848 3642 1015 3704; x_wconf 70' lang='lat' dir='ltr'><em>intumentes,</em></span> <span class='ocrx_word' id='word_1_286' title='bbox 1030 3643 1121 3694; x_wconf 77' lang='lat' dir='ltr'><em>utrum</em></span> 
     </span>
    </p>
   </div>
   <div class='ocr_carea' id='block_1_8' title="bbox 123 3720 1011 3790">
    <p class='ocr_par' dir='ltr' id='par_1_10' title="bbox 123 3720 1011 3790">
     <span class='ocr_line' id='line_1_41' title="bbox 123 3720 1011 3790; baseline -0.001 -15"><span class='ocrx_word' id='word_1_287' title='bbox 123 3724 231 3775; x_wconf 75' lang='lat' dir='ltr'><em>Paucos.</em></span> <span class='ocrx_word' id='word_1_288' title='bbox 242 3720 352 3777; x_wconf 74' lang='lat' dir='ltr'><em>Gnuesr.</em></span> <span class='ocrx_word' id='word_1_289' title='bbox 364 3727 504 3790; x_wconf 74' lang='lat' dir='ltr'><em>compend.</em></span> <span class='ocrx_word' id='word_1_290' title='bbox 520 3722 553 3776; x_wconf 90' lang='lat' dir='ltr'><em>ll.</em></span> <span class='ocrx_word' id='word_1_291' title='bbox 961 3722 1011 3774; x_wconf 63' lang='grc' dir='ltr'><em>18α</em></span> 
     </span>
    </p>
   </div>
   <div class='ocr_carea' id='block_1_9' title="bbox 0 0 1245 3909">
    <p class='ocr_par' dir='ltr' id='par_1_11' title="bbox 0 0 1245 3909">
     <span class='ocr_line' id='line_1_42' title="bbox 0 0 1245 3909; baseline 0 0"><span class='ocrx_word' id='word_1_292' title='bbox 0 0 1245 3909; x_wconf 95' lang='lat' dir='ltr'><em> </em></span> 
     </span>
    </p>
   </div>
  </div>
 </body>
</html>
