2475 3909
152 192 213 255 soi
520 188 794 245 aarunorosocta

113 303 178 355 tem
199 291 303 354 virtus
324 284 424 349 solius
440 280 500 345 Ilei
525 278 657 364 propria
678 274 822 339 ostiam
847 288 922 331 sero
945 264 1024 327 satis
1047 284 1064 327 a
1091 261 1187 326 nobis

113 373 365 438 demonstratum
388 375 437 430 cst
458 363 560 427 animi
583 356 846 425 annihilationem
869 370 942 413 cum
964 345 1024 409 Dei
1048 344 1192 410 attribu-

117 456 160 520 tis
182 450 416 519 contradicere.

365 574 433 623 aar.
455 568 488 619 V.
505 596 538 604 —
553 562 695 616 Ileiutatur
716 556 953 619 metempsychosis

157 690 228 755 ⁶229.
254 678 537 767 dletcmpspchosis‚
561 675 629 739 sive
652 664 905 737 transplantatio,
919 658 975 745 rel·
991 668 1191 742 transcorpo-

116 774 198 837 ratio
221 769 318 852 vulgo
341 765 427 828 dicta
450 771 498 825 est
520 758 576 823 illa
598 754 735 826 theoria,
759 768 822 834 qua
847 745 1029 807 animarum
1061 742 1104 803 ah
1127 762 1192 804 uno

118 858 151 920 in
175 850 262 918 aliud
286 866 405 933 corpus
427 839 671 923 transmigratio
694 826 912 897 adstruiturl.
939 824 1021 897 lam,
1044 832 1129 887 teste
1153 822 1190 885 D.

118 938 254 1011 Thoma,
267 948 417 1003 «omnes,
429 926 485 1010 qui
504 926 685 1008 posuerunt
700 915 824 980 animas
839 918 932 973 extra
947 923 1089 988 corpora
1104 926 1193 969 crea-

120 1023 162 1094 ri,
178 1025 356 1105 posuerunt
379 1003 730 1090 transcorporationem
754 993 948 1063 animarum,
965 997 1002 1050 ut
1023 985 1070 1049 sic
1087 988 1194 1050 anima

120 1114 218 1166 exuta
241 1119 259 1160 a
281 1114 417 1179 corpore
441 1109 519 1162 uno,
536 1086 629 1150 altori
654 1078 781 1163 corpori
805 1074 968 1145 uniretur,
990 1066 1077 1132 sicut
1100 1068 1196 1131 honio

121 1198 240 1249 exutus
255 1200 319 1243 uno
335 1175 527 1241 vestimento
551 1166 659 1233 induit
680 1164 819 1227 alterum
830 1158 842 1191 ²
855 1180 882 1215 n.
898 1153 980 1217 Sane
997 1148 1104 1223 Plato,
1118 1149 1194 1233 qui,

122 1280 157 1331 ut
173 1268 239 1331 iam
259 1257 434 1332 diximus⁸‚
446 1251 572 1319 censuit
593 1249 719 1312 animos
742 1264 782 1306 es
798 1237 892 1301 astris
917 1234 949 1297 in
967 1232 1112 1295 humana
1129 1252 1196 1295 eor-

124 1370 200 1434 pora
224 1346 388 1410 immissos
409 1339 523 1408 luisse,
538 1330 652 1397 docuit
672 1329 771 1393 etiam
794 1319 883 1391 illos,
905 1315 961 1401 qui
986 1324 1073 1377 recte
1096 1313 1196 1378 vitam

122 1431 276 1517 egerint,
300 1424 340 1489 ad
362 1432 447 1487 astra
468 1435 616 1482 reversos
643 1412 743 1474 vitam
766 1404 890 1468 beatam
919 1396 1083 1483 potituros
1104 1416 1195 1469 esse3

122 1524 245 1588 contra,
259 1528 326 1584 eos,
342 1509 398 1591 qui
424 1498 635 1565 immoderate
659 1487 816 1559 vinerint,
840 1482 873 1546 in
896 1497 1034 1563 corpora
1057 1476 1198 1541 deterio-

124 1619 172 1671 ra,
188 1606 231 1670 et,
248 1595 273 1657 si
298 1610 337 1653 ne
353 1599 421 1653 tum
442 1580 574 1667 quidem
598 1577 694 1640 finem
718 1569 871 1633 vitiorum
896 1559 1053 1631 feceriut,
1074 1560 1106 1622 in
1124 1558 1198 1622 hru-

125 1692 232 1745 torum
255 1673 376 1758 figuras
397 1668 465 1731 suis
492 1660 639 1727 moribus
661 1650 844 1719 simillimas
870 1653 1028 1708 mutatum
1052 1641 1124 1716 iri,
1149 1662 1200 1704 ne·

125 1782 189 1847 que
211 1766 283 1822 onte
305 1753 345 1818 ah
367 1744 554 1816 huiusmodi
582 1730 819 1806 mutationibus
845 1736 1050 1795 cessatum,
1075 1743 1199 1806 quam,

126 1839 295 1909 affectibus
317 1833 451 1907 sedatis,
475 1826 515 1891 ad
540 1826 702 1912 primum,
724 1813 949 1898 optimumque
978 1806 1027 1867 sui
1052 1802 1200 1871 habitum

127 1918 409 1991 taediosissimae
431 1919 538 1976 nostra
562 1915 666 1971 aetate
690 1920 707 1962 a
730 1898 825 1960 Petro
846 1893 996 1961 Leroux,
1021 1896 1052 1950 et
1076 1908 1094 1949 a
1117 1896 1202 1951 cete-

127 2010 172 2072 ris
194 2001 341 2069 continui
371 2012 559 2080 progressus
588 1977 805 2052 assertoribus
832 1968 1145 2053 metempsychosis,
1168 1976 1202 2031 nt

94 2078 100 2085 ¹
132 2092 162 2154 in
186 2088 295 2171 primo
316 2076 454 2145 articulo
476 2070 659 2162 diximusss
688 2062 726 2127 ad
754 2060 852 2123 vitam
887 2062 1033 2118 reuocata
1062 2063 1123 2115 est.
1150 2051 1201 2115 Eis

126 2164 316 2319 gdsztziffiati
341 2167 415 2226 suot
437 2157 539 2243 Remy
555 2157 578 2231 ⁰,
601 2144 755 2275 bischelet
772 2140 797 2217 ¹,
822 2132 976 2225 haynaud
996 2134 1020 2207 ⁵,
1044 2144 1078 2197 et
1099 2130 1198 2197 Andr.

167 2453 177 2492 ¹
197 2448 399 2511 Polinpenesio.
421 2442 486 2491 idest
505 2431 666 2493 repedet-otto
691 2421 820 2487 appellari
846 2427 953 2481 quoque
978 2412 1066 2470 solet,
1095 2414 1159 2475 qnia
1179 2413 1202 2461 in

131 2528 212 2592 priori
233 2532 342 2582 corpore
362 2518 452 2566 rivere
471 2506 568 2558 desinit
587 2503 687 2557 anima,
708 2503 733 2546 et
754 2496 780 2543 in
798 2494 865 2549 aiio,
878 2488 948 2553 quod
968 2486 1001 2536 de
1021 2498 1092 2535 noro
1112 2487 1202 2539 sumit,

130 2604 212 2650 vitam
233 2594 396 2655 auspicatur.

167 2672 249 2733 ²Qq.
270 2669 367 2726 diepp„
389 2662 427 2709 De
447 2659 518 2708 Pet..
538 2664 564 2712 q.
589 2644 634 2699 lll.
655 2656 681 2691 a.
705 2640 736 2689 tti
757 2635 832 2687 c.-³
853 2632 914 2695 Ρη.
935 2630 988 2680 ‘tit
1009 2644 1050 2691 sq.

168 2743 179 2777 ⁴
200 2739 268 2792 huto
287 2736 422 2787 Platonem
443 2743 457 2777 a
479 2722 645 2787 Pythagora,
671 2716 780 2774 eiusque
805 2704 939 2767 discipulis
965 2702 1206 2765 metempsychosis

132 2819 269 2866 decretum
289 2812 315 2858 in
334 2804 445 2858 Graecia
466 2798 561 2858 ubique
582 2791 767 2853 propagatum·
782 2780 841 2830 init.
870 2776 1045 2840 Pythagoram
1071 2786 1138 2823 vern
1160 2775 1206 2821 tine

133 2891 271 2938 decretum
291 2880 324 2930 ah
344 2875 499 2940 Aegyptiis,
520 2867 631 2927 aliisque
658 2856 771 2909 Orientis
791 2850 895 2914 populls
921 2849 1044 2896 didicisse
1069 2850 1207 2908 comperta

135 2976 176 3011 res
195 2963 245 3008 eet.
267 2951 335 3004 Sana
355 2940 576 3007 metempsychosi
598 2930 756 2995 Aegyptios,
776 2932 804 2975 et
823 2920 970 2973 Chaldaeos
989 2916 1146 2969 adhaesisse
1166 2930 1208 2967 se·

135 3042 204 3084 teres
224 3028 320 3091 passim
341 3020 581 3074 traditionemque
601 3008 627 3057 in
646 3001 768 3053 omnibus
783 2994 887 3046 indicae
908 2990 1095 3056 philosophiae
1107 2988 1209 3043 Schotis

134 3116 219 3168 aeque
240 3095 434 3151 inveniebatur.

171 3173 183 3213 ⁵
203 3175 264 3236 rag.
285 3166 418 3219 iio-itti.

172 3250 184 3285 s
205 3251 243 3297 ι),
262 3246 288 3292 tn
307 3243 356 3297 vie,
376 3244 398 3287 at
417 3236 448 3284 de
466 3232 491 3280 lo
510 3232 588 3284 mort,
610 3234 658 3285 par
677 3218 701 3266 le
722 3214 756 3265 Dr
776 3209 869 3276 llemy.
889 3208 962 3259 Paris
985 3206 1066 3257 iiiii.

172 3321 184 3355 a
206 3316 264 3378 ipsa
284 3316 309 3362 in
330 3312 397 3358 libro
412 3303 547 3366 Lepeople
566 3311 597 3344 eo
617 3288 797 3352 impudentiae
817 3285 939 3339 clarebit,
961 3286 991 3331 ui
1009 3280 1043 3328 oh
1064 3279 1134 3330 hane
1154 3278 1207 3327 aui-

138 3402 243 3439 matum
264 3378 523 3441 transmigrationem
544 3373 612 3417 inter
630 3366 720 3425 bruta,
742 3366 765 3407 ei
787 3359 908 3406 homines
928 3356 1118 3414 cognationem
1131 3364 1207 3413 agmi-

139 3463 220 3515 verii,
239 3464 266 3507 et
286 3457 363 3503 bruta
383 3452 481 3513 fratres
500 3456 578 3502 saepe
599 3436 784 3499 aispeilaretit.

175 3529 187 3562 ⁸
206 3530 283 3577 Terre
300 3534 325 3574 et
344 3524 407 3580 Ciol,
427 3519 502 3569 Paris
525 3512 603 3563 185⁴.

176 3596 189 3630 ⁹
209 3600 246 3645 Lo
264 3594 385 3657 pluralite'
403 3594 447 3642 dee
465 3590 603 3637 tristinen
622 3582 652 3629 da
672 3579 771 3635 dome,
792 3573 839 3622 lib.
861 3570 912 3630 iv,
934 3585 958 3621 c.
982 3567 1008 3627 l.
1031 3584 1057 3631 p.
1081 3568 1135 3618 38ss
1154 3578 1207 3628 sqq,

142 3665 216 3717 Puris
238 3666 317 3714 istd.
