2475 3909
143 161 205 226 308
439 159 623 209 sancionis
645 155 833 207 narrantis

104 266 272 332 existunt,
294 263 369 319 sunt
390 248 639 340 contingentes,
662 257 875 329 nempeoum
897 238 961 301 sint
985 228 1171 299 mutabiles.

106 342 332 424 timitibusque
353 334 633 411 circumscriptae,
650 326 695 391 ita
712 327 868 396 existunt,
880 331 915 384 ut
952 318 1175 382 otuerintnon

106 428 260 499 existere,
276 441 314 485 ac
336 410 473 507 proinde
495 412 529 475 in
544 409 663 495 seipsis
683 409 844 476 rationein
867 423 904 467 su
928 401 1076 469 icientem
1095 418 1176 460 suae

106 506 296 579 existentiae
310 521 375 566 non
387 500 563 561 continent.
580 490 679 575 Atqui
696 490 783 557 entia
800 482 1015 565 contingentia
1032 480 1177 545 existere

107 591 193 661 haud
214 593 359 674 possent,
374 580 440 645 nisi
461 572 633 639 existentia
656 570 747 639 Entis
769 566 944 635 necessarii
967 560 1176 633 admittatur,

106 673 195 775 quod
216 669 333 735 existat
352 684 370 726 a
386 682 432 737 se,
447 669 479 723 et
500 675 597 739 aquo
619 655 706 720 entia
729 648 952 735 contingentia
974 643 1014 709 ad.
1029 644 1179 707 existen-

108 748 474 902 tiaruDdcterminautur.
498 738 585 823 Ergo
606 737 718 801 existit
740 736 807 801 Eris
828 727 1060 799 necessarium,
1084 722 1178 809 quud

109 853 158 906 est
208 855 276 902 eus.

149 924 200 986 27.
225 912 382 982 Probatur
403 906 518 969 minor.
542 900 638 966 Entia
659 896 892 982 contingentia,
907 912 983 958 cuin
1004 910 1046 953 ex
1061 900 1180 953 natura

111 1021 247 1069 sunnon
261 995 324 1061 uisi
339 984 588 1089 possibilitatem
611 981 652 1047 ad
671 1002 730 1047 esse
750 978 935 1049 exhibeant,
951 978 1117 1055 nequeunt
1139 968 1180 1031 ad

111 1100 218 1152 actum
233 1078 365 1149 'reduci,
382 1070 443 1135 uisi
466 1086 524 1152 per
543 1063 685 1160 atiquam
706 1082 847 1135 causam,
864 1058 897 1122 in
918 1076 981 1141 qua
1002 1052 1100 1127 ratio,
1118 1070 1179 1114 cur

115 1174 185 1255 ipsa
205 1174 279 1229 cetu
299 1158 464 1230 existant,
487 1159 680 1213 continetur.
705 1144 741 1209 Id
762 1166 801 1208 cii
827 1139 920 1205 licari
942 1145 1045 1222 potest
1070 1154 1184 1197 exem-

138 1254 169 1317 io
191 1246 290 1322 aeris,
311 1239 381 1327 qui,
403 1255 478 1299 cum
500 1232 543 1296 sit
563 1229 756 1313 inpotentia
776 1162 825 1289 ad
838 1223 966 1295 iucem,
990 1236 1054 1281 non
1076 1226 1186 1299 potest

115 1328 324 1400 illuminari,
346 1318 410 1385 nisi
433 1338 452 1381 a
474 1331 611 1397 corpore
634 1309 766 1385 iucido;
790 1324 913 1371 necnon
934 1320 1060 1396 aquae,
1083 1316 1185 1382 quae,

114 1439 189 1482 cnm
210 1414 253 1479 sit
274 1411 309 1474 in
328 1403 466 1489 potentio
487 1395 528 1462 ad
543 1391 695 1468 calorem,
712 1412 776 1456 non
797 1388 859 1453 nisi
876 1380 1015 1449 acalido
1037 1379 1185 1445 catefieri

116 1509 231 1584 potest.
248 1490 359 1576 Atqui,
375 1486 403 1549 si
419 1480 528 1547 omnia
549 1483 657 1539 essent
676 1468 908 1557 contingentia,
924 1486 981 1529 seu
1003 1464 1065 1527 nisi
1091 1480 1187 1545 prae-

116 1597 166 1647 tcr
188 1578 275 1644 entia
296 1564 518 1660 contingentia
539 1562 606 1655 iius
628 1554 848 1621 necessarium
869 1550 1035 1620 existeret,
1057 1564 1186 1615 causa,

118 1683 201 1748 quae
223 1658 383 1724 rationem
405 1655 597 1713 existentiae
613 1659 729 1704 eorum
752 1634 927 1707 contineat,
943 1628 1102 1707 assignari
1120 1646 1187 1688 non

121 1756 236 1829 posset.
259 1741 361 1821 Ergo,
383 1732 448 1794 nisi
471 1725 660 1791 admittatur
681 1715 854 1785 existentia
876 1712 970 1779 Eritis
992 1708 1188 1781 necessarii,

118 1826 243 1892 nuitum
264 1841 321 1886 ens
341 1814 531 1896 contingens
552 1804 694 1870 existere
709 1807 818 1887 posset
832 1797 855 1860 ¹.

158 1910 211 1976 28.
228 1904 318 1970 idem
339 1900 567 1983 argumentum
582 1886 642 1950 hoc
658 1885 723 1949 alio
746 1878 842 1947 modo
864 1875 974 1943 efferri
990 1872 1087 1937 sciet:
1102 1870 1188 1935 Cum

119 2012 176 2055 ens
191 1986 379 2069 contingens
394 1999 436 2042 ex
451 1984 566 2041 natura
580 1989 638 2034 sua
653 1970 695 2033 sit
711 1963 900 2032 indifferens
914 1954 955 2022 ad
967 1950 1188 2023 existendum,

120 2074 169 2138 vet
190 2092 255 2137 non
277 2058 508 2134 existendum,
531 2054 639 2135 aitqua
671 2068 768 2114 causa
791 2042 939 2127 indiget,
967 2056 1051 2123 quae
1075 2036 1188 2119 ipsum

121 2156 162 2220 ad
183 2148 390 2221 existentiam
407 2140 612 2207 determinet.
636 2134 704 2196 Iani
732 2131 759 2195 si
780 2127 858 2191 haec
879 2142 975 2189 causa
996 2118 1189 2200 contingens

121 2250 181 2313 est,
196 2248 229 2302 et
250 2235 260 2299 i
285 2251 319 2296 sa
343 2225 383 2291 ab
406 2222 469 2287 alia
491 2217 631 2305 pendeat
645 2233 772 2277 necesse
793 2220 853 2285 est;
869 2216 902 2271 et
920 2203 1077 2287 quoniam
1103 2198 1188 2262 ideui

121 2321 162 2386 de
176 2335 291 2405 quavis
312 2328 410 2375 causa
429 2304 634 2386 contingente
656 2294 721 2359 dici
737 2290 844 2366 debet,
859 2288 940 2353 iilud
962 2282 1187 2365 consequitur,

123 2402 237 2490 quod,
258 2397 321 2462 nisi
343 2391 381 2456 ad
404 2406 560 2458 causam,
582 2399 665 2465 quae
696 2375 736 2441 ab
764 2374 828 2438 alia
861 2392 922 2435 non
945 2364 1084 2454 pendeat
1104 2411 1114 2438 ‚
1136 2360 1190 2427 scd

124 2508 200 2551 suae
222 2490 356 2548 naturae
378 2468 566 2538 necessitate
589 2465 708 2545 vigeat,
730 2455 858 2524 tandein
881 2446 1056 2537 aliquando
1078 2466 1192 2509 ascen-

126 2570 252 2641 damus,
274 2560 376 2627 series
398 2573 506 2619 reruni
529 2542 781 2631 dependentium
803 2538 872 2601 sine
894 2534 962 2609 itta,
983 2554 1002 2595 a
1022 2549 1088 2613 qua
1116 2548 1192 2611 pen·

126 2652 220 2725 deut,
244 2637 439 2710 admittenda
461 2632 555 2697 soret.
579 2625 679 2710 Atqui
711 2624 772 2687 hoc
804 2616 1047 2684 evidentissime
1077 2607 1190 2673 absur-

126 2733 206 2797 dum
237 2741 297 2794 est.
320 2725 409 2807 Ergo
437 2712 608 2782 existentia
638 2727 746 2771 reruni
775 2698 1059 2845 contiipgentiuin,
1083 2692 1194 2755 cuius-

127 2812 216 2881 modi
238 2830 289 2878 res
311 2802 492 2871 mundanae
519 2804 620 2867 sunt,
643 2786 850 2854 existentiam
900 2781 964 2843 ntis
998 2773 1188 2845 necessarii,

128 2917 244 2982 nempe
267 2890 340 2965 Dei,
362 2877 558 2971 expostulat.

168 2981 219 3045 ⁶29.
244 2976 445 3040 Postremum
471 2964 698 3045 argumentum
731 2970 771 3013 ex
800 2944 990 3011 necessitate
1015 2935 1194 3022 Sapientis-

127 3061 203 3130 aiini
226 3048 485 3125 Gubernatoris,
508 3041 567 3125 qui
594 3032 739 3120 singulas
769 3038 932 3095 creaturas
960 3024 993 3087 in
1015 3039 1090 3085 suos
1117 3016 1193 3081 fines

130 3145 271 3217 ordinet,
293 3157 330 3203 ac
350 3130 482 3215 dirigat,
503 3130 644 3190 eruitur.
659 3116 741 3183 Sane
763 3107 967 3195 experientia
988 3101 1085 3167 uobis
1107 3110 1195 3187 pate·

465 3310 792 3338 ,,,,.......-..--

169 3456 179 3491 ¹
200 3453 255 3503 tioc
272 3449 459 3512 argumentum
477 3442 514 3489 iii
535 3434 658 3499 proponit
676 3426 823 3481 liictiaidus
841 3419 1004 3475 Victorinusr
1020 3436 1030 3461 ι
1048 3412 1075 3467 Si
1092 3414 1160 3465 uitiit
1176 3428 1192 3458 a

87 3528 101 3549 “
134 3527 274 3584 semetipso
293 3522 396 3575 totiset,
411 3528 463 3564 uon
481 3512 550 3562 esset
567 3508 687 3560 omnino,
703 3500 772 3551 unda
784 3512 816 3548 ei
829 3494 943 3545 existere
956 3490 1113 3554 potuissent,
1127 3498 1194 3549 quii

136 3608 215 3643 nunni
231 3605 288 3639 esse
308 3604 323 3638 a
343 3585 488 3647 iamettpsis
507 3596 559 3632 non
577 3578 690 3635 hadent,
711 3584 760 3623 noc
780 3566 984 3621 habenulam
1005 3582 1029 3621 i,
1050 3563 1091 3612 ua
1110 3560 1194 3614 aru..

150 3667 183 3713 u.
203 3665 223 3721 t,
244 3676 269 3709 c.
291 3662 318 3709 8.
