2475 3909
130 167 192 233 180
500 172 733 227 nrnsmnoors

95 273 302 365 Quapropter
324 263 495 341 iudicium,
509 260 611 347 quod,
626 268 792 344 tamquam
814 257 985 332 motivum,
999 253 1038 319 ad
1054 265 1160 321 actum

91 354 261 419 electionis
288 347 476 422 concurrit,
498 357 547 410 est
575 340 736 406 iudicium
762 339 980 423 particulare,
1004 336 1088 421 quod
1115 338 1164 402 in·

47 488 51 495 .
91 438 237 503 tellectus
261 431 448 517 practicus,
470 438 505 492 ut
525 435 618 490 antea
646 421 814 497 diximus,
837 420 936 485 efficit
958 441 999 483 ex
1019 418 1163 506 applica-

91 526 179 586 tione
201 513 357 600 principii
382 508 574 573 universalis
599 504 638 568 ad
663 504 898 588 proprietatem
919 513 1116 577 concretam,
1132 510 1164 564 et

93 598 324 689 particularem
346 590 486 656 alicuius
506 587 626 653 obiecti
645 587 667 648 ¹.

132 683 167 750 4⁰
190 676 351 745 Electioni
373 672 548 738 volontatis
569 669 664 765 plura
687 663 810 729 iudicia
832 661 1025 749 praecedere
1049 663 1161 727 solent.

91 768 160 831 lam
183 759 231 826 ex'
247 760 334 823 bisce
357 753 462 832 illud,
483 774 549 839 quo
573 748 778 823 intellectus,
800 746 925 810 cunctis
948 744 1094 821 libratis,
1119 755 1166 811 at-

92 868 156 933 que
179 841 353 926 expensis,
380 835 527 901 decernit
554 838 614 897 boc
638 827 766 895 taudem
795 825 980 911 eligendum
1009 848 1101 904 esse,
1123 826 1164 891 ad

93 929 283 993 electionem
316 919 491 984 voluntatis
525 912 713 979 immediate
751 911 942 987 concurrit,
963 928 1000 973 ac
1028 909 1164 995 proinde

92 1010 242 1075 ultimum
265 1012 399 1067 vocatur
412 1000 437 1061 ¹.

133 1089 169 1155 5⁰
192 1085 311 1161 Radix,
332 1084 401 1147 sire
423 1079 592 1145 subiectum
614 1072 773 1139 libertatis
795 1081 843 1137 est
863 1072 995 1156 quidem
1018 1073 1088 1156 ipsa
1111 1094 1167 1138 vo-

96 1175 201 1239 lontas
217 1170 242 1244 ³,
267 1187 341 1230 nam
363 1160 511 1228 voluntas
532 1155 725 1222 naturaliter
746 1174 810 1217 non
831 1152 1077 1231 determinetur,
1103 1156 1166 1222 nisi

95 1256 134 1321 ad
160 1254 281 1317 bonum
316 1264 511 1316 commune,
534 1260 572 1304 ac
593 1234 731 1322 proinde
764 1244 869 1383 potest
894 1256 934 1299 ex
956 1256 1012 1301 sua
1036 1246 1164 1315 natura,

94 1360 170 1403 neor
195 1358 230 1410 e,
253 1339 290 1395 ut
310 1327 418 1411 iuquit
439 1345 464 1390 s.
488 1322 645 1397 Thomas,
668 1341 686 1381 o
709 1318 798 1383 oola
820 1315 1086 1383 determinatione
1109 1342 1166 1387 na-

94 1358 193 1484 turali
219 1418 251 1480 in
266 1410 465 1476 contrarium
489 1401 708 1492 prohibente‘
732 1424 761 1477 o,
778 1398 819 1463 ad
840 1398 968 1465 diversa
992 1402 1169 1483 particula-

93 1504 146 1567 ria
169 1500 252 1564 bona
274 1492 366 1558 ferri.

136 1581 171 1647 o⁰
194 1584 237 1645 At
262 1573 381 1648 radix,
409 1569 594 1635 sivecausa
616 1562 814 1627 libertatis«
837 1574 886 1629 est
913 1562 1019 1640 ratio;
1042 1585 1084 1629 ex
1105 1566 1167 1633 hoc

96 1667 185 1729 enim
210 1659 356 1727 voluntas
384 1658 490 1738 potest
516 1648 549 1710 in
574 1644 701 1713 diverse
729 1643 834 1720 lerri,
856 1645 934 1728 quia
959 1652 1042 1710 ratio
1065 1660 1170 1732 potest

95 1746 216 1813 habere
238 1743 382 1807 diversas
403 1748 501 1797 conce
526 1728 631 1793 tiones
652 1726 729 1791 boni
744 1728 755 1763 ⁵
773 1747 802 1791 u:
820 1746 935 1811 nempe
958 1723 1032 1792 ideo
1053 1729 1170 1795 volun-

95 1843 145 1895 tas
166 1830 255 1893 circa
276 1822 360 1887 bona
380 1750 592 1904 particularia
613 1818 664 1874 est
684 1806 800 1885 libera,
823 1807 900 1892 quia
915 1806 1096 1877 intellectus
1113 1834 1172 1897 po-

96 1921 161 1977 test
180 1910 297 1981 libere,
320 1897 481 1993 sirehoc,
503 1891 555 1957 rel
578 1891 635 1955 rllo
658 1889 763 1986 modo,
786 1890 825 1954 de
848 1888 943 1955 bonis
961 1894 1171 2037 particulari-

96 1994 159 2060 bus
180 1991 338 2057 iudioare.
361 1982 447 2045 ilinc
470 1978 564 2069 homo
586 1993 650 2037 non
672 1992 734 2035 orsi
756 1994 799 2037 ex
819 1993 871 2050 eo,
893 1991 958 2055 quo
1003 1977 1171 2047 rationalis

98 2087 158 2151 est,
176 2074 325 2139 libertato
348 2061 468 2151 pollere
490 2056 610 2122 drcrtur
624 2056 649 2131 ⁰,
664 2063 696 2119 et
710 2054 884 2119 discrimen
907 2058 992 2119 inter
1006 2058 1079 2123 eius
1094 2078 1171 2144 ope·

97 2160 262 2229 rationes,
285 2160 317 2214 et
335 2143 541 2231 operationes
561 2137 756 2231 brutorum,
786 2145 881 2220 atque
903 2158 1014 2203 rerum
1035 2150 1172 2207 natura-

98 2240 180 2306 lium
203 2256 267 2301 oon
293 2228 355 2295 nisi
382 2224 417 2290 in
441 2244 481 2288 eo
501 2221 668 2313 consistit,
690 2218 776 2303 quod
802 2238 854 2285 res
876 2218 1040 2285 naturales
1069 2234 1171 2306 agunt

99 2324 220 2407 absque
243 2312 379 2385 iudicio,
402 2306 498 2370 bruta
519 2322 561 2367 ex
581 2298 707 2365 iudicio
730 2302 887 2376 naturali,
910 2312 942 2367 at
964 2323 1028 2367 noo
1051 2302 1170 2383 libero,

98 2405 247 2470 homines
268 2419 308 2463 ex
330 2388 452 2457 iudicio
474 2382 614 2449 libero¹.
632 2383 776 2449 Praestat
797 2381 973 2449 dilucidius
994 2386 1077 2451 banc
1099 2410 1170 2453 rem

98 2486 275 2574 explicare,
298 2493 416 2559 nempe
437 2466 574 2542 iudicia,
597 2484 680 2560 quae
703 2466 788 2531 ratio
809 2463 897 2530 circa
918 2467 1099 2551 operabilia
1122 2470 1174 2534 el-

99 2571 233 2642 iormat,
248 2581 318 2628 esse
342 2555 457 2622 libera.
473 2544 664 2641 Operabrlra
686 2556 760 2612 sunt
779 2546 913 2631 quidem
936 2548 1169 2636 contingentia.

101 2651 202 2737 Atqui
216 2643 398 2712 intellectus
420 2632 533 2726 libere·
542 2638 648 2694 exerit
670 2628 804 2705 iudicia,
819 2650 901 2726 quae
924 2642 1093 2698 versentur
1107 2634 1174 2699 cir-

101 2757 139 2799 oa
161 2722 401 2812 contingentia3
424 2736 496 2779 nam
523 2709 729 2790 intellectus,
754 2722 790 2776 ut
810 2711 973 2789 diximus,
996 2734 1038 2777 ex
1060 2717 1173 2780 termi-

100 2835 220 2881 norum
240 2801 481 2889 comparatione
500 2793 541 2859 do
560 2790 659 2861 rebus
682 2793 827 2870 iudicat,
850 2792 935 2861 unde
957 2816 1031 2860 curn
1054 2794 1173 2881 depre-

100 2893 215 2962 bendit
236 2887 457 2976 praedicatum
483 2873 524 2973 ed
544 2876 718 2971 essentiam
744 2875 883 2945 subiecti
911 2878 1095 2964 pertinere,
1119 2900 1175 2945 co-

126 2980 192 3044 itur
212 2974 291 3043 boc,
311 2977 345 3033 et
365 2984 428 3029 non
451 2961 514 3024 abo
535 2954 633 3021 modo
655 2954 823 3036 iudicare;
847 2981 864 3024 e
887 2960 1074 3037 contrario,
1098 2981 1173 3025 cum

103 3000 317 3145 deprehendit
338 3043 663 3147 praedicatumncum
696 3040 843 3107 subiecto
874 3040 959 3107 baud
992 3044 1176 3109 necessario

103 3136 275 3213 connecti,
299 3143 348 3197 uti
370 3134 480 3195 evenit
506 3143 541 3187 ru
562 3142 626 3200 us,
672 3142 792 3187 uorum
819 3124 955 3189 materia
981 3131 1030 3188 est
1051 3124 1177 3189 contiu-

105 3244 194 3309 gens,
218 3217 257 3283 ad
279 3211 437 3281 utramvis
461 3215 589 3299 partem
615 3142 772 3270 tudinem
800 3215 915 3291 potest.
940 3207 1027 3289 Ergo
1051 3203 1175 3270 iudicia

103 3308 190 3372 circe
211 3294 392 3386 operabilia
412 3297 488 3357 sunt
500 3284 605 3352 libera
618 3288 643 3350 ⁸.
660 3286 814 3354 Fatemur
834 3289 989 3355 ultimum
1013 3286 1177 3353 iudicium

145 3499 152 3534 r
175 3499 207 3547 pn·
223 3514 250 3556 ρ,
273 3498 336 3547 155,
356 3492 410 3531 ..ἓ
430 3495 479 3557 Qq.
498 3494 596 3554 dtspp„
618 3492 658 3539 De
685 3491 755 3547 Ver..
776 3505 804 3554 q.
825 3486 897 3551 xvt,
917 3505 944 3541 a.
969 3494 978 3542 l
1002 3494 1034 3543 ad
1057 3494 1100 3545 lli.

141 3567 210 3619 ‘epe
230 3570 270 3629 ευ,
291 3584 318 3630 q,
340 3563 424 3618 xvtt.
445 3579 472 3613 a.
495 3565 506 3613 t
528 3563 561 3611 ad
581 3558 660 3613 2.-l
682 3564 770 3613 contr.
793 3563 880 3621 (lent,
900 3562 1087 3625 northern,
1108 3570 1177 3620 mil.

108 3643 211 3710 quoa·
232 3638 415 3692 norrun-s
436 3634 457 3697 ι,
478 3650 505 3700 q.
527 3628 670 3691 Lxxxttt,
692 3647 719 3685 a.
744 3635 751 3684 ι
776 3634 866 3686 c.-⁷
887 3636 1014 3687 roro-³
1037 3638 1100 3689 rora.
