2475 3909
376 182 560 228 ruuosoars
585 181 772 228 ttnrvnsuts
1006 164 1062 228 itt

43 279 94 333 est
123 263 299 331 absurdum
320 276 458 364 spstema
479 266 660 412 theologiae
676 265 894 339 Christianae,
910 264 996 350 quod
1012 267 1108 329 ratio·

43 347 201 413 nollemus
221 347 316 412 theoto
335 370 403 412 seue
424 358 569 413 roratur.
621 349 819 415 autheismus
833 346 935 432 igitur
949 347 989 412 ad
1009 349 1107 414 ratio·

44 430 220 494 nalismum
242 365 459 516 theologicum
481 428 570 495 ducit
586 431 608 494 ¹.

85 511 121 574 2⁰
144 511 351 587 Quinimmo
372 513 591 600 pantheismus
613 512 742 577 uounisi
764 510 905 575 larvatus
932 510 1108 576 atheismus

43 604 106 669 est,
132 615 169 658 ac
213 593 329 658 roiude
351 615 480 660 omnem
501 595 705 681 religionem,
726 594 822 660 etiam
839 595 1030 668 naturalem,
1054 592 1109 657 de-

45 677 157 743 struit.
222 697 261 740 ne
286 676 371 741 idem
393 687 442 743 est
463 677 568 740 Deum
591 697 720 762 negare,
741 697 777 740 ao
794 674 885 740 illum
899 676 999 743 veluti
1015 674 1109 762 quid-

45 758 121 823 dam
143 780 184 823 ex
205 761 365 843 oppositis
386 758 598 845 qualitatibus
619 769 777 834 constans,
794 769 850 823 aut
863 757 1016 842 quiddam
1039 757 1111 822 alis-

45 851 211 917 traatum,
233 840 321 925 quod
349 863 391 906 ex
413 845 600 907 necessitate
621 863 655 905 se
677 840 813 914 evolvit,
835 853 867 906 et
888 840 974 926 quod
998 842 1031 908 iu
1052 843 1110 906 ho-

46 925 137 987 mine
159 943 193 985 se
214 925 355 988 maxime
378 922 576 1001 manifestat,
599 923 782 992 admittere.
808 921 894 987 [leus
922 935 1030 989 autem
1053 927 1110 989 hu-

48 1003 188 1150 iusrpodi
203 1015 299 1125 2certe
322 1004 441 1070 nullam
458 1007 684 1081 reverentiam,
700 1016 731 1072 et
746 1004 871 1070 nullum
887 1026 1030 1072 amorem
1045 1005 1107 1071 sibi

43 1088 102 1154 riu
128 1089 192 1154 icat
220 1137 228 1151 .

87 1167 122 1235 3⁰
144 1170 346 1236 Pantheistae
369 1170 550 1234 animarum
571 1165 847 1237 immortalitatem
862 1179 918 1234 aut
933 1179 1043 1256 aperte
1061 1170 1112 1233 in-

46 1251 210 1328 ficiantur,
234 1262 290 1317 aut
310 1272 456 1316 sermone
478 1253 631 1325 retinent,
654 1273 690 1316 re
715 1262 820 1318 autem
849 1251 974 1317 tollunt.
998 1253 1040 1318 Et
1062 1273 1112 1315 sa-

46 1355 100 1406 ue,
124 1333 179 1399 alii
203 1336 326 1399 animas
350 1336 395 1398 ita
415 1332 456 1399 ali
472 1338 566 1399 unica
582 1333 759 1400 substantia
783 1333 972 1418 absorptum
995 1335 1039 1399 iri
1060 1353 1111 1398 ar·

48 1415 222 1491 bia-antur,
245 1426 282 1481 ut
304 1414 519 1501 personalem,
535 1427 567 1481 et
581 1414 784 1480 individuam
800 1415 1003 1481 existentiam
1021 1437 1112 1501 pror-

47 1519 102 1562 sus
125 1500 297 1572 amittant,
321 1499 370 1562 uti
392 1519 469 1584 prae
495 1499 631 1564 caeteris
654 1498 910 1582 schellingiani,
932 1507 965 1564 et
986 1498 1113 1581 Heghe-

48 1581 147 1655 liani3
170 1580 226 1645 alii
249 1579 394 1655 iamlam,
417 1589 450 1645 et
470 1599 646 1664 numquam
662 1579 837 1646 desituram
862 1581 893 1643 in
916 1581 1021 1644 varias
1047 1578 1113 1643 lor·

48 1683 119 1727 mas
134 1665 438 1728 transmutationum
453 1663 571 1727 seriem
583 1663 721 1746 singulis
737 1658 923 1728 homiuibus
936 1663 1110 1746 assignant,

48 1746 98 1809 uti
121 1746 371 1822 Sansimoniani‚
394 1745 585 1820 Kreusiani,
607 1756 639 1809 et
659 1745 904 1819 Fourieristae3
927 1763 1037 1808 omnes
1058 1742 1113 1808 de·

48 1827 148 1912 nique
172 1828 203 1892 in
226 1849 266 1892 eo
288 1828 500 1901 conveniunt,
523 1825 608 1910 quod
632 1845 741 1891 omnes
764 1825 910 1892 homines
931 1826 999 1890 sive
1022 1825 1110 1900 boni,

49 1910 118 1975 siue
141 1908 218 1974 mali
241 1908 349 1974 eidem
372 1908 440 1974 lato
462 1908 683 1974 subiicientur
698 1909 720 1971 ⁸.

399 2049 726 2061 *ou——

85 2110 98 2152 ¹
117 2111 193 2167 Certe
212 2116 331 2179 qrrisquis
349 2114 475 2181 spinosae
496 2120 640 2170 Tractatum
658 2119 954 2181 theologiae-politicum,
974 2124 1001 2170 et
1014 2121 1115 2182 spisso·

47 2191 90 2239 las
107 2189 142 2237 ad
161 2189 358 2252 Oldenharptam
377 2195 478 2240 attente
498 2192 580 2254 legit,
606 2204 658 2240 nou
685 2191 789 2253 potuit,
811 2193 874 2254 quin
893 2192 1114 2243 animadverteret

49 2260 239 2323 Philosophum
264 2261 408 2312 hebraeam
433 2263 498 2313 uihtl
524 2265 550 2313 tn
576 2260 663 2312 Sacris
688 2259 831 2326 seripturis
858 2266 1014 2325 agnovisse,
1043 2265 1114 2328 quod

49 2336 119 2384 vires
137 2333 269 2383 humanae
289 2336 398 2384 rationis
418 2335 669 2398 praetergrediatur,
689 2341 716 2384 et
735 2336 879 2398 praecipua
904 2341 1046 2400 systemata
1072 2351 1114 2388 rs-

50 2406 194 2456 tionatismi
213 2405 367 2469 theotugtot,
381 2420 450 2470 qaae
469 2409 564 2470 nuperi
583 2403 772 2458 listionaltstee
791 2403 949 2459 Germaniae
972 2409 1037 2459 adea
1056 2423 1115 2470 pro-

51 2483 208 2536 moverant,
230 2478 368 2529 tradidisse
386 2475 446 2544 (lle
465 2480 645 2530 rationsltsmo
664 2479 812 2543 theologica
832 2477 978 2543 Spiuosse,
1004 2481 1115 2545 eiusque

50 2551 160 2601 dirersis
179 2551 273 2609 modis,
295 2551 325 2600 el
341 2553 379 2603 La
397 2554 506 2604 Susura
524 2567 538 2603 s
556 2553 583 2602 la
596 2554 661 2602 reae
672 2579 705 2589 -
715 2553 825 2616 spinosa
846 2555 882 2602 et
894 2555 1010 2604 moderni
1027 2557 1114 2604 rasio-

49 2623 245 2676 ualisti-rol.
266 2617 310 2682 ll,
331 2638 356 2687 p.
378 2625 462 2685 stt,
481 2630 555 2687 etp.
575 2623 716 2684 ast-uos,
736 2625 789 2675 rol.
810 2621 868 2681 xi,
889 2639 916 2688 p.
939 2625 1067 2684 tto—tit,
1088 2631 1115 2676 et

50 2713 76 2761 p.
97 2693 227 2749 sor-sia,
249 2694 301 2744 rol.
323 2691 394 2757 xiv,
415 2711 441 2758 p.
462 2695 592 2752 tostis,
611 2692 705 2759 Nepoti
727 2693 916 2763 tait-test).
938 2693 973 2746 lle
993 2693 1115 2757 Fiehtso,

50 2765 209 2828 schellingio
221 2772 248 2815 et
261 2763 398 2831 lleghello,
413 2769 458 2833 qai
478 2769 674 2832 pantheismum
694 2769 742 2819 sah
761 2769 871 2818 dirersis
891 2768 984 2819 iormls
1003 2769 1112 2832 professi

50 2845 129 2898 sunt,
149 2838 269 2888 dubitare
289 2841 388 2889 nemini
408 2843 479 2900 itaet,
499 2855 561 2891 uam
582 2840 641 2890 ilios
660 2840 762 2890 diversa
783 2844 926 2904 systemata
940 2842 1115 2893 rsttonaltsmi

50 2911 191 2975 theologia
210 2922 242 2960 ex
261 2913 382 2969 instituto
400 2926 590 2976 propugnasse,
610 2914 761 2976 multosque
787 2912 921 2976 theologos
940 2918 1117 2976 protestantes

50 2984 207 3040 Germsalae
224 2983 258 3032 ad
277 2997 305 3033 se
324 2986 481 3047 pertraxisse
499 2988 666 3050 exploratum
680 2987 802 3035 omnibns
821 2986 865 3034 stt.
886 2981 921 3036 Cl
942 2982 1032 3036 Barth.
1053 2983 1119 3038 titt-

50 3069 144 3113 rauso,
163 3069 234 3105 uuna
252 3052 350 3107 limum
370 3054 514 3116 cardinal„
535 3055 696 3122 Episcopum
717 3053 837 3116 Celsen,
856 3062 883 3108 et
901 3054 1061 3120 Thesueus„
1082 3061 1117 3110 O·

48 3129 150 3199 passeoli
167 3129 382 3192 ualogiro-hihliai
399 3142 457 3181 eoo.
478 3126 561 3182 lloms
583 3130 662 3181 tatu.

86 3205 98 3241 ²
116 3200 236 3252 Praestat
255 3201 402 3251 illationem
422 3203 500 3253 istam
519 3203 561 3253 his
574 3199 605 3252 Ι).
622 3201 759 3266 Augustini
779 3203 865 3253 rerhis
882 3203 1038 3254 enuaelsre:
1061 3199 1117 3254 «st

52 3279 142 3331 anias,
161 3272 333 3338 eiusdemque
353 3274 515 3326 substantiae
536 3269 655 3331 Creator,
675 3280 703 3324 et
721 3280 843 3324 ereatura
858 3282 938 3333 esset,
959 3289 1011 3326 nou
1030 3287 1120 3338 repre-

52 3348 250 3404 henderentur,
275 3348 336 3409 quia
356 3347 502 3397 servierunt
521 3353 662 3396 creaturae
686 3349 782 3410 potius,
802 3361 883 3410 utrem
903 3342 1032 3406 creatora
1053 3361 1119 3411 quo·

51 3426 122 3476 niam
142 3418 302 3481 ouioamqae
322 3421 482 3478 servissent,
502 3419 535 3468 sh
561 3420 653 3469 eadem
674 3425 780 3477 ustura,
799 3425 880 3484 atque
900 3421 1045 3470 substantie
1066 3433 1118 3469 nou

52 3491 222 3548 recessissent
245 3507 269 3543 rr
291 3492 385 3540 Contra
404 3493 577 3542 Serrsudiussm
596 3493 788 3553 Mantehusum,
808 3507 834 3543 a.
857 3493 882 3544 7.
903 3489 964 3546 Vid.
980 3493 1060 3545 etiam
1082 3493 1120 3544 lis

53 3573 106 3624 fre.
127 3563 185 3617 oet.
206 3560 253 3612 tit.
275 3559 321 3622 tv,
341 3577 367 3618 a.
389 3563 433 3617 ts.

87 3633 154 3694 tei
168 3634 336 3703 esturmi..
356 3649 382 3689 a.
403 3632 450 3697 tx,
470 3649 496 3688 s.
521 3635 546 3697 l,
566 3649 593 3703 p.
615 3634 669 3689 ers
690 3649 750 3706 sqq.
