2475 3909
153 139 211 204 154
540 159 742 208 cosuouonm

110 235 252 302 mundus
274 236 457 318 conflatur,
481 242 536 306 sed
559 243 657 308 etiam
685 243 769 305 iuter
796 249 902 325 partes
929 239 1101 323 organicas
1129 258 1189 302 cu-

109 317 244 384 iuslibet
265 322 405 387 viventis
426 325 628 410 conspicitur
646 323 670 385 ¹.
693 323 729 386 ln
752 322 802 388 his
822 325 937 398 euim,
962 323 1011 386 uti
1033 343 1052 385 a
1073 320 1188 384 Blain·

110 400 232 466 ville0¹
246 399 499 470 demonstratum
522 416 581 480 est,
596 406 726 491 singula
748 424 868 488 organa
891 403 932 468 ad
953 404 1082 469 easdem
1106 423 1188 487 ope-

110 483 253 548 rationes
276 487 308 548 iu
331 485 444 552 eadem
466 491 574 573 specie
602 486 828 564 destinantur,
854 496 951 572 atque
973 488 1016 551 ita
1040 487 1131 552 iuter
1151 505 1187 548 se

109 576 360 660 connectuntur,
383 580 419 635 ut
440 573 591 656 integer,
617 569 846 656 perfectusque
867 569 1075 655 organismos
1106 569 1185 631 inde

109 658 239 712 existat.

153 729 221 796 135.
246 730 298 792 Ex
319 753 358 796 eo
381 745 514 809 autem,
536 731 622 818 quod
647 755 750 799 nexus
771 732 885 796 linium
909 734 993 797 iuter
1013 753 1068 795 res
1091 751 1185 794 mun

108 807 209 876 dauns
225 813 347 892 existit,
372 815 475 889 illud,
498 829 663 899 tamquam
686 814 919 890 corollarium,
945 814 1186 898 consequitur,

111 913 161 956 res
185 893 362 961 mundanas
377 897 416 962 ad
432 899 562 962 unicam
578 917 709 964 causam
724 898 864 974 finalem,
885 917 968 982 quae
981 907 1076 961 extra
1091 917 1188 959 mun·

109 975 189 1040 dum
213 985 272 1049 est,
295 979 427 1044 referri.
444 982 484 1045 Et
500 1001 587 1052 sane,
613 1002 665 1045 res
688 979 869 1045 mundanae
890 1000 978 1045 nexu
1001 976 1122 1044 finium
1139 979 1186 1040 in·

112 1069 215 1122 terso
238 1073 476 1127 connectuntur
497 1085 538 1128 ex
563 1088 614 1140 eo,
640 1062 727 1148 quod
751 1071 826 1127 suut
847 1071 955 1146 partes
976 1062 1076 1126 unius
1098 1060 1186 1123 entis

109 1140 298 1225 compositi,
323 1165 438 1229 nempe
460 1145 583 1213 muudi.
608 1147 710 1231 Atqui
732 1163 843 1208 omnes
866 1153 973 1229 partes
992 1144 1079 1209 entis
1098 1159 1188 1205 com-

112 1221 208 1307 positi
228 1219 267 1283 atl
284 1224 428 1290 eiusdem
445 1229 528 1291 entis
543 1228 713 1313 compositi
728 1224 837 1300 linem,
860 1225 918 1309 qui
945 1225 1078 1289 nonnisi
1102 1243 1187 1288 unus

109 1325 181 1368 esse
203 1316 323 1390 potest,
347 1308 584 1393 assequendum
608 1317 817 1375 concurrunt.
831 1309 920 1391 Ergo
935 1327 984 1370 res
1000 1305 1187 1371 mundanae

110 1408 152 1451 ex
174 1410 235 1466 eo,
262 1389 349 1474 quod
372 1412 430 1476 per
452 1413 572 1456 nexum
595 1392 711 1456 finium
740 1410 875 1454 suorum
904 1390 991 1453 inter
1011 1409 1045 1452 se.
1067 1408 1188 1452 conue-

110 1479 265 1550 ctantur,
289 1473 328 1536 ad
353 1475 481 1536 unicam
514 1495 647 1538 causam
680 1471 809 1536 liualem
838 1469 952 1534 mundi
981 1469 1185 1535 referuntur.

111 1550 199 1616 llaec
220 1564 330 1618 autem
353 1568 444 1619 extra
468 1555 576 1640 ipsum
600 1553 758 1618 mundum
773 1553 915 1618 existere
929 1551 1038 1628 debet,
1055 1553 1138 1637 quia
1155 1553 1186 1614 in

112 1633 210 1700 rebus
232 1637 349 1702 creatis
372 1636 445 1701 linis
467 1648 557 1701 extra
580 1658 665 1714 rem,
687 1637 781 1700 cuius
802 1645 850 1700 est
872 1633 955 1712 linis,
979 1634 1184 1700 iuvenitur⁸.

237 1773 305 1826 Aur.
322 1771 368 1826 tv.
384 1803 417 1813 -
432 1773 468 1824 Dc
488 1778 579 1825 ordine
600 1781 722 1830 naturae,
742 1779 769 1822 et
789 1775 904 1836 primum
924 1773 1058 1837 quaedam

366 1849 439 1898 circa
461 1850 546 1911 ipsum
569 1851 689 1897 notiones
709 1847 923 1910 praestituuntur

152 1965 327 2049 Postquam
350 1986 460 2030 rerum
484 1963 719 2030 mundanarum
743 1983 863 2026 nexum
884 1963 1124 2047 exposuimus,
1147 1963 1184 2027 de

110 2047 219 2112 ordino
251 2058 406 2123 naturae,
434 2044 526 2111 etde
549 2046 680 2128 lepidus,
702 2043 824 2139 'quibus
852 2043 907 2108 ille
928 2042 1008 2108 ordo
1040 2046 1186 2109 contiue-

112 2137 178 2206 tur,
202 2127 397 2192 disseramus
419 2138 570 2212 oportet;
596 2150 670 2192 uam
694 2126 755 2189 ursi
780 2147 830 2189 res
852 2124 1033 2189 mundanae
1059 2127 1093 2189 in
1117 2129 1186 2190 uni·

112 2211 269 2275 versalem
293 2209 440 2276 ordinem
463 2219 715 2284 concurrerent,
739 2208 872 2270 unicum
896 2205 1007 2270 mundi
1031 2218 1183 2292 systema,

111 2293 158 2356 uti
182 2301 255 2356 aute
279 2291 459 2367 innuimus,
482 2293 592 2356 exeis
614 2290 698 2356 haud
721 2289 961 2353 efformaretur.
984 2289 1020 2352 ln
1043 2300 1186 2355 auteces-

112 2396 185 2438 sum
207 2395 225 2437 e
247 2394 281 2437 re
303 2383 352 2438 est
374 2373 529 2457 quasdam
554 2375 702 2438 notiones
725 2371 905 2455 explicare.

154 2455 221 2521 136.
246 2455 317 2518 Vox
338 2466 491 2532 naturae,
515 2468 612 2541 prout
633 2455 687 2518 hic
708 2450 904 2528 adhibetur,
933 2460 1032 2515 totam
1055 2453 1185 2518 unirer-

113 2538 240 2603 sitatem
263 2558 374 2601 rerum
397 2549 579 2603 creatarum
602 2533 763 2620 siguificat
778 2537 801 2596 ⁴.

153 2619 308 2684 Naturale
330 2619 452 2686 dicitur
474 2620 554 2685 illud
574 2668 582 2697 ,
605 2615 693 2703 quod
720 2616 861 2702 pertinet
892 2613 932 2678 ad
966 2614 1184 2681 conditionem

150 2824 158 2860 l
179 2817 215 2874 Cl'
230 2837 252 2872 s.
273 2818 354 2885 Aug„
377 2825 466 2873 contr.
487 2823 597 2870 Adrion.
621 2822 704 2882 Lepte,
725 2828 748 2869 et
768 2822 878 2884 Propo„
899 2822 947 2871 lib.
970 2819 990 2879 l,
1011 2837 1037 2871 e.
1059 2824 1088 2878 li,
1110 2839 1138 2872 n.
1159 2825 1184 2874 9.

150 2895 162 2932 ²
181 2896 359 2946 Dtotr'onnnt'ra
378 2897 422 2942 der
441 2897 553 2942 rotenaer
570 2894 720 2949 aeterniter,
741 2890 824 2954 Supp,
844 2898 866 2943 t.
887 2892 909 2952 l,
929 2899 981 2943 art.
1000 2898 1122 2945 Animal.

151 2965 220 3017 ⁸Dc
240 2967 290 3016 hac
311 2981 339 3016 re
360 2966 466 3014 uberius
487 2966 513 3013 in
534 2965 668 3026 ereolopr'o
686 2967 812 3014 noturott.

149 3039 163 3078 ⁴
182 3034 283 3089 Nomen
302 3045 422 3094 naturae,
444 3041 473 3085 ut
492 3037 606 3086 diximus
626 3039 652 3084 in
672 3038 808 3100 Outotopr'a
826 3033 865 3103 (a.
888 3034 920 3095 ll,
941 3050 967 3086 a.
990 3039 1016 3093 l,
1037 3052 1065 3100 p.
1089 3037 1145 3104 13),
1164 3041 1185 3088 si

114 3115 206 3164 stricte
225 3111 387 3172 accipiatur,
406 3109 514 3158 denotat
532 3109 676 3157 essentiam
695 3110 743 3165 rei,
758 3115 838 3170 prout
848 3115 890 3159 est
904 3110 1064 3172 priuciplurn
1078 3123 1185 3161 auarum

113 3183 308 3247 operationum.
325 3180 460 3231 interdum
482 3193 578 3230 nomen
597 3188 706 3230 naturae
718 3180 860 3232 adhibetur
872 3196 925 3232 nou
937 3182 970 3230 ad
988 3182 1185 3244 significandam

114 3257 220 3317 propria
239 3255 382 3303 essentiam
402 3254 457 3309 ret,
477 3257 557 3314 prout
575 3255 616 3302 est
635 3253 795 3315 principium
814 3256 1016 3317 operationum,
1036 3255 1082 3303 sed
1103 3257 1136 3305 ad
1154 3257 1186 3303 si·

114 3325 290 3387 gntfloandam
310 3325 394 3387 ipram
414 3325 469 3374 rim
488 3323 637 3384 operandi,
661 3338 731 3385 quae
758 3326 837 3375 rebus
862 3325 1029 3375 naturalibus
1048 3326 1129 3376 insita
1147 3331 1185 3377 est

113 3391 194 3461 (Cla.
209 3391 316 3452 Thoan..
332 3393 353 3453 l,
367 3409 383 3458 q
397 3389 477 3453 CXV,
498 3407 524 3443 a.
539 3393 554 3442 Ξ
571 3389 623 3462 e).
644 3391 700 3444 lloo
714 3409 791 3446 sensu
810 3399 909 3448 dicitnr
927 3397 1058 3447 medicina
1079 3399 1185 3448 adiura-

115 3478 143 3514 re
163 3471 294 3515 naturam.
314 3463 509 3528 Nonnunquam
530 3473 673 3526 ustrrpatnr
691 3469 819 3517 etiamad
834 3470 1185 3531 significandaseausarna-

116 3535 228 3589 tarates,
248 3540 326 3592 prout
345 3537 395 3585 hae
415 3549 461 3598 per
481 3538 682 3598 propensionem
696 3539 745 3586 sibi
761 3541 867 3592 inritam
879 3542 980 3608 aliquid
999 3547 1094 3608 agunt,
1108 3555 1135 3591 e.
1148 3557 1183 3612 p,

116 3616 179 3659 autu
199 3602 307 3654 diuitum
326 3607 427 3659 Natura
446 3607 512 3658 etant
528 3608 631 3674 [rastro
650 3611 763 3663 rnolttau.

7 3809 119 3842 A—d
