<?xml version="1.0" encoding="UTF-8"?>
<!DOCTYPE html PUBLIC "-//W3C//DTD XHTML 1.0 Transitional//EN"
    "http://www.w3.org/TR/xhtml1/DTD/xhtml1-transitional.dtd">
<html xmlns="http://www.w3.org/1999/xhtml" xml:lang="en" lang="en">
 <head>
  <title>
</title>
<meta http-equiv="Content-Type" content="text/html;charset=utf-8" />
  <meta name='ocr-system' content='tesseract 3.04.00' />
  <meta name='ocr-capabilities' content='ocr_page ocr_carea ocr_par ocr_line ocrx_word'/>
</head>
<body>
  <div class='ocr_page' id='page_1' title='image "./philosophiachri00sansgoog_0179.png"; bbox 0 0 2475 3909; ppageno 0'>
   <div class='ocr_carea' id='block_1_1' title="bbox 492 181 1109 272">
    <p class='ocr_par' dir='ltr' id='par_1_1' title="bbox 492 181 1109 272">
     <span class='ocr_line' id='line_1_1' title="bbox 492 181 1109 272; baseline 0.01 -29"><span class='ocrx_word' id='word_1_1' title='bbox 492 192 724 272; x_wconf 77' lang='lat' dir='ltr'><strong>nunanrtooia</strong></span> <span class='ocrx_word' id='word_1_2' title='bbox 1049 181 1109 250; x_wconf 76' lang='lat' dir='ltr'><strong>tuti</strong></span> 
     </span>
    </p>
   </div>
   <div class='ocr_carea' id='block_1_2' title="bbox 75 280 1149 1348">
    <p class='ocr_par' dir='ltr' id='par_1_2' title="bbox 75 280 1149 1348">
     <span class='ocr_line' id='line_1_2' title="bbox 83 280 1149 366; baseline 0.002 -18"><span class='ocrx_word' id='word_1_3' title='bbox 83 282 218 363; x_wconf 77' lang='lat' dir='ltr'><strong>scibilia,</strong></span> <span class='ocrx_word' id='word_1_4' title='bbox 240 282 357 359; x_wconf 84' lang='lat' dir='ltr'><strong>brutis,</strong></span> <span class='ocrx_word' id='word_1_5' title='bbox 381 288 476 366; x_wconf 88' lang='lat' dir='ltr'><strong>atque</strong></span> <span class='ocrx_word' id='word_1_6' title='bbox 499 282 698 361; x_wconf 90' lang='lat' dir='ltr'><strong>hominihus,</strong></span> <span class='ocrx_word' id='word_1_7' title='bbox 714 292 752 350; x_wconf 92' lang='lat' dir='ltr'><strong>ut</strong></span> <span class='ocrx_word' id='word_1_8' title='bbox 766 284 831 347; x_wconf 91' lang='lat' dir='ltr'><strong>iam</strong></span> <span class='ocrx_word' id='word_1_9' title='bbox 853 280 1000 347; x_wconf 76' lang='lat' dir='ltr'>diximus</span> <span class='ocrx_word' id='word_1_10' title='bbox 1016 284 1040 362; x_wconf 78' lang='lat'><strong>⁴,</strong></span> <span class='ocrx_word' id='word_1_11' title='bbox 1063 307 1149 350; x_wconf 89' lang='lat' dir='ltr'><strong>com-</strong></span> 
     </span>
     <span class='ocr_line' id='line_1_3' title="bbox 81 363 1149 440; baseline 0.003 -12"><span class='ocrx_word' id='word_1_12' title='bbox 81 367 188 430; x_wconf 87' lang='lat' dir='ltr'><strong>munis</strong></span> <span class='ocrx_word' id='word_1_13' title='bbox 210 374 269 430; x_wconf 87' lang='lat' dir='ltr'><strong>est.</strong></span> <span class='ocrx_word' id='word_1_14' title='bbox 293 368 455 439; x_wconf 75' lang='lat' dir='ltr'><strong>Attamen,</strong></span> <span class='ocrx_word' id='word_1_15' title='bbox 502 375 575 429; x_wconf 89' lang='lat' dir='ltr'><strong>rout</strong></span> <span class='ocrx_word' id='word_1_16' title='bbox 598 365 631 428; x_wconf 91' lang='lat' dir='ltr'><strong>in</strong></span> <span class='ocrx_word' id='word_1_17' title='bbox 653 363 838 430; x_wconf 88' lang='lat' dir='ltr'><strong>hominihus</strong></span> <span class='ocrx_word' id='word_1_18' title='bbox 853 374 912 440; x_wconf 90' lang='lat' dir='ltr'><strong>est,</strong></span> <span class='ocrx_word' id='word_1_19' title='bbox 929 366 1067 430; x_wconf 89' lang='lat' dir='ltr'><strong>rationis</strong></span> <span class='ocrx_word' id='word_1_20' title='bbox 1089 370 1149 433; x_wconf 91' lang='lat' dir='ltr'><strong>im-</strong></span> 
     </span>
     <span class='ocr_line' id='line_1_4' title="bbox 81 385 1146 531; baseline -0.001 -19"><span class='ocrx_word' id='word_1_21' title='bbox 81 449 172 530; x_wconf 89' lang='lat' dir='ltr'><strong>perio</strong></span> <span class='ocrx_word' id='word_1_22' title='bbox 195 445 359 522; x_wconf 57' lang='lat' dir='ltr'><strong>subditum</strong></span> <span class='ocrx_word' id='word_1_23' title='bbox 383 385 545 529; x_wconf 65' lang='lat' dir='ltr'><strong>siquidem</strong></span> <span class='ocrx_word' id='word_1_24' title='bbox 567 445 709 530; x_wconf 76' lang='lat' dir='ltr'>quilibet</span> <span class='ocrx_word' id='word_1_25' title='bbox 729 447 762 510; x_wconf 92' lang='lat' dir='ltr'><strong>iu</strong></span> <span class='ocrx_word' id='word_1_26' title='bbox 784 447 892 531; x_wconf 88' lang='lat' dir='ltr'><strong>seipso</strong></span> <span class='ocrx_word' id='word_1_27' title='bbox 912 448 1092 531; x_wconf 82' lang='lat' dir='ltr'><strong>experitur,</strong></span> <span class='ocrx_word' id='word_1_28' title='bbox 1115 471 1146 514; x_wconf 89' lang='lat' dir='ltr'><strong>e.</strong></span> 
     </span>
     <span class='ocr_line' id='line_1_5' title="bbox 79 526 1149 610; baseline 0.001 -18"><span class='ocrx_word' id='word_1_29' title='bbox 79 547 123 610; x_wconf 66' lang='lat' dir='ltr'><strong>g„</strong></span> <span class='ocrx_word' id='word_1_30' title='bbox 148 530 231 592; x_wconf 87' lang='lat' dir='ltr'><strong>iram</strong></span> <span class='ocrx_word' id='word_1_31' title='bbox 253 548 295 592; x_wconf 79' lang='lat' dir='ltr'><strong>ex</strong></span> <span class='ocrx_word' id='word_1_32' title='bbox 316 526 454 590; x_wconf 80' lang='lat' dir='ltr'><strong>diversis</strong></span> <span class='ocrx_word' id='word_1_33' title='bbox 477 529 611 592; x_wconf 85' lang='lat' dir='ltr'><strong>rationis</strong></span> <span class='ocrx_word' id='word_1_34' title='bbox 634 529 806 592; x_wconf 89' lang='lat' dir='ltr'><strong>momentis</strong></span> <span class='ocrx_word' id='word_1_35' title='bbox 827 527 997 604; x_wconf 85' lang='lat' dir='ltr'><strong>concitari,</strong></span> <span class='ocrx_word' id='word_1_36' title='bbox 1018 529 1069 598; x_wconf 83' lang='lat' dir='ltr'><strong>vel</strong></span> <span class='ocrx_word' id='word_1_37' title='bbox 1092 551 1149 594; x_wconf 87' lang='lat' dir='ltr'><strong>au-</strong></span> 
     </span>
     <span class='ocr_line' id='line_1_6' title="bbox 79 607 1145 705; baseline 0.001 -32"><span class='ocrx_word' id='word_1_38' title='bbox 79 612 146 692; x_wconf 82' lang='lat' dir='ltr'><strong>geri</strong></span> <span class='ocrx_word' id='word_1_39' title='bbox 179 609 232 674; x_wconf 84' lang='lat' dir='ltr'><strong>vel</strong></span> <span class='ocrx_word' id='word_1_40' title='bbox 264 609 433 705; x_wconf 85' lang='lat' dir='ltr'><strong>comprimi</strong></span> <span class='ocrx_word' id='word_1_41' title='bbox 448 611 473 671; x_wconf 78' lang='lat'><strong>².</strong></span> <span class='ocrx_word' id='word_1_42' title='bbox 506 607 579 686; x_wconf 78' lang='lat' dir='ltr'><strong>Qua</strong></span> <span class='ocrx_word' id='word_1_43' title='bbox 605 620 716 696; x_wconf 90' lang='lat' dir='ltr'><strong>ropter</strong></span> <span class='ocrx_word' id='word_1_44' title='bbox 747 607 935 674; x_wconf 87' lang='lat' dir='ltr'><strong>huiusmodi</strong></span> <span class='ocrx_word' id='word_1_45' title='bbox 968 613 1145 694; x_wconf 89' lang='lat' dir='ltr'><strong>appetitus,</strong></span> 
     </span>
     <span class='ocr_line' id='line_1_7' title="bbox 79 690 1148 776; baseline -0.001 -22"><span class='ocrx_word' id='word_1_46' title='bbox 79 701 176 771; x_wconf 89' lang='lat' dir='ltr'><strong>prout</strong></span> <span class='ocrx_word' id='word_1_47' title='bbox 204 692 237 754; x_wconf 87' lang='lat' dir='ltr'><strong>in</strong></span> <span class='ocrx_word' id='word_1_48' title='bbox 266 691 396 755; x_wconf 90' lang='lat' dir='ltr'><strong>homme</strong></span> <span class='ocrx_word' id='word_1_49' title='bbox 419 701 492 767; x_wconf 89' lang='lat' dir='ltr'><strong>est,</strong></span> <span class='ocrx_word' id='word_1_50' title='bbox 515 690 565 753; x_wconf 85' lang='lat' dir='ltr'><strong>ohe</strong></span> <span class='ocrx_word' id='word_1_51' title='bbox 587 694 653 755; x_wconf 74' lang='lat' dir='ltr'><strong>iens</strong></span> <span class='ocrx_word' id='word_1_52' title='bbox 674 693 793 756; x_wconf 82' lang='lat' dir='ltr'><strong>rutioai</strong></span> <span class='ocrx_word' id='word_1_53' title='bbox 805 737 813 767; x_wconf 92' lang='lat'><strong>,</strong></span> <span class='ocrx_word' id='word_1_54' title='bbox 836 702 868 756; x_wconf 88' lang='lat' dir='ltr'><strong>at</strong></span> <span class='ocrx_word' id='word_1_55' title='bbox 891 711 932 755; x_wconf 89' lang='lat' dir='ltr'><strong>ue</strong></span> <span class='ocrx_word' id='word_1_56' title='bbox 950 693 1148 776; x_wconf 81' lang='lat' dir='ltr'><strong>participare</strong></span> 
     </span>
     <span class='ocr_line' id='line_1_8' title="bbox 77 711 1148 857; baseline 0.004 -25"><span class='ocrx_word' id='word_1_57' title='bbox 77 773 258 856; x_wconf 78' lang='lat' dir='ltr'><strong><em>aliqualiter</em></strong></span> <span class='ocrx_word' id='word_1_58' title='bbox 279 770 447 836; x_wconf 80' lang='lat' dir='ltr'><strong>libertatem</strong></span> <span class='ocrx_word' id='word_1_59' title='bbox 475 773 647 836; x_wconf 78' lang='lat' dir='ltr'><strong>uoluntatis</strong></span> <span class='ocrx_word' id='word_1_60' title='bbox 671 773 794 838; x_wconf 77' lang='lat' dir='ltr'><strong>(licitur</strong></span> <span class='ocrx_word' id='word_1_61' title='bbox 808 775 831 835; x_wconf 74' lang='lat'><strong>³,</strong></span> <span class='ocrx_word' id='word_1_62' title='bbox 854 711 937 837; x_wconf 77' lang='lat' dir='ltr'><strong>thud</strong></span> <span class='ocrx_word' id='word_1_63' title='bbox 961 783 1069 857; x_wconf 77' lang='lat' dir='ltr'><strong>antem</strong></span> <span class='ocrx_word' id='word_1_64' title='bbox 1092 773 1148 836; x_wconf 87' lang='lat' dir='ltr'><strong>ad-</strong></span> 
     </span>
     <span class='ocr_line' id='line_1_9' title="bbox 77 853 1148 939; baseline 0.004 -23"><span class='ocrx_word' id='word_1_65' title='bbox 77 853 268 919; x_wconf 81' lang='lat' dir='ltr'><strong>vertendum</strong></span> <span class='ocrx_word' id='word_1_66' title='bbox 289 862 352 927; x_wconf 92' lang='lat' dir='ltr'><strong>est,</strong></span> <span class='ocrx_word' id='word_1_67' title='bbox 378 853 537 917; x_wconf 87' lang='lat' dir='ltr'><strong>rationem</strong></span> <span class='ocrx_word' id='word_1_68' title='bbox 562 874 625 917; x_wconf 93' lang='lat' dir='ltr'><strong>non</strong></span> <span class='ocrx_word' id='word_1_69' title='bbox 652 855 786 919; x_wconf 89' lang='lat' dir='ltr'><strong>omnino</strong></span> <span class='ocrx_word' id='word_1_70' title='bbox 808 874 867 939; x_wconf 90' lang='lat' dir='ltr'><strong>pro</strong></span> <span class='ocrx_word' id='word_1_71' title='bbox 896 875 954 918; x_wconf 83' lang='lat' dir='ltr'><strong>suo</strong></span> <span class='ocrx_word' id='word_1_72' title='bbox 986 853 1148 920; x_wconf 88' lang='lat' dir='ltr'><strong>arbitratu</strong></span> 
     </span>
     <span class='ocr_line' id='line_1_10' title="bbox 76 933 1146 1021; baseline 0.001 -25"><span class='ocrx_word' id='word_1_73' title='bbox 76 936 260 1020; x_wconf 87' lang='lat' dir='ltr'><strong>appetitum</strong></span> <span class='ocrx_word' id='word_1_74' title='bbox 282 935 472 1000; x_wconf 78' lang='lat' dir='ltr'><strong>sensitivam</strong></span> <span class='ocrx_word' id='word_1_75' title='bbox 495 933 657 1000; x_wconf 89' lang='lat' dir='ltr'><strong>moderari</strong></span> <span class='ocrx_word' id='word_1_76' title='bbox 685 956 789 1021; x_wconf 90' lang='lat' dir='ltr'><strong>posse,</strong></span> <span class='ocrx_word' id='word_1_77' title='bbox 813 947 883 1002; x_wconf 92' lang='lat' dir='ltr'><strong>tum</strong></span> <span class='ocrx_word' id='word_1_78' title='bbox 903 936 982 1019; x_wconf 90' lang='lat' dir='ltr'><strong>quia</strong></span> <span class='ocrx_word' id='word_1_79' title='bbox 1005 937 1037 999; x_wconf 92' lang='lat' dir='ltr'><strong>iu</strong></span> <span class='ocrx_word' id='word_1_80' title='bbox 1059 935 1146 1000; x_wconf 89' lang='lat' dir='ltr'><strong>illius</strong></span> 
     </span>
     <span class='ocr_line' id='line_1_11' title="bbox 76 1013 1147 1102; baseline 0.002 -24"><span class='ocrx_word' id='word_1_81' title='bbox 76 1029 186 1082; x_wconf 87' lang='lat' dir='ltr'><strong>aetum</strong></span> <span class='ocrx_word' id='word_1_82' title='bbox 202 1013 310 1081; x_wconf 90' lang='lat' dir='ltr'><strong>inllnit</strong></span> <span class='ocrx_word' id='word_1_83' title='bbox 323 1032 482 1100; x_wconf 84' lang='lat' dir='ltr'><strong>organum</strong></span> <span class='ocrx_word' id='word_1_84' title='bbox 499 1035 702 1100; x_wconf 89' lang='lat' dir='ltr'><strong>corporeum,</strong></span> <span class='ocrx_word' id='word_1_85' title='bbox 718 1018 813 1082; x_wconf 88' lang='lat' dir='ltr'><strong>euius</strong></span> <span class='ocrx_word' id='word_1_86' title='bbox 834 1018 1034 1092; x_wconf 88' lang='lat' dir='ltr'><strong>constitutio,</strong></span> <span class='ocrx_word' id='word_1_87' title='bbox 1051 1027 1147 1102; x_wconf 78' lang='lat' dir='ltr'><strong>atque</strong></span> 
     </span>
     <span class='ocr_line' id='line_1_12' title="bbox 76 1095 1146 1194; baseline 0.001 -34"><span class='ocrx_word' id='word_1_88' title='bbox 76 1096 237 1164; x_wconf 85' lang='lat' dir='ltr'><strong>habitudo</strong></span> <span class='ocrx_word' id='word_1_89' title='bbox 251 1118 313 1161; x_wconf 92' lang='lat' dir='ltr'><strong>non</strong></span> <span class='ocrx_word' id='word_1_90' title='bbox 329 1095 502 1194; x_wconf 88' lang='lat' dir='ltr'><strong>pendeuta</strong></span> <span class='ocrx_word' id='word_1_91' title='bbox 518 1098 657 1174; x_wconf 88' lang='lat' dir='ltr'><strong>ratione,</strong></span> <span class='ocrx_word' id='word_1_92' title='bbox 682 1108 751 1162; x_wconf 91' lang='lat' dir='ltr'><strong>tum</strong></span> <span class='ocrx_word' id='word_1_93' title='bbox 773 1101 850 1184; x_wconf 85' lang='lat' dir='ltr'><strong>quia</strong></span> <span class='ocrx_word' id='word_1_94' title='bbox 871 1097 1034 1162; x_wconf 85' lang='lat' dir='ltr'><strong>interdum</strong></span> <span class='ocrx_word' id='word_1_95' title='bbox 1055 1110 1146 1164; x_wconf 84' lang='lat' dir='ltr'><strong>aetus</strong></span> 
     </span>
     <span class='ocr_line' id='line_1_13' title="bbox 76 1178 1145 1265; baseline -0.001 -23"><span class='ocrx_word' id='word_1_96' title='bbox 76 1178 211 1244; x_wconf 75' lang='lat' dir='ltr'><strong>huiusne</strong></span> <span class='ocrx_word' id='word_1_97' title='bbox 234 1189 395 1265; x_wconf 80' lang='lat' dir='ltr'><strong>appetitus</strong></span> <span class='ocrx_word' id='word_1_98' title='bbox 417 1199 458 1242; x_wconf 86' lang='lat' dir='ltr'><strong>ex</strong></span> <span class='ocrx_word' id='word_1_99' title='bbox 481 1180 738 1264; x_wconf 79' lang='lat' dir='ltr'><strong>apprehensione</strong></span> <span class='ocrx_word' id='word_1_100' title='bbox 765 1181 918 1245; x_wconf 78' lang='lat' dir='ltr'>sensitiva</span> <span class='ocrx_word' id='word_1_101' title='bbox 946 1179 1046 1244; x_wconf 79' lang='lat' dir='ltr'><strong>sabito</strong></span> <span class='ocrx_word' id='word_1_102' title='bbox 1075 1201 1145 1243; x_wconf 86' lang='lat' dir='ltr'><strong>eoa-</strong></span> 
     </span>
     <span class='ocr_line' id='line_1_14' title="bbox 75 1258 995 1348; baseline -0.001 -25"><span class='ocrx_word' id='word_1_103' title='bbox 75 1261 211 1337; x_wconf 83' lang='lat' dir='ltr'><strong>citotar,</strong></span> <span class='ocrx_word' id='word_1_104' title='bbox 234 1281 272 1326; x_wconf 87' lang='lat' dir='ltr'><strong>ac</strong></span> <span class='ocrx_word' id='word_1_105' title='bbox 295 1258 432 1346; x_wconf 83' lang='lat' dir='ltr'><strong>proinde</strong></span> <span class='ocrx_word' id='word_1_106' title='bbox 454 1263 628 1328; x_wconf 76' lang='lat' dir='ltr'><strong>antevertit</strong></span> <span class='ocrx_word' id='word_1_107' title='bbox 651 1263 797 1348; x_wconf 85' lang='lat' dir='ltr'><strong>regimen</strong></span> <span class='ocrx_word' id='word_1_108' title='bbox 819 1262 956 1326; x_wconf 76' lang='lat' dir='ltr'><strong>rationis</strong></span> <span class='ocrx_word' id='word_1_109' title='bbox 971 1263 995 1322; x_wconf 73' lang='lat'><strong>⁴.</strong></span> 
     </span>
    </p>
   </div>
   <div class='ocr_carea' id='block_1_3' title="bbox 208 1400 1002 1538">
    <p class='ocr_par' dir='ltr' id='par_1_3' title="bbox 208 1400 1002 1538">
     <span class='ocr_line' id='line_1_15' title="bbox 208 1400 1002 1466; baseline 0 -12"><span class='ocrx_word' id='word_1_110' title='bbox 208 1401 325 1454; x_wconf 71' lang='lat' dir='ltr'><strong>hnmlll.</strong></span> <span class='ocrx_word' id='word_1_111' title='bbox 341 1400 415 1456; x_wconf 79' lang='lat' dir='ltr'><strong>-ue</strong></span> <span class='ocrx_word' id='word_1_112' title='bbox 434 1403 553 1466; x_wconf 81' lang='lat' dir='ltr'><strong>appetitu</strong></span> <span class='ocrx_word' id='word_1_113' title='bbox 573 1400 709 1459; x_wconf 82' lang='lat' dir='ltr'><strong>rationali,</strong></span> <span class='ocrx_word' id='word_1_114' title='bbox 729 1403 783 1451; x_wconf 75' lang='lat' dir='ltr'><strong>sire</strong></span> <span class='ocrx_word' id='word_1_115' title='bbox 803 1402 835 1451; x_wconf 89' lang='lat' dir='ltr'><strong>de</strong></span> <span class='ocrx_word' id='word_1_116' title='bbox 854 1403 1002 1461; x_wconf 84' lang='lat' dir='ltr'><strong>voluntate.</strong></span> 
     </span>
     <span class='ocr_line' id='line_1_16' title="bbox 395 1474 810 1538; baseline -0.012 -11"><span class='ocrx_word' id='word_1_117' title='bbox 395 1480 423 1527; x_wconf 82' lang='lat' dir='ltr'><strong>et</strong></span> <span class='ocrx_word' id='word_1_118' title='bbox 442 1476 558 1538; x_wconf 86' lang='lat' dir='ltr'><strong>primum</strong></span> <span class='ocrx_word' id='word_1_119' title='bbox 577 1475 610 1524; x_wconf 87' lang='lat' dir='ltr'><strong>do</strong></span> <span class='ocrx_word' id='word_1_120' title='bbox 628 1476 687 1524; x_wconf 74' lang='lat' dir='ltr'><strong>eilia</strong></span> <span class='ocrx_word' id='word_1_121' title='bbox 705 1474 810 1523; x_wconf 85' lang='lat' dir='ltr'><strong>oblecto</strong></span> 
     </span>
    </p>
   </div>
   <div class='ocr_carea' id='block_1_4' title="bbox 64 1592 1222 2643">
    <p class='ocr_par' dir='ltr' id='par_1_4' title="bbox 70 1592 1143 1930">
     <span class='ocr_line' id='line_1_17' title="bbox 112 1592 1141 1682; baseline -0.005 -19"><span class='ocrx_word' id='word_1_122' title='bbox 112 1597 183 1665; x_wconf 82' lang='lat' dir='ltr'><strong>tat.</strong></span> <span class='ocrx_word' id='word_1_123' title='bbox 207 1596 379 1682; x_wconf 72' lang='lat' dir='ltr'><strong>appetitus</strong></span> <span class='ocrx_word' id='word_1_124' title='bbox 401 1593 571 1660; x_wconf 91' lang='lat' dir='ltr'><strong>rationalis</strong></span> <span class='ocrx_word' id='word_1_125' title='bbox 592 1603 654 1670; x_wconf 91' lang='lat' dir='ltr'><strong>est,</strong></span> <span class='ocrx_word' id='word_1_126' title='bbox 676 1595 725 1660; x_wconf 91' lang='lat' dir='ltr'><strong>uti</strong></span> <span class='ocrx_word' id='word_1_127' title='bbox 741 1592 896 1671; x_wconf 82' lang='lat' dir='ltr'><strong>diximus,</strong></span> <span class='ocrx_word' id='word_1_128' title='bbox 913 1594 1080 1661; x_wconf 80' lang='lat' dir='ltr'><strong>inclinatio</strong></span> <span class='ocrx_word' id='word_1_129' title='bbox 1098 1594 1141 1658; x_wconf 79' lang='lat' dir='ltr'><strong>ad</strong></span> 
     </span>
     <span class='ocr_line' id='line_1_18' title="bbox 72 1675 1141 1767; baseline -0.006 -22"><span class='ocrx_word' id='word_1_130' title='bbox 72 1679 336 1767; x_wconf 85' lang='lat' dir='ltr'><strong>prosequendum</strong></span> <span class='ocrx_word' id='word_1_131' title='bbox 359 1675 480 1740; x_wconf 91' lang='lat' dir='ltr'><strong>bonum</strong></span> <span class='ocrx_word' id='word_1_132' title='bbox 503 1676 628 1741; x_wconf 90' lang='lat' dir='ltr'><strong>ratione</strong></span> <span class='ocrx_word' id='word_1_133' title='bbox 649 1678 897 1761; x_wconf 88' lang='lat' dir='ltr'><strong>apprehensum.</strong></span> <span class='ocrx_word' id='word_1_134' title='bbox 914 1676 982 1739; x_wconf 90' lang='lat' dir='ltr'><strong>lam</strong></span> <span class='ocrx_word' id='word_1_135' title='bbox 997 1678 1075 1741; x_wconf 85' lang='lat' dir='ltr'><strong>haee</strong></span> <span class='ocrx_word' id='word_1_136' title='bbox 1090 1675 1141 1740; x_wconf 63' lang='lat' dir='ltr'><strong>fa</strong></span> 
     </span>
     <span class='ocr_line' id='line_1_19' title="bbox 70 1757 1143 1843; baseline -0.005 -17"><span class='ocrx_word' id='word_1_137' title='bbox 70 1762 176 1827; x_wconf 80' lang='lat' dir='ltr'><strong>uultus</strong></span> <span class='ocrx_word' id='word_1_138' title='bbox 197 1781 235 1826; x_wconf 88' lang='lat' dir='ltr'><strong>ea</strong></span> <span class='ocrx_word' id='word_1_139' title='bbox 256 1763 321 1835; x_wconf 87' lang='lat' dir='ltr'><strong>est&#39;,</strong></span> <span class='ocrx_word' id='word_1_140' title='bbox 344 1779 428 1843; x_wconf 89' lang='lat' dir='ltr'><strong>quae</strong></span> <span class='ocrx_word' id='word_1_141' title='bbox 450 1757 592 1823; x_wconf 80' lang='lat' dir='ltr'><strong>uoluatua</strong></span> <span class='ocrx_word' id='word_1_142' title='bbox 613 1769 830 1842; x_wconf 79' lang='lat' dir='ltr'><strong>nuncupatur.</strong></span> <span class='ocrx_word' id='word_1_143' title='bbox 855 1780 872 1818; x_wconf 83' lang='lat' dir='ltr'><strong>a</strong></span> <span class='ocrx_word' id='word_1_144' title='bbox 895 1757 1069 1837; x_wconf 81' lang='lat' dir='ltr'><strong>Voluntas,</strong></span> <span class='ocrx_word' id='word_1_145' title='bbox 1093 1758 1143 1821; x_wconf 74' lang='lat' dir='ltr'><strong>iu</strong></span> 
     </span>
     <span class='ocr_line' id='line_1_20' title="bbox 70 1837 1047 1930; baseline -0.006 -22"><span class='ocrx_word' id='word_1_146' title='bbox 70 1845 142 1930; x_wconf 83' lang='lat' dir='ltr'><strong>quit</strong></span> <span class='ocrx_word' id='word_1_147' title='bbox 164 1863 190 1906; x_wconf 89' lang='lat' dir='ltr'><strong>s.</strong></span> <span class='ocrx_word' id='word_1_148' title='bbox 214 1841 365 1916; x_wconf 86' lang='lat' dir='ltr'><strong>Thomas,</strong></span> <span class='ocrx_word' id='word_1_149' title='bbox 387 1847 436 1904; x_wconf 84' lang='lat' dir='ltr'><strong>est</strong></span> <span class='ocrx_word' id='word_1_150' title='bbox 456 1840 618 1925; x_wconf 89' lang='lat' dir='ltr'><strong>appetitus</strong></span> <span class='ocrx_word' id='word_1_151' title='bbox 640 1837 773 1925; x_wconf 87' lang='lat' dir='ltr'><strong>quidam</strong></span> <span class='ocrx_word' id='word_1_152' title='bbox 798 1837 993 1903; x_wconf 82' lang='lat' dir='ltr'><strong>rationalis⁵</strong></span> <span class='ocrx_word' id='word_1_153' title='bbox 1018 1863 1047 1902; x_wconf 75' lang='lat' dir='ltr'><strong>a,</strong></span> 
     </span>
    </p>

    <p class='ocr_par' dir='ltr' id='par_1_5' title="bbox 69 1918 1142 2091">
     <span class='ocr_line' id='line_1_21' title="bbox 111 1918 1142 2005; baseline -0.006 -17"><span class='ocrx_word' id='word_1_154' title='bbox 111 1925 181 1992; x_wconf 81' lang='lat'>195.</span> <span class='ocrx_word' id='word_1_155' title='bbox 206 1922 301 1988; x_wconf 84' lang='lat' dir='ltr'><strong>Circa</strong></span> <span class='ocrx_word' id='word_1_156' title='bbox 323 1920 487 1987; x_wconf 83' lang='lat' dir='ltr'><strong>obiectum</strong></span> <span class='ocrx_word' id='word_1_157' title='bbox 510 1921 709 1998; x_wconf 79' lang='lat' dir='ltr'><strong>voluntatis,</strong></span> <span class='ocrx_word' id='word_1_158' title='bbox 734 1939 850 2005; x_wconf 89' lang='lat' dir='ltr'><strong>nempe</strong></span> <span class='ocrx_word' id='word_1_159' title='bbox 879 1918 991 1983; x_wconf 82' lang='lat' dir='ltr'><strong>loaam</strong></span> <span class='ocrx_word' id='word_1_160' title='bbox 1020 1920 1142 1984; x_wconf 79' lang='lat' dir='ltr'><strong>ratiom</strong></span> 
     </span>
     <span class='ocr_line' id='line_1_22' title="bbox 69 2000 731 2091; baseline -0.011 -22"><span class='ocrx_word' id='word_1_161' title='bbox 69 2005 308 2091; x_wconf 77' lang='lat' dir='ltr'><strong>apprehensum,</strong></span> <span class='ocrx_word' id='word_1_162' title='bbox 331 2003 408 2068; x_wconf 87' lang='lat' dir='ltr'><strong>haee</strong></span> <span class='ocrx_word' id='word_1_163' title='bbox 430 2000 611 2070; x_wconf 87' lang='lat' dir='ltr'><strong>adnotanda</strong></span> <span class='ocrx_word' id='word_1_164' title='bbox 633 2011 731 2066; x_wconf 87' lang='lat' dir='ltr'><strong>sunt:</strong></span> 
     </span>
    </p>

    <p class='ocr_par' dir='ltr' id='par_1_6' title="bbox 64 2078 1222 2640">
     <span class='ocr_line' id='line_1_23' title="bbox 110 2078 1142 2169; baseline -0.007 -16"><span class='ocrx_word' id='word_1_165' title='bbox 110 2085 145 2152; x_wconf 78' lang='grc' dir='ltr'><strong>1ο</strong></span> <span class='ocrx_word' id='word_1_166' title='bbox 166 2109 185 2152; x_wconf 76' lang='lat' dir='ltr'><strong>&lt;a</strong></span> <span class='ocrx_word' id='word_1_167' title='bbox 208 2086 382 2153; x_wconf 88' lang='lat' dir='ltr'><strong>Obieotum</strong></span> <span class='ocrx_word' id='word_1_168' title='bbox 406 2085 577 2169; x_wconf 88' lang='lat' dir='ltr'><strong>propriam</strong></span> <span class='ocrx_word' id='word_1_169' title='bbox 598 2082 775 2148; x_wconf 84' lang='lat' dir='ltr'><strong>voluntatis</strong></span> <span class='ocrx_word' id='word_1_170' title='bbox 796 2090 847 2146; x_wconf 85' lang='lat' dir='ltr'><strong>est</strong></span> <span class='ocrx_word' id='word_1_171' title='bbox 866 2078 989 2148; x_wconf 90' lang='lat' dir='ltr'><strong>honum</strong></span> <span class='ocrx_word' id='word_1_172' title='bbox 1012 2079 1142 2147; x_wconf 76' lang='lat' dir='ltr'><strong>ahsolu-</strong></span> 
     </span>
     <span class='ocr_line' id='line_1_24' title="bbox 69 2162 1141 2252; baseline -0.003 -18"><span class='ocrx_word' id='word_1_173' title='bbox 69 2172 128 2234; x_wconf 81' lang='lat' dir='ltr'><strong>te‘</strong></span> <span class='ocrx_word' id='word_1_174' title='bbox 146 2193 176 2248; x_wconf 75' lang='lat' dir='ltr'><strong>p,</strong></span> <span class='ocrx_word' id='word_1_175' title='bbox 201 2188 315 2252; x_wconf 90' lang='lat' dir='ltr'><strong>nempe</strong></span> <span class='ocrx_word' id='word_1_176' title='bbox 338 2167 483 2231; x_wconf 79' lang='lat' dir='ltr'><strong>universe</strong></span> <span class='ocrx_word' id='word_1_177' title='bbox 510 2176 700 2251; x_wconf 84' lang='lat' dir='ltr'><strong>acceptum,</strong></span> <span class='ocrx_word' id='word_1_178' title='bbox 746 2164 803 2227; x_wconf 89' lang='lat' dir='ltr'><strong>uia</strong></span> <span class='ocrx_word' id='word_1_179' title='bbox 824 2162 1011 2229; x_wconf 83' lang='lat' dir='ltr'><strong>universale</strong></span> <span class='ocrx_word' id='word_1_180' title='bbox 1033 2172 1080 2229; x_wconf 88' lang='lat' dir='ltr'><strong>est</strong></span> <span class='ocrx_word' id='word_1_181' title='bbox 1101 2165 1141 2231; x_wconf 80' lang='lat' dir='ltr'><strong>il-</strong></span> 
     </span>
     <span class='ocr_line' id='line_1_25' title="bbox 67 2185 1142 2336; baseline -0.003 -21"><span class='ocrx_word' id='word_1_182' title='bbox 67 2250 148 2328; x_wconf 90' lang='lat' dir='ltr'><strong>lud,</strong></span> <span class='ocrx_word' id='word_1_183' title='bbox 171 2248 259 2336; x_wconf 88' lang='lat' dir='ltr'><strong>quod</strong></span> <span class='ocrx_word' id='word_1_184' title='bbox 304 2247 415 2331; x_wconf 88' lang='lat' dir='ltr'><strong>roprie</strong></span> <span class='ocrx_word' id='word_1_185' title='bbox 437 2267 455 2309; x_wconf 90' lang='lat' dir='ltr'><strong>a</strong></span> <span class='ocrx_word' id='word_1_186' title='bbox 478 2248 602 2314; x_wconf 85' lang='lat' dir='ltr'><strong>ratione</strong></span> <span class='ocrx_word' id='word_1_187' title='bbox 629 2267 648 2309; x_wconf 93' lang='lat' dir='ltr'><strong>a</strong></span> <span class='ocrx_word' id='word_1_188' title='bbox 674 2185 895 2331; x_wconf 81' lang='lat' dir='ltr'><strong>prehenditur.</strong></span> <span class='ocrx_word' id='word_1_189' title='bbox 919 2247 1006 2312; x_wconf 86' lang='lat' dir='ltr'><strong>llinc</strong></span> <span class='ocrx_word' id='word_1_190' title='bbox 1028 2247 1142 2312; x_wconf 84' lang='lat' dir='ltr'><strong>volun-</strong></span> 
     </span>
     <span class='ocr_line' id='line_1_26' title="bbox 67 2265 1141 2406; baseline -0.005 -7"><span class='ocrx_word' id='word_1_191' title='bbox 67 2342 118 2399; x_wconf 84' lang='lat' dir='ltr'><strong>tas</strong></span> <span class='ocrx_word' id='word_1_192' title='bbox 140 2353 204 2398; x_wconf 91' lang='lat' dir='ltr'><strong>non</strong></span> <span class='ocrx_word' id='word_1_193' title='bbox 226 2267 362 2396; x_wconf 75' lang='lat' dir='ltr'><strong>inehnat</strong></span> <span class='ocrx_word' id='word_1_194' title='bbox 384 2327 422 2392; x_wconf 90' lang='lat' dir='ltr'><strong>ad</strong></span> <span class='ocrx_word' id='word_1_195' title='bbox 449 2329 532 2406; x_wconf 89' lang='lat' dir='ltr'><strong>hoc,</strong></span> <span class='ocrx_word' id='word_1_196' title='bbox 554 2329 604 2394; x_wconf 86' lang='lat' dir='ltr'><strong>vel</strong></span> <span class='ocrx_word' id='word_1_197' title='bbox 628 2265 670 2390; x_wconf 69' lang='lat' dir='ltr'><strong>ah</strong></span> <span class='ocrx_word' id='word_1_198' title='bbox 700 2325 780 2392; x_wconf 91' lang='lat' dir='ltr'><strong>illud</strong></span> <span class='ocrx_word' id='word_1_199' title='bbox 809 2325 1061 2392; x_wconf 87' lang='lat' dir='ltr'><strong>determinatum</strong></span> <span class='ocrx_word' id='word_1_200' title='bbox 1083 2328 1141 2394; x_wconf 91' lang='lat' dir='ltr'><strong>ho-</strong></span> 
     </span>
     <span class='ocr_line' id='line_1_27' title="bbox 65 2409 1139 2506; baseline -0.002 -28"><span class='ocrx_word' id='word_1_201' title='bbox 65 2435 169 2490; x_wconf 88' lang='lat' dir='ltr'><strong>num,</strong></span> <span class='ocrx_word' id='word_1_202' title='bbox 193 2411 247 2478; x_wconf 84' lang='lat' dir='ltr'><strong>sed</strong></span> <span class='ocrx_word' id='word_1_203' title='bbox 269 2409 307 2476; x_wconf 81' lang='lat' dir='ltr'><strong>ad</strong></span> <span class='ocrx_word' id='word_1_204' title='bbox 352 2411 501 2478; x_wconf 90' lang='lat' dir='ltr'><strong>uodlihet</strong></span> <span class='ocrx_word' id='word_1_205' title='bbox 521 2432 578 2476; x_wconf 90' lang='lat' dir='ltr'><strong>ens</strong></span> <span class='ocrx_word' id='word_1_206' title='bbox 599 2409 758 2473; x_wconf 86' lang='lat' dir='ltr'><strong>inclinare</strong></span> <span class='ocrx_word' id='word_1_207' title='bbox 786 2415 912 2493; x_wconf 90' lang='lat' dir='ltr'><strong>potest,</strong></span> <span class='ocrx_word' id='word_1_208' title='bbox 940 2410 1018 2506; x_wconf 77' lang='lat' dir='ltr'><strong>quia</strong></span> <span class='ocrx_word' id='word_1_209' title='bbox 1042 2429 1139 2476; x_wconf 89' lang='lat' dir='ltr'><strong>omne</strong></span> 
     </span>
     <span class='ocr_line' id='line_1_28' title="bbox 64 2432 1222 2640; baseline -0.005 -79"><span class='ocrx_word' id='word_1_210' title='bbox 64 2515 123 2561; x_wconf 83' lang='lat' dir='ltr'><strong>ens</strong></span> <span class='ocrx_word' id='word_1_211' title='bbox 139 2517 180 2560; x_wconf 81' lang='lat' dir='ltr'><strong>ex</strong></span> <span class='ocrx_word' id='word_1_212' title='bbox 195 2514 246 2572; x_wconf 93' lang='lat' dir='ltr'><strong>eo,</strong></span> <span class='ocrx_word' id='word_1_213' title='bbox 261 2432 348 2640; x_wconf 57' lang='lat' dir='ltr'><strong>ephod</strong></span> <span class='ocrx_word' id='word_1_214' title='bbox 371 2503 432 2572; x_wconf 89' lang='lat' dir='ltr'><strong>est,</strong></span> <span class='ocrx_word' id='word_1_215' title='bbox 455 2494 616 2592; x_wconf 85' lang='lat' dir='ltr'><strong>particeps</strong></span> <span class='ocrx_word' id='word_1_216' title='bbox 635 2499 684 2557; x_wconf 89' lang='lat' dir='ltr'><strong>est</strong></span> <span class='ocrx_word' id='word_1_217' title='bbox 698 2490 878 2554; x_wconf 84' lang='lat' dir='ltr'><strong>communia</strong></span> <span class='ocrx_word' id='word_1_218' title='bbox 893 2492 1029 2554; x_wconf 79' lang='lat' dir='ltr'><strong>rationis</strong></span> <span class='ocrx_word' id='word_1_219' title='bbox 1045 2491 1137 2556; x_wconf 89' lang='lat' dir='ltr'><strong>honi.</strong></span> <span class='ocrx_word' id='word_1_220' title='bbox 1220 2528 1222 2531; x_wconf 94' lang='lat'>·</span> 
     </span>
    </p>

    <p class='ocr_par' dir='ltr' id='par_1_7' title="bbox 105 2569 1136 2643">
     <span class='ocr_line' id='line_1_29' title="bbox 105 2569 1136 2643; baseline -0.006 0"><span class='ocrx_word' id='word_1_221' title='bbox 105 2577 144 2642; x_wconf 72' lang='lat'><strong>2⁰</strong></span> <span class='ocrx_word' id='word_1_222' title='bbox 164 2578 248 2643; x_wconf 86' lang='lat' dir='ltr'><strong>Cum</strong></span> <span class='ocrx_word' id='word_1_223' title='bbox 293 2577 393 2641; x_wconf 83' lang='lat' dir='ltr'><strong>icitur</strong></span> <span class='ocrx_word' id='word_1_224' title='bbox 413 2574 576 2640; x_wconf 82' lang='lat' dir='ltr'><strong>obiectum</strong></span> <span class='ocrx_word' id='word_1_225' title='bbox 598 2573 774 2638; x_wconf 86' lang='lat' dir='ltr'><strong>voluntatis</strong></span> <span class='ocrx_word' id='word_1_226' title='bbox 788 2592 858 2635; x_wconf 82' lang='lat' dir='ltr'><strong>ease</strong></span> <span class='ocrx_word' id='word_1_227' title='bbox 873 2569 994 2636; x_wconf 88' lang='lat' dir='ltr'><strong>honum</strong></span> <span class='ocrx_word' id='word_1_228' title='bbox 1015 2575 1136 2638; x_wconf 76' lang='lat' dir='ltr'><strong>rutiom</strong></span> 
     </span>
    </p>
   </div>
   <div class='ocr_carea' id='block_1_5' title="bbox 64 2651 1136 2824">
    <p class='ocr_par' dir='ltr' id='par_1_8' title="bbox 64 2651 1136 2824">
     <span class='ocr_line' id='line_1_30' title="bbox 64 2651 1136 2806; baseline 0.001 -84"><span class='ocrx_word' id='word_1_229' title='bbox 64 2659 314 2806; x_wconf 75' lang='lat' dir='ltr'><strong>apprehensum,</strong></span> <span class='ocrx_word' id='word_1_230' title='bbox 339 2655 418 2722; x_wconf 92' lang='lat' dir='ltr'><strong>illud</strong></span> <span class='ocrx_word' id='word_1_231' title='bbox 443 2659 541 2722; x_wconf 87' lang='lat' dir='ltr'><strong>etiam</strong></span> <span class='ocrx_word' id='word_1_232' title='bbox 563 2653 791 2753; x_wconf 59' lang='lat' dir='ltr'><strong>significatur,</strong></span> <span class='ocrx_word' id='word_1_233' title='bbox 813 2652 901 2737; x_wconf 91' lang='lat' dir='ltr'><strong>qnod</strong></span> <span class='ocrx_word' id='word_1_234' title='bbox 924 2651 1058 2729; x_wconf 90' lang='lat' dir='ltr'><strong>bonum,</strong></span> <span class='ocrx_word' id='word_1_235' title='bbox 1080 2658 1136 2723; x_wconf 87' lang='lat' dir='ltr'><strong>eui</strong></span> 
     </span>
     <span class='ocr_line' id='line_1_31' title="bbox 64 2734 1133 2824; baseline -0.001 -19"><span class='ocrx_word' id='word_1_236' title='bbox 64 2763 105 2806; x_wconf 84' lang='lat' dir='ltr'><strong>vo</strong></span> <span class='ocrx_word' id='word_1_237' title='bbox 119 2751 214 2807; x_wconf 79' lang='lat' dir='ltr'><strong>nutam</strong></span> <span class='ocrx_word' id='word_1_238' title='bbox 236 2739 400 2816; x_wconf 84' lang='lat' dir='ltr'><strong>adhaeret,</strong></span> <span class='ocrx_word' id='word_1_239' title='bbox 424 2741 468 2806; x_wconf 87' lang='lat' dir='ltr'><strong>ita</strong></span> <span class='ocrx_word' id='word_1_240' title='bbox 491 2738 686 2824; x_wconf 83' lang='lat' dir='ltr'><strong>percipitur,</strong></span> <span class='ocrx_word' id='word_1_241' title='bbox 709 2745 746 2802; x_wconf 93' lang='lat' dir='ltr'><strong>ut</strong></span> <span class='ocrx_word' id='word_1_242' title='bbox 767 2757 802 2800; x_wconf 90' lang='lat' dir='ltr'><strong>m</strong></span> <span class='ocrx_word' id='word_1_243' title='bbox 816 2755 857 2800; x_wconf 88' lang='lat' dir='ltr'><strong>eo</strong></span> <span class='ocrx_word' id='word_1_244' title='bbox 870 2734 1133 2821; x_wconf 88' lang='lat' dir='ltr'><strong>deprehendatur</strong></span> 
     </span>
    </p>
   </div>
   <div class='ocr_carea' id='block_1_6' title="bbox 56 2921 1149 3643">
    <p class='ocr_par' dir='ltr' id='par_1_9' title="bbox 98 2921 726 2993">
     <span class='ocr_line' id='line_1_32' title="bbox 98 2921 726 2993; baseline -0.013 -11"><span class='ocrx_word' id='word_1_245' title='bbox 98 2927 211 2993; x_wconf 76' lang='lat' dir='ltr'><strong>¹ctp.</strong></span> <span class='ocrx_word' id='word_1_246' title='bbox 234 2926 368 2979; x_wconf 48' lang='lat' dir='ltr'><strong>illm-²</strong></span> <span class='ocrx_word' id='word_1_247' title='bbox 388 2925 409 2984; x_wconf 92' lang='lat' dir='ltr'><strong>l,</strong></span> <span class='ocrx_word' id='word_1_248' title='bbox 429 2941 456 2990; x_wconf 85' lang='lat' dir='ltr'><strong>q.</strong></span> <span class='ocrx_word' id='word_1_249' title='bbox 477 2921 595 2984; x_wconf 79' lang='lat' dir='ltr'><strong>hlllle,</strong></span> <span class='ocrx_word' id='word_1_250' title='bbox 616 2939 643 2974; x_wconf 79' lang='grc' dir='ltr'><strong>ι.</strong></span> <span class='ocrx_word' id='word_1_251' title='bbox 665 2925 680 2974; x_wconf 87' lang='grc'>3</span> <span class='ocrx_word' id='word_1_252' title='bbox 700 2939 726 2975; x_wconf 82' lang='grc' dir='ltr'><strong>ο.</strong></span> 
     </span>
    </p>

    <p class='ocr_par' dir='ltr' id='par_1_10' title="bbox 102 2995 813 3061">
     <span class='ocr_line' id='line_1_33' title="bbox 102 2995 813 3061; baseline -0.01 -7"><span class='ocrx_word' id='word_1_253' title='bbox 102 3005 115 3042; x_wconf 80' lang='lat'>⁸</span> <span class='ocrx_word' id='word_1_254' title='bbox 137 3007 168 3054; x_wconf 85' lang='lat' dir='ltr'><strong>ln</strong></span> <span class='ocrx_word' id='word_1_255' title='bbox 188 3004 232 3052; x_wconf 83' lang='lat' dir='ltr'><strong>lib.</strong></span> <span class='ocrx_word' id='word_1_256' title='bbox 254 3003 292 3052; x_wconf 91' lang='lat' dir='ltr'><strong>lll</strong></span> <span class='ocrx_word' id='word_1_257' title='bbox 311 3002 395 3056; x_wconf 73' lang='lat' dir='ltr'><strong>Sena,</strong></span> <span class='ocrx_word' id='word_1_258' title='bbox 414 2996 482 3048; x_wconf 82' lang='lat' dir='ltr'><strong>Diat.</strong></span> <span class='ocrx_word' id='word_1_259' title='bbox 505 2995 566 3055; x_wconf 83' lang='lat' dir='ltr'><strong>Xll,</strong></span> <span class='ocrx_word' id='word_1_260' title='bbox 587 3012 614 3061; x_wconf 83' lang='lat' dir='ltr'><strong>q.</strong></span> <span class='ocrx_word' id='word_1_261' title='bbox 638 2995 659 3057; x_wconf 96' lang='lat' dir='ltr'><strong>l,</strong></span> <span class='ocrx_word' id='word_1_262' title='bbox 680 3013 706 3048; x_wconf 78' lang='lat' dir='ltr'><strong>a.</strong></span> <span class='ocrx_word' id='word_1_263' title='bbox 730 2998 741 3047; x_wconf 93' lang='lat' dir='ltr'><strong>l</strong></span> <span class='ocrx_word' id='word_1_264' title='bbox 764 3001 813 3050; x_wconf 78' lang='lat' dir='ltr'><strong>iol.</strong></span> 
     </span>
    </p>

    <p class='ocr_par' dir='ltr' id='par_1_11' title="bbox 98 3067 516 3136">
     <span class='ocr_line' id='line_1_34' title="bbox 98 3067 516 3136; baseline -0.022 -9"><span class='ocrx_word' id='word_1_265' title='bbox 98 3075 110 3114; x_wconf 75' lang='lat'>⁸</span> <span class='ocrx_word' id='word_1_266' title='bbox 132 3076 161 3126; x_wconf 84' lang='grc'><strong>1·</strong></span> <span class='ocrx_word' id='word_1_267' title='bbox 180 3075 233 3132; x_wconf 64' lang='lat'><strong>2⁸2,</strong></span> <span class='ocrx_word' id='word_1_268' title='bbox 252 3087 279 3136; x_wconf 84' lang='lat' dir='ltr'><strong>q.</strong></span> <span class='ocrx_word' id='word_1_269' title='bbox 300 3067 385 3128; x_wconf 88' lang='lat' dir='ltr'><strong>llllll.</strong></span> <span class='ocrx_word' id='word_1_270' title='bbox 405 3085 432 3120; x_wconf 78' lang='lat' dir='ltr'><strong>a.</strong></span> <span class='ocrx_word' id='word_1_271' title='bbox 455 3071 470 3119; x_wconf 84' lang='lat' dir='ltr'><strong>‘l</strong></span> <span class='ocrx_word' id='word_1_272' title='bbox 490 3083 516 3120; x_wconf 88' lang='lat' dir='ltr'><strong>o.</strong></span> 
     </span>
    </p>

    <p class='ocr_par' dir='ltr' id='par_1_12' title="bbox 56 3139 1149 3643">
     <span class='ocr_line' id='line_1_35' title="bbox 96 3139 1138 3211; baseline -0.008 -13"><span class='ocrx_word' id='word_1_273' title='bbox 96 3150 109 3184; x_wconf 78' lang='lat'><strong>³</strong></span> <span class='ocrx_word' id='word_1_274' title='bbox 129 3147 211 3204; x_wconf 69' lang='lat' dir='ltr'><strong>thid„</strong></span> <span class='ocrx_word' id='word_1_275' title='bbox 231 3160 259 3209; x_wconf 85' lang='lat' dir='ltr'><strong>q.</strong></span> <span class='ocrx_word' id='word_1_276' title='bbox 280 3139 359 3198; x_wconf 86' lang='lat' dir='ltr'><strong>lllll,</strong></span> <span class='ocrx_word' id='word_1_277' title='bbox 379 3157 406 3192; x_wconf 78' lang='lat' dir='ltr'><strong>a.</strong></span> <span class='ocrx_word' id='word_1_278' title='bbox 429 3144 440 3192; x_wconf 88' lang='lat' dir='ltr'><strong>t</strong></span> <span class='ocrx_word' id='word_1_279' title='bbox 463 3157 489 3193; x_wconf 87' lang='lat' dir='ltr'><strong>o.</strong></span> <span class='ocrx_word' id='word_1_280' title='bbox 510 3139 582 3191; x_wconf 84' lang='lat' dir='ltr'><strong>Haeo</strong></span> <span class='ocrx_word' id='word_1_281' title='bbox 601 3140 719 3192; x_wconf 84' lang='lat' dir='ltr'><strong>delinitio</strong></span> <span class='ocrx_word' id='word_1_282' title='bbox 738 3143 882 3194; x_wconf 73' lang='lat' dir='ltr'><strong>voluntatis</strong></span> <span class='ocrx_word' id='word_1_283' title='bbox 901 3161 915 3195; x_wconf 85' lang='lat' dir='ltr'><strong>a</strong></span> <span class='ocrx_word' id='word_1_284' title='bbox 936 3148 1070 3211; x_wconf 78' lang='lat' dir='ltr'><strong>plerisque</strong></span> <span class='ocrx_word' id='word_1_285' title='bbox 1089 3166 1138 3202; x_wconf 78' lang='lat' dir='ltr'><strong>riu.</strong></span> 
     </span>
     <span class='ocr_line' id='line_1_36' title="bbox 60 3214 1137 3282; baseline 0.006 -13"><span class='ocrx_word' id='word_1_286' title='bbox 60 3219 134 3282; x_wconf 74' lang='lat' dir='ltr'><strong>peris</strong></span> <span class='ocrx_word' id='word_1_287' title='bbox 155 3215 320 3279; x_wconf 74' lang='lat' dir='ltr'><strong>Philosophia</strong></span> <span class='ocrx_word' id='word_1_288' title='bbox 339 3215 469 3272; x_wconf 80' lang='lat' dir='ltr'><strong>relicitur,</strong></span> <span class='ocrx_word' id='word_1_289' title='bbox 488 3214 550 3278; x_wconf 81' lang='lat' dir='ltr'><strong>quia</strong></span> <span class='ocrx_word' id='word_1_290' title='bbox 569 3216 665 3275; x_wconf 78' lang='lat' dir='ltr'><strong>putant</strong></span> <span class='ocrx_word' id='word_1_291' title='bbox 683 3226 791 3264; x_wconf 87' lang='lat' dir='ltr'><strong>omnem</strong></span> <span class='ocrx_word' id='word_1_292' title='bbox 810 3220 958 3280; x_wconf 81' lang='lat' dir='ltr'><strong>appetitum</strong></span> <span class='ocrx_word' id='word_1_293' title='bbox 972 3234 1030 3270; x_wconf 77' lang='lat' dir='ltr'><strong>esee</strong></span> <span class='ocrx_word' id='word_1_294' title='bbox 1043 3236 1137 3275; x_wconf 75' lang='lat' dir='ltr'><strong>neees-</strong></span> 
     </span>
     <span class='ocr_line' id='line_1_37' title="bbox 58 3286 1137 3358; baseline 0.006 -17"><span class='ocrx_word' id='word_1_295' title='bbox 58 3293 175 3344; x_wconf 82' lang='lat' dir='ltr'><strong>urtum.</strong></span> <span class='ocrx_word' id='word_1_296' title='bbox 196 3304 228 3340; x_wconf 81' lang='lat' dir='ltr'><strong>aa</strong></span> <span class='ocrx_word' id='word_1_297' title='bbox 248 3287 356 3350; x_wconf 82' lang='lat' dir='ltr'><strong>proinde</strong></span> <span class='ocrx_word' id='word_1_298' title='bbox 376 3286 551 3344; x_wconf 80' lang='lat' dir='ltr'><strong>voluntatem,</strong></span> <span class='ocrx_word' id='word_1_299' title='bbox 567 3287 588 3335; x_wconf 78' lang='lat' dir='ltr'><strong>si</strong></span> <span class='ocrx_word' id='word_1_300' title='bbox 601 3299 663 3335; x_wconf 90' lang='lat' dir='ltr'><strong>cum</strong></span> <span class='ocrx_word' id='word_1_301' title='bbox 677 3288 796 3349; x_wconf 82' lang='lat' dir='ltr'><strong>appetitu</strong></span> <span class='ocrx_word' id='word_1_302' title='bbox 810 3291 933 3340; x_wconf 80' lang='lat' dir='ltr'><strong>rationali</strong></span> <span class='ocrx_word' id='word_1_303' title='bbox 946 3291 1137 3358; x_wconf 79' lang='lat' dir='ltr'><strong>conlaudatur,</strong></span> 
     </span>
     <span class='ocr_line' id='line_1_38' title="bbox 58 3355 1138 3426; baseline 0.004 -12"><span class='ocrx_word' id='word_1_304' title='bbox 58 3362 252 3417; x_wconf 67' lang='lat' dir='ltr'><strong>uenenarium,</strong></span> <span class='ocrx_word' id='word_1_305' title='bbox 273 3373 325 3408; x_wconf 92' lang='lat' dir='ltr'><strong>uon</strong></span> <span class='ocrx_word' id='word_1_306' title='bbox 344 3359 455 3408; x_wconf 84' lang='lat' dir='ltr'><strong>liberam</strong></span> <span class='ocrx_word' id='word_1_307' title='bbox 470 3356 609 3408; x_wconf 82' lang='lat' dir='ltr'><strong>dicendam</strong></span> <span class='ocrx_word' id='word_1_308' title='bbox 628 3355 696 3409; x_wconf 76' lang='lat' dir='ltr'><strong>lore.</strong></span> <span class='ocrx_word' id='word_1_309' title='bbox 717 3357 751 3408; x_wconf 82' lang='lat' dir='ltr'><strong>at</strong></span> <span class='ocrx_word' id='word_1_310' title='bbox 771 3372 819 3409; x_wconf 79' lang='lat' dir='ltr'><strong>noe</strong></span> <span class='ocrx_word' id='word_1_311' title='bbox 837 3363 945 3412; x_wconf 87' lang='lat' dir='ltr'><strong>omniuo</strong></span> <span class='ocrx_word' id='word_1_312' title='bbox 958 3377 1089 3426; x_wconf 71' lang='lat' dir='ltr'><strong>negamus</strong></span> <span class='ocrx_word' id='word_1_313' title='bbox 1106 3383 1138 3419; x_wconf 92' lang='lat' dir='ltr'><strong>o-</strong></span> 
     </span>
     <span class='ocr_line' id='line_1_39' title="bbox 58 3430 1134 3500; baseline 0.005 -15"><span class='ocrx_word' id='word_1_314' title='bbox 58 3447 153 3485; x_wconf 79' lang='lat' dir='ltr'><strong>mnem</strong></span> <span class='ocrx_word' id='word_1_315' title='bbox 179 3431 328 3496; x_wconf 78' lang='lat' dir='ltr'><strong>appetitum</strong></span> <span class='ocrx_word' id='word_1_316' title='bbox 346 3443 403 3480; x_wconf 75' lang='lat' dir='ltr'><strong>esee</strong></span> <span class='ocrx_word' id='word_1_317' title='bbox 422 3431 619 3488; x_wconf 73' lang='lat' dir='ltr'><strong>necessarlum,</strong></span> <span class='ocrx_word' id='word_1_318' title='bbox 646 3430 708 3492; x_wconf 85' lang='lat' dir='ltr'><strong>quia</strong></span> <span class='ocrx_word' id='word_1_319' title='bbox 732 3433 866 3494; x_wconf 76' lang='lat' dir='ltr'><strong>appetitui</strong></span> <span class='ocrx_word' id='word_1_320' title='bbox 885 3435 1022 3487; x_wconf 77' lang='lat' dir='ltr'><strong>rationalia</strong></span> <span class='ocrx_word' id='word_1_321' title='bbox 1040 3451 1073 3488; x_wconf 79' lang='lat' dir='ltr'><strong>ex</strong></span> <span class='ocrx_word' id='word_1_322' title='bbox 1091 3453 1134 3500; x_wconf 85' lang='lat' dir='ltr'><strong>eo,</strong></span> 
     </span>
     <span class='ocr_line' id='line_1_40' title="bbox 57 3502 1136 3569; baseline 0.007 -15"><span class='ocrx_word' id='word_1_323' title='bbox 57 3507 132 3568; x_wconf 77' lang='lat' dir='ltr'><strong>quod</strong></span> <span class='ocrx_word' id='word_1_324' title='bbox 154 3509 195 3554; x_wconf 77' lang='lat' dir='ltr'><strong>eet</strong></span> <span class='ocrx_word' id='word_1_325' title='bbox 213 3502 361 3561; x_wconf 79' lang='lat' dir='ltr'><strong>rationalle,</strong></span> <span class='ocrx_word' id='word_1_326' title='bbox 377 3503 442 3552; x_wconf 81' lang='lat' dir='ltr'><strong>liber</strong></span> <span class='ocrx_word' id='word_1_327' title='bbox 460 3507 511 3563; x_wconf 78' lang='lat' dir='ltr'><strong>etl,</strong></span> <span class='ocrx_word' id='word_1_328' title='bbox 531 3515 594 3553; x_wconf 88' lang='lat' dir='ltr'><strong>eum</strong></span> <span class='ocrx_word' id='word_1_329' title='bbox 615 3503 693 3558; x_wconf 77' lang='lat' dir='ltr'><strong>ratio,</strong></span> <span class='ocrx_word' id='word_1_330' title='bbox 715 3507 744 3551; x_wconf 80' lang='lat' dir='ltr'><strong>ut</strong></span> <span class='ocrx_word' id='word_1_331' title='bbox 763 3517 824 3552; x_wconf 84' lang='lat' dir='ltr'><strong>mox</strong></span> <span class='ocrx_word' id='word_1_332' title='bbox 844 3507 1025 3569; x_wconf 73' lang='lat' dir='ltr'><strong>ostendemus,</strong></span> <span class='ocrx_word' id='word_1_333' title='bbox 1039 3513 1074 3561; x_wconf 80' lang='lat' dir='ltr'><strong>sit</strong></span> <span class='ocrx_word' id='word_1_334' title='bbox 1090 3527 1136 3562; x_wconf 76' lang='lat' dir='ltr'><strong>ra·</strong></span> 
     </span>
     <span class='ocr_line' id='line_1_41' title="bbox 56 3562 1149 3643; baseline 0.004 -17"><span class='ocrx_word' id='word_1_335' title='bbox 56 3580 106 3628; x_wconf 74' lang='lat' dir='ltr'><strong>citt</strong></span> <span class='ocrx_word' id='word_1_336' title='bbox 125 3576 269 3630; x_wconf 70' lang='lat' dir='ltr'><strong>libertatis.</strong></span> <span class='ocrx_word' id='word_1_337' title='bbox 289 3575 346 3625; x_wconf 75' lang='lat' dir='ltr'><strong>alre</strong></span> <span class='ocrx_word' id='word_1_338' title='bbox 365 3577 391 3623; x_wconf 86' lang='lat' dir='ltr'><strong>in</strong></span> <span class='ocrx_word' id='word_1_339' title='bbox 410 3587 490 3626; x_wconf 76' lang='lat' dir='ltr'><strong>mura</strong></span> <span class='ocrx_word' id='word_1_340' title='bbox 511 3575 555 3632; x_wconf 80' lang='lat' dir='ltr'><strong>ait,</strong></span> <span class='ocrx_word' id='word_1_341' title='bbox 575 3587 624 3623; x_wconf 83' lang='lat' dir='ltr'><strong>cur</strong></span> <span class='ocrx_word' id='word_1_342' title='bbox 644 3574 765 3624; x_wconf 80' lang='lat' dir='ltr'><strong>voluntas</strong></span> <span class='ocrx_word' id='word_1_343' title='bbox 784 3575 907 3629; x_wconf 85' lang='lat' dir='ltr'><strong>libertate</strong></span> <span class='ocrx_word' id='word_1_344' title='bbox 925 3581 1049 3643; x_wconf 74' lang='lat' dir='ltr'><strong>gandeat.</strong></span> <span class='ocrx_word' id='word_1_345' title='bbox 1145 3562 1149 3575; x_wconf 56' lang='lat'><strong><em>¹</em></strong></span> 
     </span>
    </p>
   </div>
   <div class='ocr_carea' id='block_1_7' title="bbox 93 3641 790 3720">
    <p class='ocr_par' dir='ltr' id='par_1_13' title="bbox 93 3641 790 3720">
     <span class='ocr_line' id='line_1_42' title="bbox 93 3641 790 3720; baseline 0.016 -32"><span class='ocrx_word' id='word_1_346' title='bbox 93 3648 107 3688; x_wconf 74' lang='grc' dir='ltr'><strong><em>ι</em></strong></span> <span class='ocrx_word' id='word_1_347' title='bbox 127 3651 181 3720; x_wconf 65' lang='lat'><strong>99,</strong></span> <span class='ocrx_word' id='word_1_348' title='bbox 201 3650 299 3714; x_wconf 65' lang='lat' dir='ltr'><strong>aupp„</strong></span> <span class='ocrx_word' id='word_1_349' title='bbox 319 3648 359 3700; x_wconf 71' lang='lat' dir='ltr'><strong>nu</strong></span> <span class='ocrx_word' id='word_1_350' title='bbox 379 3649 453 3708; x_wconf 68' lang='lat' dir='ltr'><strong>Ver„</strong></span> <span class='ocrx_word' id='word_1_351' title='bbox 473 3661 501 3714; x_wconf 82' lang='lat' dir='ltr'><strong>q.</strong></span> <span class='ocrx_word' id='word_1_352' title='bbox 521 3641 605 3708; x_wconf 68' lang='grc' dir='ltr'><strong>ΧΠ,</strong></span> <span class='ocrx_word' id='word_1_353' title='bbox 626 3660 653 3697; x_wconf 79' lang='lat' dir='ltr'><strong>a.</strong></span> <span class='ocrx_word' id='word_1_354' title='bbox 676 3648 687 3697; x_wconf 88' lang='lat' dir='ltr'><strong>t</strong></span> <span class='ocrx_word' id='word_1_355' title='bbox 709 3647 742 3699; x_wconf 77' lang='lat' dir='ltr'><strong>ad</strong></span> <span class='ocrx_word' id='word_1_356' title='bbox 761 3647 790 3699; x_wconf 75' lang='grc' dir='ltr'><strong>Β.</strong></span> 
     </span>
    </p>
   </div>
   <div class='ocr_carea' id='block_1_8' title="bbox 0 0 1242 3909">
    <p class='ocr_par' dir='ltr' id='par_1_14' title="bbox 0 0 1242 3909">
     <span class='ocr_line' id='line_1_43' title="bbox 0 0 1242 3909; baseline 0 7"><span class='ocrx_word' id='word_1_357' title='bbox 0 0 1242 3909; x_wconf 95' lang='lat' dir='ltr'><strong> </strong></span> 
     </span>
    </p>
   </div>
  </div>
 </body>
</html>
