2475 3909
144 231 203 300 102
529 248 733 298 cosuonocra

103 331 229 408 radice,
253 331 401 396 extensio
422 331 570 418 corporis
591 332 741 418 exurgit,
764 329 901 396 alierum
923 351 1002 396 vero
1023 331 1171 425 articam,

104 435 145 479 ea
191 432 234 477 uo
255 414 328 477 eius
350 412 499 478 activiias
520 415 671 499 emergit.
695 413 842 478 Primum
866 425 1000 478 vocatur
1020 425 1172 489 materno,

103 503 136 560 ei
159 435 300 559 aliarum
322 493 422 578 serrano
437 494 459 557 ¹.
937 576 945 591 ι
1094 576 1101 588 Ι

145 577 196 643 30.
223 575 311 640 llaec
333 576 457 641 lbeoria
482 576 526 641 iia
548 573 748 662 explicatur:
773 573 807 639 1⁰
829 575 967 641 blatema
990 596 1049 662 pro
1069 574 1173 639 darer-

104 659 149 722 sis
173 656 290 732 modis,
313 658 434 741 quibus
458 657 527 743 ipsa
550 656 832 734 consideratur,iu
849 658 1004 742 primam,
1018 665 1051 723 ei
1071 676 1172 721 mua-

103 739 175 802 dam
198 736 370 805 dividitur.
394 738 539 804 Vocatur
557 741 689 826 primu,
711 761 787 805 cum
812 738 1041 805 consideratur
1061 739 1095 802 in
1116 758 1171 810 se,

104 837 218 903 nempe
241 831 339 904 prout
365 821 487 886 nuliam
515 842 557 885 ex
580 843 614 887 se
636 823 734 888 babet
755 820 920 893 sormam,
942 821 985 886 ob
1006 820 1104 904 idque
1131 819 1169 883 ad

102 901 283 987 quamlibet
305 901 445 967 formam
469 903 501 967 ιιι
524 923 557 968 se
586 903 806 991 recipiendam
831 901 1020 967 indifferens
1041 913 1107 998 estj
1129 923 1174 965 se·

103 982 204 1046 cundo
225 990 346 1062 auiam,
360 1005 436 1049 cum
457 984 699 1064 consideratur,
738 994 813 1051 roui
833 985 898 1048 iam
921 984 1062 1050 sormam
1085 1005 1118 1047 ιιι
1138 1003 1171 1048 se

103 1083 175 1127 rece
204 1065 240 1140 il,
255 1074 300 1143 et,
314 1064 420 1150 ipsam
443 1066 630 1142 retinendo,
647 1069 686 1133 ad
702 1007 782 1134 alias
804 1065 1088 1131 determinationes
1110 1085 1170 1128 non

102 1145 161 1229 qui
186 1165 237 1208 em
259 1145 506 1224 substantiales,
535 1149 587 1214 sed
612 1149 837 1224 accidentales,
860 1168 942 1232 quas
962 1158 1102 1221 natura,
1121 1146 1172 1210 rei

103 1247 156 1290 ars
179 1227 213 1290 in
231 1227 333 1325 ipsam
358 1227 511 1295 inducere
530 1243 684 1329 possunt,
702 1233 734 1296 in
750 1253 784 1298 se
798 1228 1004 1314 recipiendas
1024 1239 1098 1314 apia
1113 1240 1170 1293 est.

100 1303 141 1372 E.
165 1329 211 1394 g„
233 1308 377 1395 liguum,
398 1311 425 1375 si
449 1313 676 1380 consideretur
695 1324 795 1401 prout
814 1331 981 1376 ammaum
1002 1331 1045 1374 ex
1065 1330 1106 1375 eo
1127 1309 1174 1374 el·

100 1389 154 1453 lici
178 1402 293 1474 polest,
318 1394 452 1458 materia
474 1397 607 1460 secunda
627 1397 823 1483 appellatur.
845 1393 917 1469 Qua
943 1403 1053 1479 ruptor
1074 1404 1172 1457 mate-

99 1473 164 1548 ria,
188 1492 294 1558 quac,
317 1482 481 1559 tamquam
507 1478 707 1562 principium
733 1414 970 1551 substantialia,
991 1472 1040 1568 ad¹
1053 1494 1173 1569 corpus

100 1552 305 1619 efficiendum
327 1557 518 1631 concurrit,
540 1570 589 1626 est
616 1559 776 1636 materia,
800 1568 897 1644 prout
917 1568 966 1621 est
983 1575 1109 1640 prima?
1131 1575 1173 1618 ⁵¹·

99 1634 234 1720 quidem
257 1639 410 1714 materia,
427 1649 523 1725 proni
543 1651 591 1706 est
612 1643 765 1716 seeundo,
782 1641 847 1704 iam
869 1635 1032 1733 quoddam
1054 1658 1173 1736 corpus

100 1729 171 1793 esi,
195 1719 271 1803 quia
293 1719 302 1782 i
328 1739 361 1784 sa
384 1719 625 1806 copulationem
653 1720 778 1786 lormae
810 1741 884 1785 cum
907 1730 1043 1784 materia
1066 1739 1171 1803 prima

99 1798 295 1885 expostulat.
343 1799 448 1866 eliniri
471 1812 579 1868 autem
603 1813 707 1889 potest
728 1803 860 1868 matario
875 1802 1006 1886 primo:
1026 1801 1171 1898 Aliquid,

99 1881 270 1968 quodcum
289 1903 347 1970 per
369 1903 399 1948 se
420 1881 457 1948 od
479 1885 565 1950 omni
585 1885 728 1961 essentia,
752 1895 781 1949 et
799 1905 842 1970 pr
906 1884 989 1949 'etate
1010 1896 1115 1958 cocci,
1137 1905 1173 1946 ιιι

94 1967 236 2048 potentia
256 1978 299 2030 est
321 1965 361 2030 od
379 1965 591 2050 recipiendum
612 1969 648 2030 io
671 1989 702 2031 se
728 1965 849 2053 quomii
885 1968 1096 2044 terrentium,
1118 1978 1172 2029 arsi

93 2048 318 2131 proprietatem
337 2047 362 2110 ¹.
386 2046 422 2112 ld
444 2049 595 2134 exemplo
622 2069 640 2114 e
663 2048 760 2113 rebus
792 2048 975 2114 artificiosis
997 2050 1097 2133 petilo
1118 2045 1174 2113 de·

97 2127 216 2194 ciarari
237 2140 353 2214 polest.
377 2129 508 2195 Etenim
530 2131 669 2195 materia
728 2131 794 2194 ima
814 2132 859 2196 ιιι
881 2152 915 2194 se
937 2130 1035 2199 babet
1056 2130 1098 2195 ad
1117 2150 1174 2195 eus

98 2210 258 2287 naturale,
280 2221 317 2278 ui
338 2210 463 2296 lignum
486 2231 520 2275 sc
542 2209 641 2277 babel
662 2149 799 2277 aprmm
821 2211 1047 2288 artificiosam
1070 2212 1173 2299 quia,

98 2293 184 2358 sicui
205 2291 342 2379 lignum,
358 2313 431 2357 cum
455 2289 577 2357 nullam
591 2291 730 2379 liguram
753 2293 960 2361 artificiosam
988 2294 1124 2374 babeat,
1140 2295 1174 2360 ιιι

453 2457 792 2476 Q

136 2552 143 2588 ¹
165 2546 276 2602 Tbeoria
296 2551 329 2604 do
349 2555 478 2612 materia,
498 2557 526 2604 at
543 2555 632 2618 [ormo
649 2555 749 2608 dicitnr
760 2561 1096 2618 calciaretur-scantentes,
1111 2563 1174 2626 quia

98 2624 184 2685 ipsam
203 2637 218 2673 a
240 2620 347 2684 Platona
365 2624 523 2676 inchoatam
543 2625 699 2679 Aristotelea
717 2630 751 2679 ad
771 2632 929 2682 umbilicum
943 2632 1076 2695 perduxit.
1090 2640 1174 2699 atqua

98 2692 255 2746 Scholastioi
274 2699 489 2761 perpolirerunl.
519 2703 546 2748 ei
575 2701 753 2752 illustrarunt.
774 2703 808 2753 ,it
825 2710 888 2754 auto
914 2701 1041 2755 Doctores
1066 2707 1174 2756 mediae

97 2769 192 2818 aetatis
210 2771 346 2831 inqentsm,
367 2775 396 2820 ul
416 2768 577 2821 blosbemius
597 2775 647 2830 aii,
668 2777 806 2826 Doctorum
822 2791 968 2834 numerum,
988 2777 1175 2842 inprimisque

96 2852 121 2890 a.
142 2839 318 2902 Augustinum
339 2843 382 2892 iiia
403 2842 505 2893 theoria
525 2843 644 2895 lautores
669 2846 771 2898 babuit.
793 2845 821 2898 in
841 2849 942 2899 receuti
966 2855 1059 2899 autem
1082 2856 1175 2901 natata

97 2907 243 2962 leibnitius
262 2913 376 2975 primum
396 2929 412 2964 a
432 2922 575 2980 systemata
595 2920 711 2970 atomico
729 2920 762 2970 ad
782 2920 953 2986 dynamicum
970 2921 1082 2983 gradum
1096 2923 1173 2982 laeli,

96 2982 201 3040 deinde.
224 2983 273 3035 boo
292 2986 373 3036 etiam
394 2985 498 3045 relicto,
519 2987 551 3038 ad
572 2992 727 3051 maurium,
741 2997 768 3042 ai
782 2991 895 3042 incusam
909 2991 1038 3056 coniugii.
1054 2992 1175 3059 Denique

96 3055 174 3108 bodie
195 3061 246 3107 uon
266 3059 343 3120 pauci
364 3060 414 3111 boc
433 3065 548 3125 systema
570 3068 722 3120 sectantur,
743 3065 812 3115 inter
829 3079 897 3129 qnos
915 3069 1174 3116 commemoratione

96 3128 168 3194 digni
187 3134 249 3180 sunl
269 3125 359 3182 liarlb.
382 3129 570 3182 Salat-liiiaire
590 3169 596 3192 ‚
617 3140 645 3186 et
664 3150 696 3187 ea
718 3134 788 3186 ltalia
808 3133 1025 3195 brantarrolius.
1046 3133 1171 3194 Contiua.

97 3196 431 3325 Thommasins,¹Sautina,
452 3200 619 3266 Lirarauins,
640 3205 848 3268 iirancasebiua,
870 3215 897 3260 et
915 3210 1059 3274 praecipua
1079 3210 1109 3262 Ρ.
1131 3206 1176 3262 Li·

95 3272 227 3338 beratora,
249 3271 276 3325 S.
313 3309 320 3324 .

131 3345 143 3383 ²
163 3343 198 3399 Ci
213 3363 235 3400 s.
258 3345 340 3411 Aug..
361 3348 489 3411 Cunissa,
509 3346 556 3397 lib.
572 3345 632 3407 xit,
652 3366 678 3402 o.
693 3353 723 3410 o,
743 3367 771 3402 n.
785 3353 813 3410 6,
827 3358 855 3404 et
871 3357 909 3405 lie
926 3360 982 3405 nai.
1003 3353 1064 3402 bora.
1084 3361 1172 3405 contr.

94 3419 225 3477 Maniai..
246 3417 294 3469 lib.
317 3415 345 3474 l.
366 3433 392 3471 c.
415 3420 459 3471 ta.
487 3418 555 3470 ilinc
573 3435 596 3471 s.
617 3419 733 3477 Tboruas
752 3425 811 3474 aits
833 3446 844 3469 ι
867 3423 979 3477 blatarta
1006 3427 1116 3488 propria
1133 3429 1174 3477 io·

94 3489 201 3550 quando
213 3503 265 3540 uon
279 3489 360 3540 babet
371 3492 524 3551 essentiam,
539 3493 585 3542 aad
598 3500 639 3545 eat
652 3509 714 3558 para
726 3499 856 3547 amentiae
876 3501 957 3549 iollna
969 3517 981 3542 ι
995 3492 1057 3562 (oq.
1068 3499 1172 3563 diruit..

95 3559 136 3609 Da
159 3560 230 3616 Ver..
250 3574 278 3623 q.
300 3557 346 3620 lli,
366 3576 393 3612 a.
414 3564 432 3613 ii
450 3564 482 3612 ad
502 3559 577 3630 ull).
599 3561 635 3617 Et
653 3581 678 3618 s.
700 3566 896 3621 Marruuium:
913 3568 1049 3622 allateria
1069 3575 1111 3620 sal
1131 3571 1174 3621 iu·

94 3627 232 3686 distinata,
251 3636 279 3680 at
297 3632 429 3693 passibilis
447 3635 480 3682 ad
500 3635 695 3690 distinctionem
715 3656 762 3706 par
782 3641 895 3694 formam
909 3663 934 3704 ις
950 3645 980 3694 in
993 3641 1040 3694 ιιι.
1055 3644 1072 3693 1
1082 3643 1172 3709 Sena,

95 3695 163 3752 llist.
186 3695 257 3762 xlx,
277 3713 304 3764 p.
325 3698 346 3761 l,
367 3715 394 3752 a.
417 3704 442 3764 i,
463 3719 490 3769 q.
512 3705 528 3756 3
547 3709 626 3760 remi.
