2475 3909
474 167 746 216 anennoeoconm
1045 149 1101 216 201

74 265 248 337 motusque
271 273 327 317 cor
351 253 418 317 oris
441 252 603 318 mirabilis
625 251 793 316 consensio
815 253 955 328 existat,
979 255 1023 318 ita
1046 267 1083 321 ut
1103 277 1145 319 ex

72 273 389 420 apprehensionihns
412 334 538 398 animae
561 354 679 429 corpus
702 355 797 419 saepe
820 345 1075 411 transmutetur,
1098 348 1146 402 at-

72 438 138 498 que
162 418 447 484 transmutationes
462 417 607 501 corporis
625 437 656 478 tn
672 417 814 480 animam
836 438 931 502 saepe
950 416 1142 484 redundent.

70 499 178 563 Nemo
200 502 285 563 certe
307 520 370 562 non
396 500 508 573 novit,
532 509 569 563 ut
590 497 691 562 multa
719 497 782 561 alia
807 499 859 563 hic
882 511 1145 584 praetereamus,

75 579 173 656 illud,
218 580 280 644 nod
305 603 331 645 s.
355 581 493 644 Thomas
514 579 697 655 adnotavit,
722 597 840 662 corpus
861 601 903 646 ex
924 581 1053 646 assidua
1076 585 1146 646 ani-

71 664 118 726 mi
145 600 353 728 meditatione
373 661 562 744 defatigari,
584 675 613 728 et
638 662 780 726 vicissim
804 683 845 726 ex
867 665 1014 750 corporis
1028 662 1145 728 delati-

75 745 206 829 gatione
228 746 376 864 pniurum
398 745 443 809 ita
464 745 571 820 affici,
594 752 631 807 ut
653 742 690 806 ad
715 742 939 810 meditandum
971 767 1086 831 parum
1112 768 1146 810 a·

101 829 216 891 tussit
244 875 250 886 .

74 847 167 972 pli.
190 909 349 972 Recentcs
371 906 573 992 Philosophi,
588 926 727 989 quorum
747 906 894 992 plerique
910 909 1051 973 animam
1074 929 1143 973 esse

73 989 215 1054 sormam
236 987 482 1054 substantialem
505 989 652 1072 corporis
677 985 810 1054 inficiati
834 1003 930 1064 sunt,
953 1011 1143 1056 consensum

73 1071 162 1137 inter
182 1070 338 1155 quasdam
371 1072 586 1154 cogitationes
614 1070 732 1141 animi,
755 1073 975 1156 motionesque
998 1075 1144 1158 corporis

71 1156 292 1218 commercium
307 1160 476 1228 vocarunt,
497 1153 653 1235 variaque
669 1163 840 1238 systemata
862 1156 1033 1218 commenti
1056 1164 1142 1230 sunl,

71 1247 110 1300 ut
125 1236 212 1300 illins
227 1237 387 1301 rationem
402 1235 465 1298 assi
492 1247 617 1314 nerent.
633 1235 701 1296 Nos
719 1233 861 1316 primum
877 1237 956 1300 hacc
972 1247 1143 1322 systemata

69 1315 326 1394 recensebimus,
341 1327 373 1382 et
387 1255 586 1390 releliemus3
603 1313 718 1378 deinde
737 1314 823 1379 illius
845 1320 1048 1392 commercii,
1063 1319 1142 1392 sive,

69 1399 122 1464 uti
147 1397 256 1465 aiebat
277 1420 302 1462 s.
327 1399 555 1544 Anyustinus,
584 1398 738 1460 consortii
765 1398 887 1462 animae
909 1411 935 1462 ct
958 1403 1097 1483 corporis
1117 1403 1142 1476 ²,

69 1481 251 1556 rationem,
275 1501 374 1545 secun
399 1502 454 1545 um
476 1479 750 1546 scholasticorum
774 1480 931 1544 theoriam
955 1485 1042 1549 circa
1069 1481 1145 1548 suh-

73 1563 257 1628 stantialem
284 1565 439 1628 unionem
466 1563 604 1638 animae,
628 1572 661 1627 ct
687 1563 847 1647 corporis,
872 1563 1054 1628 reddemus.

273 1689 340 1741 har.
357 1687 378 1739 l.
394 1685 479 1736 -lle
498 1692 643 1750 systemata
668 1689 819 1738 mediatoris
840 1690 942 1751 plastiot

112 1798 166 1861 tn.
190 1799 372 1882 Antequam
394 1795 456 1860 tria
480 1791 620 1860 illustria
641 1803 813 1881 systemata
837 1795 980 1871 influxus
1005 1795 1143 1880 physici,

71 1879 347 1954 occosimolismi,
369 1889 400 1942 et
420 1876 598 1942 harmonico
616 1873 846 1961 praestabilitate
871 1874 909 1940 ad
933 1897 1069 1941 examen
1091 1899 1142 1943 re·

71 1981 238 2036 vocemus,
260 1961 416 2026 sententia
439 1962 528 2025 loan.
552 1958 672 2024 Clerici
701 1956 843 2024 breviter
868 1957 1063 2025 confutanda
1086 1980 1144 2024 no·

71 2042 125 2107 his
146 2058 205 2110 est.
229 2044 320 2107 lianc
352 2041 608 2108 confutationem
642 2042 823 2127 praeterire
853 2040 1042 2116 noluimus,
1088 2043 1143 2114 nia

74 2122 130 2188 illa
153 2128 334 2198 sententia,
366 2145 442 2188 cum
475 2124 601 2188 iamdiu
624 2134 773 2190 emortua
796 2122 985 2198 videretur,
1083 2144 1143 2188 oa

72 2208 229 2272 versario
251 2206 446 2270 Bononiensi
464 2207 475 2241 ⁸
495 2207 691 2270 exsuscitata
714 2215 772 2269 est.

112 2288 164 2354 43.
188 2289 275 2352 loan.
300 2285 447 2352 Clericus
456 2289 622 2362 animam,
645 2298 677 2353 et
698 2307 817 2372 corpus
832 2307 892 2371 per
906 2297 1054 2352 naturam
1077 2298 1141 2352 ter·

72 2371 156 2437 tiam
176 2373 347 2454 utriusque
369 2369 560 2455 participem
585 2369 671 2433 uniri
692 2371 778 2433 inter
792 2387 861 2433 sese
876 2368 992 2444 voluit,
1016 2377 1046 2432 ct
1069 2389 1145 2433 con-

73 2471 203 2516 sensum
226 2453 310 2519 inter
330 2452 544 2537 cogitationes
568 2453 723 2526 animae,
745 2460 777 2516 et
799 2459 906 2515 motus
934 2450 1081 2534 corporis
1103 2471 1144 2513 ex

72 2555 113 2598 eo
133 2535 332 2620 explicavit,
353 2532 441 2620 qnod
473 2534 551 2598 haec
573 2531 678 2596 media
703 2544 818 2597 natura
840 2534 987 2617 suggerit
1015 2531 1143 2596 animae

71 2615 235 2703 quidquid
259 2638 371 2683 rerum
392 2614 427 2680 tit
447 2615 479 2678 in
501 2635 663 2698 corpore,
687 2625 720 2678 et
742 2614 774 2678 in
803 2634 939 2699 corpore
968 2615 1145 2698 exequitur

71 2699 234 2785 quidquid
255 2701 364 2764 anima
386 2697 417 2760 ei
441 2696 647 2779 praescribit,
670 2697 749 2781 quin
771 2717 884 2762 causas
908 2717 1039 2762 suarum
1069 2718 1144 2784 opo·

70 2783 237 2849 rationnm
259 2781 466 2865 cognoscat⁴.

115 2867 168 2931 dd.
192 2863 291 2948 Prop.
314 2861 456 2946 Syrtemo
477 2860 655 2922 mediatoris
672 2858 800 2942 plostici
822 2859 993 2924 absurdum
1015 2870 1071 2925 cst.

115 2944 285 3010 Probatur.
311 2944 344 3010 Si
369 2943 453 3007 inter
472 2942 637 3014 animam,
660 2951 692 3006 et
713 2962 831 3026 corpus
860 2953 975 3010 natura
1010 2943 1141 3018 media,

71 3049 158 3113 quac
180 3027 223 3091 sit
243 3028 415 3109 utriusque
439 3023 624 3109 particeps,
647 3024 821 3098 existeret,
843 3034 1012 3110 oporteret
1037 3027 1142 3110 ipsam

71 3131 142 3174 esse
163 3110 259 3174 simul
281 3127 491 3193 corpoream,
515 3105 701 3190 cognitione
718 3105 910 3190 praeditam,
927 3116 959 3171 et
973 3106 1144 3190 cogitatio-

71 3194 126 3258 nis
146 3200 325 3278 expertcm,
347 3188 531 3273 ceterisque
554 3188 715 3274 oppositis
743 3187 999 3274 proprietatibus
1022 3187 1144 3274 pollan-

420 3347 749 3360 —0-0—

109 3433 120 3472 ¹
141 3435 191 3497 (lp.
210 3433 309 3494 dlepp„
332 3431 369 3480 Dc
392 3431 464 3484 Ver„
484 3443 512 3490 q.
532 3425 630 3484 XXVl,
650 3441 676 3477 a.
701 3429 731 3478 ld
752 3444 779 3481 c.

109 3506 120 3542 ²
139 3508 169 3555 ln
191 3506 284 3552 locun.
306 3504 404 3563 Eonnp.
424 3515 448 3548 a.
472 3503 502 3557 V,
524 3504 603 3549 tract.
624 3497 723 3554 XXlll.
744 3519 772 3554 n.
793 3504 821 3555 5.

110 3578 120 3613 ⁵
140 3579 234 3637 suppio
252 3575 499 3635 au'tcmpcrommtt,
520 3567 634 3634 Bologna
657 3573 737 3624 1864.

111 3649 120 3690 ³
141 3643 314 3711 Bibliothe’ptte
332 3647 437 3703 adolric,
459 3649 478 3693 t.
502 3641 534 3703 ll,
556 3659 583 3708 p.
606 3645 656 3696 lid
675 3659 736 3713 sqq.
