2475 3909
475 178 749 225 suannoroaocm
1034 158 1093 226 281

68 282 128 326 nec
140 261 320 407 composita
334 271 393 339 cst,
409 280 513 345 neque
534 260 663 329 dissolvi
687 271 806 347 potest,
830 259 978 346 sequitur
999 281 1072 325 eam
1088 261 1137 325 iu-

69 345 215 428 corrupti
244 343 330 417 ilem,
351 354 385 409 et
407 343 621 408 immortalem
643 364 711 407 esse
728 344 737 381 ¹
756 368 783 407 n.

110 424 183 490 206.
208 426 278 488 lloc
298 434 525 508 argumentum
548 447 589 488 ex
612 426 775 509 Aquinate
798 432 905 489 nostro
927 422 971 486 ita
993 418 1137 507 explica-

70 518 148 571 tur:
178 506 238 569 Rei
269 506 437 590 corruptio
468 505 591 591 duplici
629 506 754 572 ratione
786 506 974 589 contingere
1007 513 1135 589 potest,

71 607 189 672 nempe
222 586 270 651 vel
288 607 347 670 per
369 607 425 661 se,
447 589 500 652 vel
516 606 577 671 per
597 589 750 652 occidens.
774 588 881 652 Priori
915 584 1138 670 corruptionis

72 668 183 750 generi
204 667 346 734 obnoxia
369 679 444 734 sunt
465 690 515 745 ee,
538 690 622 753 quae
644 690 684 733 ex
708 670 856 745 materia,
880 677 912 733 et
934 666 1040 731 forma
1063 686 1137 730 cou-

70 750 269 825 stituuntur3
286 752 355 835 ipsa
377 750 465 815 euim
486 772 582 815 suum
604 770 665 815 esse
686 752 851 828 amittunt,
866 750 891 815 si
908 748 1013 813 forma
1035 768 1137 811 ama-

55 832 155 896 ·teria
177 843 366 916 separetur;
390 831 484 897 alteri
514 831 736 898 subiiciuntur
757 854 869 898 omnes
889 831 1013 897 formae
1036 828 1135 905 illae,

71 912 211 997 quaein
233 933 266 976 εε
289 935 352 977 nou
375 913 581 989 subsistunt,
603 912 659 977 sed
679 914 785 998 quoad
809 916 858 979 sui
887 910 1094 979 existentiam
1116 932 1135 974 a

71 992 218 1059 subiecto
239 994 447 1081 corruptibili
470 994 623 1080 pendent,
640 996 684 1060 ita
708 1008 744 1062 ut
764 996 834 1068 illo,
850 996 903 1060 cui
926 995 1048 1069 insunt,
1071 991 1136 1057 dis-

68 1075 200 1153 soluto,
223 1085 255 1141 ει
277 1078 367 1161 ipsae
390 1075 538 1142 desinant
561 1098 689 1141 necesse
712 1080 797 1143 est².
821 1077 918 1163 Atqui
942 1076 1050 1139 anima
1078 1074 1135 1139 hu·

72 1178 166 1221 mana
189 1159 261 1221 eius
283 1169 418 1222 naturae
439 1168 514 1235 est,
537 1170 573 1225 ut
595 1170 710 1224 neutro
733 1160 828 1224 modo
856 1158 991 1224 interire
1038 1158 1133 1232 ossit;

69 1258 133 1302 non
154 1240 290 1323 quidum
313 1240 416 1325 priori
439 1240 550 1317 modo,
566 1242 644 1337 quia
666 1250 714 1305 εει
735 1241 915 1306 substantia
938 1176 1136 1303 intellectua-

70 1319 126 1385 lis:
151 1321 271 1385 «nulla
293 1332 404 1385 autem
426 1322 605 1387 substantia
633 1320 862 1387 intellectualis
890 1331 938 1385 est
959 1320 1135 1405 composita

67 1424 110 1467 ex
131 1404 283 1478 materia,
305 1412 338 1468 et
360 1401 464 1469 lorma
478 1405 490 1441 ⁸
504 1424 538 1480 »3
555 1423 660 1487 neque
683 1404 797 1479 altero,
817 1404 904 1499 quia'
917 1411 963 1465 est
984 1424 1002 1464 u
1017 1400 1135 1487 forma,

66 1502 149 1630 puae
172 1482 268 1550 habet
281 1505 351 1549 esse
373 1502 436 1549 non
459 1484 643 1571 dependens
664 1483 881 1561 ahe0,cu1us
903 1494 951 1547 εει
972 1482 1132 1547 sormam.

96 1586 113 1628 r
135 1586 166 1629 o.

107 1586 180 1713 {pp
197 1645 417 1711 Confirmatur
439 1646 554 1713 eadem
577 1648 758 1732 propositio
781 1657 849 1713 tum
872 1668 912 1711 ex
935 1665 954 1709 ο
978 1646 1135 1720 eratione,

66 1748 152 1814 quae
175 1727 352 1793 intellectio
375 1729 585 1814 appellatur,
607 1738 675 1793 tum
697 1750 739 1794 ex
761 1731 794 1794 in
817 1728 905 1794 enito
931 1666 987 1792 itlo
1010 1725 1136 1795 deside-

66 1812 145 1887 rio,
170 1830 235 1895 quo
258 1810 367 1874 anima
390 1811 515 1895 appetit
536 1831 667 1895 semper
688 1832 769 1876 esse.
793 1750 834 1875 lt
856 1831 931 1875 sane
955 1806 988 1873 1⁰
1012 1805 1135 1874 intelle-

65 1893 130 1958 ctio
153 1893 302 1958 exeritur
323 1911 362 1955 eo
386 1892 472 1976 quod
496 1891 676 1957 intellectus
697 1912 787 1975 accus
806 1893 905 1958 allicit
925 1892 1065 1975 speciem
1085 1892 1134 1956 rei

66 1988 141 2042 actu
164 1970 424 2058 intelligibilem,
447 1994 563 2059 nempe
586 1974 857 2051 immaterialem,
880 1985 912 2040 et
932 1974 1007 2039 ideo
1029 1972 1135 2037 incor-

66 2054 273 2141 ruptibilem,
289 2064 385 2138 atque
409 2054 593 2121 intellectus
615 2056 778 2141 possibilis
794 2055 896 2131 illam,
914 2066 1010 2140 prout
1024 2053 1135 2119 huius·

67 2140 157 2208 morli
181 2147 247 2212 cst,
277 2137 312 2200 iu
333 2156 366 2200 se
387 2137 508 2220 recipit
522 2139 546 2199 ⁵.
571 2140 639 2203 lam
661 2136 773 2219 faciens
795 2148 835 2201 est
858 2136 1071 2201 honorabilius
1090 2136 1135 2217 pia-

65 2224 157 2297 cto⁸;
173 2219 328 2305 quocirca
350 2218 376 2281 si
401 2218 584 2285 intellectus
606 2241 705 2305 agens
724 2220 800 2303 feeit
822 2230 896 2283 netu
910 2216 1133 2301 intettipttitta,

66 2322 166 2383 quae,
189 2303 394 2386 inquantum
416 2298 626 2377 huiusmodi,
649 2312 725 2366 sunt
745 2300 1013 2383 incorruptibilia,
1036 2300 1134 2363 molto

60 2385 176 2467 fortius
197 2384 267 2469 ipse.
288 2382 350 2445 erit
372 2380 649 2465 incorruptibilis,
673 2404 709 2446 ac
733 2382 866 2467 proinde
889 2392 921 2447 ει
941 2379 1049 2445 auimo
1076 2380 1133 2445 lu-

63 2488 181 2543 meae,
202 2466 295 2531 cuiue
314 2464 419 2527 lumea
439 2474 481 2525 eet
502 2463 677 2528 intellectus
698 2486 787 2548 apem
802 2466 826 2527 ².
851 2465 960 2539 ltem,
982 2488 998 2524 a
1017 2482 1134 2528 uuum-

101 2697 161 2750 ttn
180 2703 302 2754 Maximo
319 2702 477 2752 Bibliotheca
497 2704 616 2760 Petrum,
637 2708 658 2753 t.
680 2700 727 2761 lll,
747 2716 774 2765 p.
794 2702 858 2763 aio,
879 2699 998 2765 tentent
1021 2700 1102 2755 tots.

98 2770 112 2808 ²
131 2766 167 2823 Cl
183 2775 306 2831 coemat..
326 2786 353 2823 e.
374 2770 408 2829 v,
428 2786 454 2823 a.
475 2774 504 2832 ll,
523 2788 552 2837 p.
576 2775 636 2827 ll5.

98 2842 220 2894 'centn
241 2848 327 2903 sena..
349 2846 394 2894 lib.
416 2842 449 2902 ll,
470 2858 495 2895 o.
517 2846 563 2896 53.

99 2913 111 2951 ⁵
131 2918 180 2980 οφ.
199 2918 296 2981 ἀιῳρ..
315 2930 343 2980 q.
359 2931 405 2966 un.
421 2919 460 2966 De
472 2919 574 2976 Antan,
587 2932 615 2968 a.
633 2918 665 2969 ll
678 2918 711 2968 ad
724 2918 752 2969 e.
772 2914 885 2969 Sanetus
904 2914 1002 2969 Ductor
1015 2915 1134 2989 (tutte.)

59 2988 115 3039 hae
134 2990 185 3038 atta
206 2991 307 3040 ratione
327 2994 545 3051 argumentatur:
566 2992 629 3041 Eue
646 2996 686 3039 est
705 2990 823 3054 aliquid,
841 2991 912 3054 quaed
930 3006 977 3053 per
996 3005 1024 3041 aa
1042 3004 1135 3041 conse·

59 3064 156 3125 quitur
175 3060 300 3111 lormm.
315 3056 384 3124 Ergo
402 3060 425 3109 st
445 3060 530 3111 torma
550 3063 584 3111 sit
604 3063 759 3120 subsistens,
774 3076 870 3125 nempe
885 3063 954 3120 tells,
975 3068 1004 3113 ut
1023 3064 1078 3125 tpu
1099 3064 1134 3113 eit

58 3133 141 3193 tutuo,
156 3133 226 3198 quod
245 3133 325 3182 habet
343 3146 408 3191 ease,
423 3134 516 3196 nequit
533 3134 654 3195 prolecto
674 3134 771 3197 princi
791 3149 855 3192 esses
869 3148 923 3185 esee
941 3136 1012 3187 cutm
1032 3135 1065 3185 ab
1085 3134 1134 3185 ltu·

60 3205 179 3255 luomocli
199 3203 285 3255 forma
305 3204 423 3267 separari
441 3203 511 3253 idem
531 3204 611 3264 locet,
632 3220 663 3256 ue
683 3205 798 3257 sormam
821 3207 937 3270 separari
956 3219 972 3255 a
990 3206 1086 3268 seipsa,
1109 3207 1134 3255 ld

57 3277 133 3341 quod
152 3276 313 3339 impunibile
331 3280 382 3326 est.
403 3270 484 3339 ltqut
504 3277 594 3328 aalma
613 3278 729 3327 hurnana
749 3284 791 3328 est
809 3278 892 3331 torma
906 3272 1133 3341 subsistencllrgo

58 3362 117 3401 uon
136 3352 222 3411 potest
240 3349 361 3399 desinere
379 3360 448 3405 cuc,
468 3360 565 3412 nempe
583 3355 625 3401 est
644 3350 860 3413 incorruptibilis.

98 3416 167 3474 δίὲι
184 3423 312 3484 Dpuom„
332 3435 358 3471 e.
379 3416 472 3477 1v‚a.
492 3421 520 3479 4,
541 3436 569 3483 p.
590 3420 642 3471 tao
661 3422 714 3472 rol.
736 3420 757 3472 l.

97 3492 112 3529 θ
134 3513 145 3538 ι
167 3489 277 3554 Oportet
298 3492 439 3542 lactentem
460 3493 556 3543 mellus
574 3492 675 3557 aliquio
694 3492 792 3544 hahere
811 3492 843 3543 ad
863 3490 1030 3554 laciendum,
1050 3506 1133 3559 quam

57 3571 103 3621 ant
124 3565 150 3615 id
168 3566 239 3628 quod
258 3564 322 3614 l’acit
344 3583 369 3619 ι,
390 3576 412 3611 e.
434 3562 515 3625 arag..
539 3567 576 3616 De
594 3570 669 3618 tmm.
691 3569 787 3627 actm„
808 3578 834 3616 c.
855 3564 883 3625 8,
904 3578 930 3616 n.
955 3563 998 3617 ll.

96 3638 110 3678 7
131 3638 220 3690 Contr.
240 3637 327 3697 aaut„
348 3636 393 3686 lib.
415 3632 449 3696 ll,
469 3649 497 3688 o.
518 3636 562 3691 ts.
