2475 3909
555 140 738 191 arnuncort
1110 128 1149 195 13

528 278 553 345 (i
565 283 593 343 Α
605 282 630 345 P
641 281 670 345 V
684 282 710 344 T
741 282 783 345 11.

187 408 231 477 Ite
253 414 378 479 entium
398 416 557 495 essentia,
581 419 775 494 existentia,
799 422 835 483 et
856 419 1121 501 proprietatibus

162 550 337 634 Postquam
359 551 573 619 disseruimus
597 554 636 619 de
658 568 730 624 ente
745 553 891 621 absolute
912 564 1068 640 spectato,
1091 570 1190 642 prout

119 652 237 716 nempe
259 631 419 719 quidquid
443 634 477 699 in
499 636 597 701 rebus
619 636 713 701 nobis
734 638 895 713 occurrit,
918 638 1007 702 veiut
1027 638 1188 723 quoddam

119 734 183 777 esse
206 734 225 776 a
248 713 339 777 nobis
363 715 570 801 intelligitur,
586 718 625 782 ad
648 717 792 782 diuersas
813 719 966 794 rationes,
983 741 1063 804 quas
1080 722 1189 785 inesse

119 816 232 859 rerum
254 806 435 861 creatarum
458 799 744 891 apprehendimus,
768 820 882 885 nempe
903 821 965 864 eree
979 802 1139 880 asseruiae,
1161 825 1190 866 e-

119 878 298 954 xistentiae,
321 890 352 943 et
367 892 596 962 propraetutum
618 880 827 965 exponendas
848 881 1107 967 progrediamur.

223 1009 290 1061 Aur.
312 1008 496 1064 i.—Notiouee
515 1016 656 1071 essentiae,
676 1014 841 1071 existentiae,
862 1020 888 1062 et
908 1016 1100 1074 proprietatum

574 1087 745 1136 necterentur

162 1201 212 1268 at.
238 1203 316 1269 Esse
338 1204 493 1283 essentiae,
510 1205 561 1269 vei
584 1204 778 1292 simpliciter
798 1206 938 1272 essentia
960 1202 1127 1283 definitur,
1142 1206 1187 1285 id,

120 1307 180 1371 pua
203 1286 328 1372 aliquid
349 1286 384 1351 in
405 1298 488 1352 certa
514 1307 622 1350 rerum
644 1289 742 1370 specie
764 1285 958 1363 collocatur,
979 1285 1028 1350 vei
1052 1287 1086 1350 id
1103 1337 1110 1364 ,
1129 1308 1190 1373 per

140 1368 203 1432 aad
223 1389 271 1433 ree
292 1378 335 1433 est
358 1369 404 1445 at,
421 1368 501 1455 quad
523 1379 578 1447 est,
594 1389 630 1432 aa
644 1390 665 1431 a
678 1368 788 1431 ceteris
807 1366 898 1431 rebus
912 1367 1153 1434 discriminatur
1164 1372 1188 1435 ⁴.

121 1390 274 1516 iassenua
297 1449 420 1515 dicitur
440 1471 571 1547 quoquc
594 1446 628 1515 1⁰
642 1452 727 1513 ratio
747 1450 806 1528 rei,
829 1450 907 1594 puin
931 1451 1000 1533 ipsa
1023 1460 1072 1515 est
1093 1454 1190 1532 ratio,

121 1530 164 1597 ub
186 1553 285 1618 quum
308 1554 358 1597 res
381 1544 428 1597 ost
450 1534 496 1608 ui,
519 1530 604 1615 quod
627 1541 693 1607 est3
715 1530 751 1594 2⁰
772 1532 828 1615 qui
850 1531 951 1608 ditus,
975 1532 1052 1614 quia
1074 1544 1122 1599 est
1144 1535 1189 1612 id,

120 1636 187 1699 quo
210 1613 424 1699 respondetur
444 1615 482 1677 nd
505 1614 743 1697 quaestionem,
759 1614 834 1698 quid
856 1634 904 1677 res
923 1614 965 1676 sit
981 1615 1007 1689 ²3
1029 1612 1063 1679 3⁰
1077 1617 1189 1697 forma,

120 1699 200 1781 quia
222 1695 340 1774 fornia,
357 1706 393 1761 ut
406 1717 464 1761 suo
488 1696 559 1760 ioco
574 1692 770 1769 videbimus,
786 1707 834 1761 est
848 1693 895 1770 id,
910 1716 975 1779 quo
996 1716 1046 1759 ras
1072 1698 1105 1759 in
1120 1719 1193 1782 spe-

120 1781 171 1844 cie
193 1779 421 1856 constituitur,
444 1789 539 1862 atque
560 1776 660 1843 distin
684 1776 775 1840 uitur
796 1798 815 1840 a
837 1776 989 1853 materia,
1013 1798 1191 1865 perquam

120 1862 246 1957 species
268 1862 301 1924 in
324 1860 436 1957 aliquo
460 1856 632 1924 individuo
653 1796 904 1936 ‹ietermtnarun
920 1855 1092 1935 umam,
1111 1864 1190 1945 quia
1218 1856 1225 1869 '

120 1963 191 2029 apsa
212 1953 259 2007 cst
282 1962 503 2028 principium,
526 1962 568 2005 ex
589 1961 654 2026 quo
676 1940 911 2026 proprietates,
933 1950 965 2004 et
986 1944 1192 2026 operationes

119 2026 168 2089 rai
190 2036 372 2101 nascautur,
396 2044 453 2089 sau
479 2032 680 2108 promanant.

160 2106 211 2173 35.
236 2106 415 2170 Existautia
437 2115 546 2170 autem
569 2106 672 2168 variis
693 2102 799 2167 modis
820 2106 942 2189 exponi
965 2104 1056 2181 sciet,
1077 2107 1135 2188 qui
1150 2103 1192 2168 ad

118 2185 207 2253 idem
231 2186 391 2252 recidunt.
415 2187 486 2272 Ipsa
510 2187 597 2250 enim
618 2186 744 2251 dieitur
763 2197 872 2261 uatus,
895 2207 954 2274 quo
976 2207 1044 2263 rer,
1065 2189 1129 2251 siue
1148 2206 1192 2249 es-

117 2272 216 2335 sentia
238 2278 295 2345 ert,
318 2268 367 2333 vei
390 2269 437 2347 id,
459 2289 518 2355 pua
539 2288 599 2346 rer,
622 2290 674 2332 reu
695 2268 824 2333 essentia
838 2278 929 2333 eaetra
948 2270 1086 2334 nihilum
1108 2270 1215 2347 sisti-¹

119 2364 185 2426 tur,
209 2350 258 2416 vei
282 2350 425 2426 brevius,
448 2350 612 2415 actualitas
636 2351 792 2414 essentiae.

160 2433 210 2499 36.
234 2432 384 2517 Denique
407 2454 468 2497 esse
485 2433 737 2517 proprietatum,
764 2430 814 2497 vei
837 2431 1061 2496 attributorum
1082 2442 1133 2496 est
1153 2430 1193 2494 ii·

117 2514 198 2593 tud,
220 2513 306 2600 quod
329 2517 487 2580 essentiae
510 2516 575 2578 iam
598 2517 792 2581 constitutae
814 2512 994 2590 adiicitur,
1018 2516 1059 2579 ab
1087 2532 1190 2598 eaque

116 2597 185 2662 sive
207 2599 401 2675 necessario,
425 2599 493 2662 sive
513 2598 738 2682 contingenter
761 2608 942 2682 promanat.

230 2734 296 2785 nar.
318 2732 350 2784 ii.
364 2762 396 2771 -—
411 2731 503 2784 Lockii
522 2740 548 2783 et
568 2730 695 2785 (liubertii
720 2748 794 2783 error
814 2737 886 2783 circa
905 2736 1083 2797 cognitionem

456 2808 587 2856 assentite
615 2820 705 2854 rarum
726 2805 858 2855 restitutur

159 2912 211 2976 37.
234 2910 375 2975 Loekius
396 2913 550 2975 essentias
571 2910 604 2973 in
636 2908 832 2986 nominatas,
855 2918 887 2974 et
908 2910 1002 2974 reatu
1030 2910 1190 2979 distinxit.

116 2993 236 3059 Reuies
256 2994 425 3071 essentiae,
441 2992 512 3057 eius
536 2990 673 3068 iudicio,
701 3001 777 3061 suat
796 3011 881 3077 quaa
903 2992 1032 3080 physica
1054 3015 1105 3058 res
1118 3014 1194 3059 con-

153 3183 162 3219 ¹
185 3178 251 3231 Hinc
270 3178 338 3228 aiter
358 3178 451 3229 modus
469 3180 609 3231 definiendi
623 3182 765 3231 essentiam
788 3182 961 3245 consequitur
979 3187 1108 3245 primum,
1129 3198 1193 3236 uam

114 3266 160 3305 ree
178 3265 211 3304 ax
228 3264 278 3306 eo.
298 3251 368 3314 quod
387 3252 419 3299 at
439 3258 541 3302 certum
560 3254 677 3317 speeiem
697 3256 830 3316 pertinet,
850 3252 967 3305 efficitur
985 3254 1030 3315 id,
1050 3257 1120 3320 quod
1139 3262 1190 3314 est,

114 3330 198 3390 atque
217 3337 232 3374 n
252 3326 349 3373 ceteris
369 3325 447 3377 rebus
465 3324 675 3375 discriminatur.
696 3322 737 3375 Er
755 3338 788 3377 eo
807 3331 915 3386 nutam,
935 3328 1006 3390 attat
1024 3340 1067 3379 raa
1087 3342 1133 3391 per
1151 3344 1193 3380 es·

115 3400 229 3449 tantiam
249 3401 289 3453 sat
308 3396 345 3452 iti,
364 3396 435 3459 quoti
454 3402 507 3454 ert,
526 3396 650 3457 efficitur,
670 3400 897 3460 quomadmodum
916 3410 939 3448 t.
960 3394 1075 3451 Thomna
1094 3404 1191 3466 inquit,

114 3476 147 3519 ut
161 3472 216 3533 ipsa
230 3482 276 3533 par
289 3472 436 3528 erraatium,
451 3476 474 3517 et
487 3474 516 3519 tn
529 3476 639 3520 errentur
650 3470 744 3520 aaran
756 3486 821 3533 arm
832 3473 873 3522 De
882 3474 945 3523 Eatc
957 3480 980 3522 et
993 3478 1115 3533 orrentia,
1127 3490 1154 3525 a.
1168 3476 1190 3523 t.

152 3542 164 3578 ²
183 3539 259 3592 Hanc
277 3539 313 3588 ob
333 3552 441 3590 causam
461 3540 559 3592 dicitur
577 3543 659 3591 etiarn
678 3543 792 3608 definitio
810 3546 860 3601 rai,
875 3545 938 3609 qnia
957 3545 1085 3606 definitio,
1106 3553 1135 3596 ut
1154 3546 1194 3595 di-

115 3614 203 3666 ximus
224 3616 249 3665 tu
267 3614 354 3678 Lepta.
375 3606 387 3681 (
396 3626 423 3676 p.
438 3610 461 3675 t,
476 3626 502 3664 c.
517 3610 539 3676 i,
552 3626 580 3665 ι.
596 3613 640 3677 10,
654 3626 683 3679 p.
698 3614 729 3667 tt
746 3618 801 3671 rot.
825 3614 858 3686 i),
879 3618 987 3670 denotat
1005 3621 1066 3685 quta
1088 3632 1133 3672 aaa
1151 3621 1192 3671 n't.
