2475 3909
456 205 538 253 rans
563 204 690 253 annena
1034 189 1075 256 59

88 290 139 359 29.
164 293 217 359 Ex
231 290 281 358 bis
294 289 465 356 coniicitur
478 291 537 355 etsi
554 309 667 373 genus,
690 298 723 354 et
736 287 893 366 delinitio,
909 291 1045 381 quidm
1058 294 1114 369 sit,

58 393 171 459 nempe
193 371 338 438 delinitio
364 374 534 438 essentiam
557 382 669 447 totam,
684 381 718 437 et
738 392 891 457 genusex
907 384 997 457 parte
1018 374 1116 441 deno·

56 466 126 531 tent,
144 466 254 521 tamen
276 457 480 539 quaestiones
501 452 686 518 dialecticas
706 454 741 517 de
760 474 880 537 genere,
903 454 990 519 etde
1010 457 1117 523 delm-

55 538 128 599 tiaae
151 535 194 601 ad
216 538 451 622 quaestionem,
476 536 575 623 qualis
594 557 644 599 res
666 536 718 610 sit,
733 548 890 623 spectare,
907 538 941 600 in
963 539 1004 601 iis
1025 539 1113 603 enim

56 618 268 705 investigatur
289 622 487 703 argumentis
507 616 745 716 probabilibus,
768 640 845 683 num
866 619 1003 716 aliquid,
1024 621 1111 717 quod

55 700 97 763 rei
119 701 228 766 inesse
251 711 383 779 constat,
408 704 484 767 insit
507 724 516 765 r
542 701 567 765 si
591 700 641 765 uti
664 720 788 783 genus,
811 702 861 766 rel
883 713 930 766 uu
952 700 1109 770 delinitio.

88 780 140 847 30.
166 781 250 848 lllud
271 792 379 847 autem
401 721 723 847 animadvertendum
744 794 803 862 est,
825 785 1027 870 quaestiones
1048 806 1112 849 non

7 902 8 909 κ
55 882 118 927 esse
142 864 385 942 instituendas,
409 885 491 950 quae
524 862 575 929 vel
597 864 641 927 im
665 866 710 928 iac
731 866 781 931 rel
803 866 978 947 manifestae
998 870 1113 943 sensui,

7 1018 8 1023 γ
56 944 99 1009 rel
120 946 225 1010 nimis
242 946 370 1029 faciles,
392 957 448 1012 aut
467 948 564 1011 nimis
586 883 726 1043 dlldlllssl
747 958 831 1012 suat.
853 949 987 1033 impiae,
1009 972 1039 1013 e.
1062 970 1113 1046 g.,

6 1026 8 1109 l
54 1046 123 1089 aum
148 1028 234 1093 Deus
255 1031 295 1093 sit
309 1029 459 1105 calendio,
474 1029 551 1113 qnia
574 1048 629 1112 qur
651 1027 834 1094 huiusmodi
849 1034 1052 1113 quaestiones
1068 1053 1116 1097 nn·

6 1126 7 1194 Q
55 1110 192 1175 stiterunt
210 1157 218 1186 ,
241 1113 348 1195 potius
369 1121 443 1177 sunt
464 1131 564 1196 poena
587 1109 755 1175 coercendi
773 1160 781 1188 ,
798 1132 895 1196 quam
917 1115 1116 1199 argumentis

55 1191 230 1259 refutandi.
254 1192 335 1257 Tum
357 1193 529 1275 manifestae
551 1193 668 1267 sensui,
690 1213 718 1256 e.
737 1213 783 1277 g,
797 1195 875 1258 sitne
895 1196 955 1259 nic
976 1195 1057 1272 alba,
1071 1217 1114 1259 aa

58 1296 130 1353 non,
156 1297 232 1339 nam
253 1277 401 1361 quisquis
422 1274 460 1339 de
483 1276 531 1340 bis
553 1273 691 1351 dubitat,
714 1296 809 1339 sensu
831 1296 941 1341 carere
963 1276 1117 1342 dicendus

56 1370 109 1423 est.
135 1356 276 1423 Domum
300 1359 398 1421 nimis
415 1358 536 1439 faciles,
558 1365 613 1421 aut
633 1356 730 1421 nimis
751 1356 900 1454 difficiles,
915 1360 994 1444 qnia
1015 1361 1116 1424 animia

4 1506 5 1515 χ
57 1438 197 1506 facilitas
220 1461 348 1504 omnem
370 1440 476 1505 locum
499 1438 692 1505 dubitationi
715 1440 838 1536 eripit,
860 1452 892 1505 et
913 1442 1013 1507 nimia
1035 1441 1116 1507 diffi-

4 1528 5 1607 ᾗ
54 1524 155 1589 cultas
184 1522 470 1598 exercitationem,
498 1540 582 1618 quae
611 1522 801 1586 assecutiom
834 1523 988 1590 scientiae
1021 1522 1117 1591 raldo
1217 1604 1221 1612 1

4 1612 5 1619 ’
55 1606 142 1673 ntilis
165 1615 227 1679 est,
251 1604 428 1682 insuavem,
451 1624 488 1667 ac
508 1601 742 1667 infructuosam
765 1601 882 1671 reddit.

245 1742 312 1794 aar.
335 1740 465 1794 itt-ba
486 1756 533 1793 usu
554 1742 735 1803 dubitationis,
754 1750 782 1795 et
801 1746 927 1796 historiae

406 1816 438 1865 ad
458 1815 685 1879 investigationem
704 1818 758 1868 rerl

2 1954 3 1957 ¹
89 1932 143 1997 31.
168 1928 358 2001 Dialectica,
373 1929 419 1993 uti
436 1927 591 2001 diximus,
603 1929 691 1993 riam
706 1928 746 1993 ad
761 1950 872 2003 verum
889 1930 1117 1997 inveniendum

57 2014 200 2079 indicare
216 2010 322 2075 debet.
339 2010 405 2074 lam
422 2010 711 2093 investigationem
727 2032 745 2073 a
760 2010 1116 2098 dubitatione,eiusquo

56 2097 215 2163 solutione
237 2094 369 2159 initium
390 2114 514 2157 sumere
537 2092 643 2156 debet.
666 2093 761 2167 Sane,
783 2094 837 2179 qui
860 2095 1002 2179 aliquam
1020 2118 1117 2182 qnae·

56 2182 191 2245 stionem
215 2175 376 2251 instituit,
399 2176 438 2240 de
460 2196 522 2249 eo,
544 2173 630 2259 quod
652 2177 798 2270 quaerit,
824 2176 963 2243 dubitat.
986 2180 1118 2245 Etenim

56 2260 203 2347 quaestio
224 2259 310 2323 circa
332 2256 471 2343 aliquam
497 2277 567 2320 rem
595 2256 718 2321 institui
748 2278 810 2322 non
839 2269 964 2345 potest,
990 2263 1052 2327 nisi
1076 2262 1117 2327 ab

56 2368 103 2421 en,
125 2342 188 2429 qui
213 2340 303 2405 illam
328 2339 373 2404 ita
395 2360 428 2405 se
450 2338 589 2413 habere,
611 2337 662 2403 vel
685 2338 730 2403 ita
751 2360 784 2404 se
806 2361 869 2405 non
891 2340 1006 2407 habere
1027 2355 1116 2409 certo

57 2448 115 2493 non
136 2423 319 2511 cognoscit,
342 2420 395 2486 sed
419 2422 503 2487 inter
524 2429 698 2504 utramque
716 2432 839 2506 partem
854 2423 1117 2493 contradictionis

57 2508 195 2575 vacillat.
220 2506 317 2591 Atqui
339 2514 438 2569 status
459 2501 575 2567 mentis
597 2503 682 2566 inter
703 2514 807 2569 utram
832 2527 872 2571 ne
891 2507 1119 2573 contradictio-

58 2594 102 2657 nis
124 2599 253 2676 partem
276 2586 456 2654 vacillantis
473 2583 626 2648 dubitatio
639 2598 784 2652 vocatur.
802 2526 891 2673 llrgo
905 2589 960 2671 qui
975 2590 1117 2674 aliquam

57 2672 277 2759 quaestionem
299 2668 451 2744 instituit,
474 2666 513 2731 de
535 2686 585 2745 eo,
608 2665 695 2751 quod
717 2669 858 2752 quaerit,
881 2668 1019 2737 dubitat.

92 2754 144 2822 3⁴2.
170 2753 239 2818 lam
260 2752 322 2819 ista
343 2748 504 2816 dubitatio
532 2748 637 2814 oritur
664 2770 706 2812 ex
734 2771 794 2827 eo,
823 2750 908 2836 quod
937 2754 1118 2819 contrariae

58 2833 324 2922 pbilosophorum
344 2834 512 2915 opiniones
533 2830 618 2895 cirea
640 2852 722 2907 rem,
744 2852 842 2917 quam
863 2837 1064 2931 quaerimus,
1085 2858 1119 2901 e·

59 2922 193 2995 sistant,
215 2916 266 2981 rel
287 2938 328 2981 ex
348 2936 402 2989 eo,
425 2914 511 3000 qnod
557 2912 774 2979 raeiudicatas
794 2914 962 2999 opimone's
983 2918 1072 2982 circa
1092 2918 1119 2982 i·

112 3024 147 3067 m
170 3008 291 3065 umere
312 2996 513 3063 imbibimus.
529 2930 735 3082 dnapropter
754 2999 974 3081 quaestionem
995 3000 1119 3065 solven-

78 3106 129 3149 am
152 3081 359 3166 suscipimus,
381 3089 417 3144 ut
437 3088 557 3144 certam
578 3079 662 3143 inter
683 3079 860 3145 contrarias
873 3083 1046 3147 sententias
1066 3101 1120 3145 co-

60 3184 262 3251 gnoscamus,
283 3164 334 3229 rel
356 3171 394 3228 nt
414 3160 558 3225 animum
580 3171 726 3226 nostrum
746 3162 976 3248 praeindicatis
992 3163 1120 3249 opinio-

60 3248 153 3313 nibus
175 3244 389 3333 expoliamus.
412 3240 505 3319 Qnod
528 3263 601 3307 cnm
625 3243 671 3308 ita
692 3243 755 3321 sit,
779 3245 984 3312 manifestum
1005 3254 1053 3310 est
1072 3246 1117 3321 ei,

58 3462 131 3511 laneo
151 3462 253 3509 radone
269 3458 372 3520 palleat,
393 3457 435 3507 rel
454 3456 492 3507 uti
511 3458 620 3519 spectes,
641 3470 667 3508 s.
686 3470 725 3520 g..
746 3462 835 3509 utrum
854 3458 1004 3521 bucephalus
1022 3460 1055 3509 stt
1067 3458 1119 3508 bel-

59 3534 111 3591 lua,
133 3534 206 3583 tuter
224 3530 392 3592 quaestiones
411 3528 566 3579 dialecticas
586 3542 638 3580 nou
656 3536 848 3589 numerantur,
868 3532 930 3594 qnia
950 3529 1021 3591 ipsae
1039 3529 1121 3579 diale-

59 3606 127 3655 ctice
146 3601 329 3654 conduentes
349 3601 458 3664 aliquid,
477 3600 547 3663 quod
566 3600 733 3664 deptnribns
747 3602 1120 3664 praestantissimamque

59 3676 168 3742 maiam
186 3674 221 3729 sd
239 3673 423 3742 qaaestionem
441 3675 472 3727 dc
488 3686 580 3741 assere
597 3679 765 3731 resonantur.
