2475 3909
500 174 685 224 onnouoon
1041 161 1082 226 cr

53 256 120 321 rias
140 252 262 323 dicitnr
283 256 348 335 ilie,
370 277 469 343 quem
491 280 588 345 agens
609 260 655 325 ita
678 259 826 338 intendit,
843 271 890 340 nt,
913 261 941 325 si
964 262 1053 327 solus
1075 281 1125 326 es-

53 350 109 413 set,
133 358 218 425 opus
233 361 294 403 non
310 340 461 407 efficeret.
484 342 522 407 E.
547 362 594 426 g,
616 342 741 407 utititas
756 350 945 427 potestesse
967 342 1040 407 finis
1050 346 1126 429 pri-

54 420 186 495 marius,
206 431 236 485 et
252 421 422 487 delectatio
437 422 510 489 finis
528 424 730 500 accessorius,
745 422 788 487 ob
802 446 901 508 quem
915 424 1034 510 aiiqnis
1078 426 1126 489 bi·

54 501 220 596 losopbiae
242 501 349 568 studio
371 525 503 590 operam
527 515 633 571 navat.
654 504 804 590 Denique
826 505 898 571 finis
919 510 1021 591 operis
1068 507 1125 570 ici·

56 594 109 646 tur
133 579 198 659 die,
222 581 262 648 ad
284 606 383 669 quem
403 607 484 683 opus
501 596 616 652 natura
638 606 697 651 sna
719 597 853 685 spectac
869 610 899 653 e.
916 610 961 675 g„
980 587 1052 653 finis
1074 609 1126 651 ca·

53 661 150 727 nendi
175 675 224 729 est
237 677 361 743 cantus;
384 666 458 732 finis
473 678 581 733 autem
604 679 768 753 operantis
782 680 830 735 est
845 670 913 746 iile,
929 691 1027 757 quesn
1048 690 1127 755 ope-

53 764 127 807 rans
149 742 210 808 sibi
227 749 391 832 proponit,
414 772 442 815 e.
462 770 510 835 g.,
525 749 601 814 finis
615 752 760 815 canentis
798 763 881 819 otest
899 773 967 817 esse
983 753 1124 824 lucrum,

56 825 103 891 vel
134 826 251 910 gloria,
279 829 331 893 vet
358 831 457 896 etiam
484 832 554 929 ipse
576 842 712 910 cantns3
741 772 822 897 nidis
851 835 939 899 enim
965 832 1125 920 probibet,

53 906 134 991 quin
155 906 229 997 finis
249 913 413 995 operantis
435 913 477 978 sit
499 914 531 978 sd
555 913 680 1000 ipsum,
703 913 791 998 quod
812 926 860 981 est
882 915 955 980 iinis
977 916 1086 1002 operis
1101 915 1124 984 ¹.

95 987 166 1056 179.
190 991 240 1055 Ex
262 991 312 1057 bis
337 995 439 1060 variis
471 1014 587 1061 causae
619 996 791 1079 speciebus
823 998 975 1063 efficienti
1009 1018 1126 1062 nomen

54 1091 165 1133 cousus
187 1074 393 1158 potissimum
416 1075 516 1142 tribui
545 1078 637 1143 solet.
662 1078 760 1144 Ratio
781 1091 841 1158 est,
864 1082 942 1165 quia
957 1080 1128 1145 causalitas

54 1172 171 1217 causae
192 1156 382 1234 efficientis,
407 1158 474 1223 sive
498 1160 570 1223 eius
593 1156 738 1225 influxus
764 1162 799 1226 in
826 1162 976 1229 effectum
1003 1163 1128 1250 positus

55 1243 105 1297 est
127 1236 162 1299 in
183 1238 310 1301 actione
325 1240 349 1313 ²;
374 1236 408 1302 id
430 1252 539 1305 autern
554 1240 594 1305 de
609 1241 683 1305 aliis
698 1264 813 1308 causae
830 1242 1004 1331 generibus
1026 1244 1126 1310 asseri

56 1315 190 1400 neqnit;
215 1339 289 1382 nam
311 1340 407 1384 cansa
428 1320 535 1387 finalis
563 1321 604 1387 ad
626 1324 777 1391 eiiectum
804 1348 846 1390 ex
875 1346 914 1391 eo
936 1328 1126 1399 concurrit,

55 1394 146 1480 quod
167 1400 359 1467 efficientem
382 1422 511 1467 causam
536 1401 574 1468 ad
597 1404 759 1490 egendum
781 1419 911 1484 movet3
933 1428 1048 1474 causae
1071 1430 1129 1473 au-

55 1491 121 1544 tem
145 1481 332 1577 materialis,
354 1494 388 1548 et
411 1484 555 1549 formalis
577 1507 619 1552 ex
634 1509 685 1564 eo,
701 1488 789 1573 quod
810 1490 961 1556 effectum
977 1492 1130 1556 intrinse-

54 1582 113 1625 cus
134 1571 342 1629 constituunt.

177 1703 246 1756 Anu.
267 1705 300 1759 V.
313 1705 494 1773 -Qnomodo
513 1722 597 1833 cansa!
613 1709 732 1761 efficiens
750 1712 822 1774 prior
839 1710 936 1762 effectu
955 1712 1006 1769 sit,

536 1796 587 1847 exp
600 1783 686 1834 icatur

99 1892 169 1959 180.
192 1892 367 1973 Quoniam,
390 1906 427 1963 ut
447 1896 604 1973 diximus,
619 1918 736 1962 nomen
752 1916 862 1962 caesos
880 1895 1032 1961 efficienti
1055 1917 1131 1961 can-

56 1996 110 2039 sae
134 1975 341 2059 potissimum
363 1977 544 2055 tribuitur,
567 1977 606 2043 de
630 1979 689 2043 bac
714 1977 882 2065 speciatim
906 1977 1129 2043 disserendum

58 2055 154 2121 nobis
174 2067 233 2123 est.
257 2060 300 2122 At
324 2078 364 2123 ue
387 2071 461 2126 ante
485 2059 593 2127 omnia
614 2081 656 2125 ex
680 2061 817 2126 iicemus
831 2071 973 2146 oportet,
994 2081 1058 2146 qua
1081 2082 1131 2126 ra-

57 2139 147 2203 tione
169 2158 266 2204 cansa
286 2160 303 2203 e
339 2141 426 2206 ciens
442 2144 534 2227 prior
551 2162 643 2207 suos
669 2153 744 2208 ectu
764 2140 904 2220 dicatur,
926 2163 966 2206 ne
980 2163 1054 2206 cum
1075 2146 1131 2209 AE-

58 2216 226 2286 nesidemo
248 2221 337 2286 notio
359 2242 474 2289 causae
496 2224 666 2289 efficientis
693 2222 794 2290 vetuti
821 2222 961 2288 absurda
983 2222 1131 2290 traducu-

59 2314 124 2365 tus.
149 2302 277 2367 Etenim
300 2306 367 2369 anti
392 2326 454 2370 nus
482 2307 542 2372 iste
570 2307 759 2390 Scepticus,
785 2315 822 2372 ut
844 2307 1010 2371 notionem
1033 2307 1130 2373 huius

57 2402 176 2448 causae
189 2405 208 2448 e
223 2384 328 2449 medio
349 2324 491 2465 tddteret,
514 2390 617 2474 ipsam
632 2387 699 2454 dno
718 2408 829 2454 secum
850 2391 1030 2473 pugnantia
1045 2410 1132 2454 com-

96 2622 105 2657 ¹
126 2617 199 2671 Finis
217 2618 314 2669 dicitnr
333 2618 435 2681 primns
454 2617 590 2667 inordina
613 2619 786 2677 intentionis,
811 2606 962 2683 postremus
987 2621 1014 2670 in
1039 2625 1133 2677 ordios

56 2693 228 2751 reomensis,
241 2703 338 2754 nempe
356 2689 427 2747 duis,
442 2692 574 2753 qnatenus
592 2702 702 2739 causam
719 2688 880 2742 efficientem
899 2693 933 2742 ad
951 2693 1053 2757 sitquid
1067 2710 1132 2761 ope·

57 2766 174 2816 randum
194 2768 298 2823 movet,
319 2768 359 2815 est
377 2762 479 2825 primns
499 2762 526 2810 in
544 2761 636 2811 ordine
654 2764 804 2814 mundonis
814 2785 823 2825 ς
846 2770 978 2828 quatenus
997 2780 1061 2817 sero
1079 2784 1132 2821 non

57 2839 110 2888 nisi
130 2840 272 2901 postquem
290 2836 362 2886 aetio
381 2835 513 2897 compieta
533 2833 576 2893 sit,
597 2833 747 2895 obtinetur,
766 2841 809 2886 est
827 2842 975 2899 postremus
994 2840 1021 2889 in
1039 2842 1132 2893 ordine

57 2904 288 2963 sseuaonessnx
307 2907 347 2957 bis
366 2906 438 2957 rides
461 2906 538 2955 sntite
556 2918 614 2956 esso
634 2906 679 2965 id,
699 2909 770 2970 quod
796 2914 854 2971 post
872 2905 1020 2972 Epicureos
1038 2925 1053 2962 a
1074 2910 1133 2979 Spi-

56 2995 135 3042 noss,
158 2977 277 3040 bubone,
296 2984 325 3029 et
343 2975 473 3043 Lspiaceo
492 2977 633 3037 obiicitur,
653 2991 749 3043 nempe
767 2979 899 3031 theoriam
918 2981 951 3032 de
970 2983 1021 3035 flue
1039 2985 1133 3037 absur-

57 3055 122 3104 dam
141 3066 201 3103 esse
220 3066 251 3102 ex
270 3065 314 3112 eo,
334 3052 404 3115 qnod
422 3052 516 3100 statuit
533 3049 632 3113 aliquid
645 3063 703 3101 esse
717 3052 801 3115 prins,
815 3057 843 3103 et
856 3057 997 3116 posterius.
1012 3054 1130 3119 Etenim,

58 3126 186 3190 quumvis
203 3124 264 3175 fluis
283 3125 317 3174 sit
336 3125 428 3186 prior,
448 3127 476 3172 et
494 3122 646 3185 posterior,
667 3127 757 3173 temen
776 3124 802 3174 id
819 3138 852 3175 ex
871 3125 1023 3178 diversitate
1044 3144 1135 3193 respe-

58 3202 167 3257 ctnnm,
189 3210 241 3261 qus
260 3197 346 3247 omnis
366 3199 541 3259 repugnantis
561 3194 675 3255 tollitur,
695 3198 835 3260 contingit.
850 3194 952 3248 Exinde
966 3201 1047 3250 etiam
1060 3204 1133 3253 alind

58 3273 250 3333 argumentum
268 3282 316 3333 pro
334 3270 423 3319 causis
446 3267 569 3318 finalibus
588 3268 698 3330 petitur.
711 3264 820 3319 Etenim
834 3270 861 3319 in
873 3270 965 3321 ordine
979 3286 1132 3335 causarum,

58 3354 178 3407 querum
197 3354 250 3391 une
269 3341 316 3392 atii
341 3340 500 3400 subiicitur,
522 3352 574 3389 una
593 3339 718 3400 sublata,
738 3346 844 3392 ceterae
865 3342 995 3395 toitnntnr
1020 3343 1062 3412 (¹²
1080 3346 1132 3408 2²²,

57 3430 88 3479 q.
109 3411 132 3473 1,
153 3428 179 3464 a.
201 3412 217 3463 2
237 3414 288 3483 c).
310 3410 390 3477 Atqui
408 3426 490 3463 cansa
509 3412 597 3463 dusiis
621 3412 747 3474 primum,
769 3419 799 3465 nt
817 3415 941 3474 diximus,
957 3418 1134 3470 intercausas

57 3488 152 3538 iocum
171 3490 254 3536 tenet.
276 3482 358 3549 Ergo,
379 3484 401 3535 εΙ
421 3486 510 3535 unitae
530 3496 627 3535 censae
645 3483 739 3536 duales
757 3492 861 3545 essent,
881 3500 915 3537 ne
933 3490 1005 3541 ntiae
1024 3492 1133 3556 quidem

58 3571 160 3609 causae
178 3556 324 3608 efficientes
343 3558 480 3608 darentur.

97 3632 110 3668 a
130 3632 180 3697 Q4,
200 3633 299 3696 aispp„
321 3632 360 3685 De
382 3633 456 3695 Ver„
475 3644 504 3696 q.
524 3626 609 3692 xxii,
629 3642 658 3680 a.
676 3630 693 3680 2
713 3645 739 3681 c.
865 3700 886 3741 ἡ
