2475 3909
462 235 693 286 nvnaanmnm
1016 219 1075 288 163

50 325 153 391 licitus
175 334 224 391 est
246 323 324 400 ille,
348 343 414 408 qno
435 323 544 386 anima
565 343 607 386 ex
629 320 814 405 cognitione
841 321 903 387 sibi
927 343 985 407 pro
1012 326 1060 389 ria
1082 347 1116 389 sc

49 419 167 481 movet,
189 407 257 470 sive
280 404 416 469 inclinat
438 402 478 468 ad
500 401 621 467 bonum
639 405 662 466 ¹.
687 403 782 480 llinc,
806 405 913 468 aiente
936 425 962 467 s.
979 345 1112 483 inemo,

47 487 283 552 «desiderium
311 487 342 550 in
366 485 465 551 rebus
486 483 757 569 cognoscentibus
780 486 928 570 seqnitur
955 488 1116 572 cognitio·

46 591 115 634 nem
138 572 150 605 ²
177 593 205 632 n.
230 568 401 714 Appetitas
417 567 609 649 simpliciter
624 567 781 630 naturalis
793 577 853 644 est,
868 589 934 653 qun
950 571 1013 641 res,
1030 588 1114 664 quae

45 651 229 736 cognitione
274 651 483 724 estituuntur‚
508 647 645 713 tendunt
666 645 705 711 ad
729 647 826 713 finem
841 653 965 715 suum⁸
987 670 1045 734 per
1066 671 1115 714 tn·
1227 681 1231 689 ·

44 734 251 797 clinationem
273 731 336 795 sibi
362 731 554 815 propriam,
577 750 676 815 quam
698 728 799 806 Deus,
823 744 937 797 auctor
966 742 1112 806 naturae,

46 813 221 898 unicuique
246 812 375 877 illarum
400 811 540 889 indidit3
564 813 609 876 ita
631 823 668 875 nt
689 813 833 896 cognitio
856 812 1001 890 obiecti,
1025 812 1113 899 qnod

47 907 212 994 appetunt,
237 916 300 959 non
321 895 364 957 sit
385 893 417 957 in
442 895 533 978 ipsis,
557 891 611 958 sed
635 892 669 956 in
692 891 774 970 Deo,
797 895 852 978 qui
873 899 960 982 ipsas
983 897 1016 959 in
1041 916 1114 980 pro-

46 998 151 1062 prium
175 974 271 1040 linem
292 973 456 1040 ordinavit
470 977 495 1038 ⁴.
519 974 582 1038 llic
603 976 768 1059 appetitus
800 979 959 1048 naturalis
981 998 1043 1042 nnn
1066 987 1114 1042 est

52 1067 80 1124 in
103 1059 211 1123 anima
233 1057 392 1142 quaedam
414 1056 567 1141 specialis
591 1055 748 1133 facultas,
773 1059 844 1133 sed,
869 1070 905 1125 nt
926 1059 1006 1128 alibi
1031 1058 1115 1123 dixi-

48 1161 116 1205 mus
131 1143 155 1214 ⁵,
180 1149 227 1204 est
247 1141 428 1204 communis
450 1136 601 1203 omnibus
615 1137 744 1201 animae
763 1143 925 1223 potentiis,
942 1154 1039 1232 prout
1053 1140 1113 1206 hac

49 1233 119 1287 sunt
140 1219 300 1306 quaedam
323 1241 374 1284 res
397 1218 569 1296 naturales,
592 1228 625 1283 et
646 1219 765 1297 efficit,
791 1229 827 1284 ut
851 1223 939 1307 ipsae
961 1224 1001 1292 nd
1022 1244 1114 1288 ener-

49 1306 162 1368 citium
186 1305 348 1367 actionum
372 1301 433 1366 sibi
457 1302 665 1387 propriarum
688 1302 879 1368 naturaiiter
905 1308 1070 1373 inclinent.

85 1387 155 1452 189.
181 1387 354 1478 Appetitas
375 1384 477 1448 eliciti
499 1383 581 1446 duae
604 1382 730 1468 species
751 1394 847 1460 sunt,
871 1388 996 1454 scilicet
1019 1391 1115 1451 serasi-

48 1468 131 1531 ticus
153 1476 186 1532 et
208 1467 426 1541 intellectione,
448 1465 526 1550 quia
549 1463 693 1548 cognitio
714 1462 844 1541 obiecti,
868 1488 909 1531 ex
930 1492 994 1555 qua
1017 1488 1115 1554 appe-

48 1549 124 1614 titus
145 1549 274 1613 elicitus
296 1549 469 1624 exoritur,
492 1546 622 1610 nonnisi
645 1546 818 1626 sensitiva,
843 1548 891 1613 vel
916 1552 1113 1618 intellectiva

49 1651 112 1695 esse
138 1639 252 1715 potest.
276 1631 449 1714 Appetitas
471 1629 640 1690 censitione
660 1638 719 1702 est,
743 1647 808 1710 quo
822 1650 875 1694 ves
889 1630 1055 1700 obiectum
1068 1635 1113 1697 ita

45 1723 211 1798 appetunt,
236 1721 272 1777 nt
292 1711 400 1796 ipsum
422 1710 617 1795 percipiant,
642 1729 699 1771 nec
721 1714 1016 1792 tamentationem,
1039 1735 1115 1800 pre-

47 1807 115 1878 pter
137 1813 236 1891 qnam
259 1790 436 1877 appetibile
452 1793 505 1867 sit,
521 1797 727 1874 cognoscant.
753 1793 925 1876 Appetitas
940 1808 1047 1860 autem
1065 1797 1115 1858 in·

46 1876 225 1951 tellectrnus,
249 1877 317 1940 sive
338 1872 507 1938 rationalia
531 1869 663 1949 dicitur,
687 1891 752 1955 qno
775 1893 827 1936 ves
850 1876 883 1939 in
899 1876 1062 1942 obiectum
1086 1879 1114 1940 i-

46 1958 104 2022 deo
129 1955 302 2034 inclinant,
325 1955 412 2040 qnod
434 1953 680 2040 apprehendunt
702 1973 764 2016 nnn
786 1954 891 2020 solum
914 1960 1034 2044 ipsum,
1058 1957 1113 2022 sed

45 2040 142 2106 etiam
162 2039 419 2104 convenientiam
442 2039 513 2101 eius
535 2056 609 2099 cum
632 2035 683 2099 sni
706 2045 822 2099 natura
833 2037 856 2099 ⁸.
881 2039 931 2103 Ex
952 2040 1003 2104 his
1025 2039 1115 2104 colli·

47 2125 135 2206 gitur
156 2120 190 2187 1⁰
212 2121 395 2206 appetitum
417 2119 608 2183 sensitivam
630 2137 698 2181 esse
722 2119 894 2202 proprium
909 2121 1113 2199 animalium,

45 2206 121 2287 quia
146 2203 216 2289 ipsa
238 2224 255 2266 a
282 2211 394 2288 petunt
415 2200 519 2278 illud,
542 2195 628 2283 quod
653 2197 900 2282 apprehendunt
920 2201 986 2267 sibi
1006 2201 1112 2280 utile,

46 2295 75 2350 et
97 2223 303 2361 delectabile,
326 2285 370 2349 ita
388 2293 506 2359 tamen,
522 2289 558 2344 ut
572 2279 706 2343 minime
721 2294 917 2365 cognoscant
938 2286 1113 2362 rationem,

46 2365 85 2431 ob
107 2387 209 2452 quam
231 2367 338 2451 ipsum
360 2375 540 2451 appetunt;
562 2359 598 2424 2⁰
621 2363 803 2446 appetitum
830 2366 1020 2431 rationalem
1045 2387 1116 2432 esse

45 2449 218 2534 proprium
240 2457 447 2522 naturarum,
471 2465 553 2530 quae
576 2444 703 2507 ratione
726 2442 1040 2532 pollent,qnial1ae
1062 2469 1115 2513 co·

45 2539 201 2614 gooscunt
222 2550 285 2593 non
307 2528 411 2594 solum
434 2526 484 2604 id,
506 2522 594 2612 qnod
614 2533 788 2672 appetunt,
812 2527 868 2592 sed
891 2530 989 2596 etiam
1011 2531 1112 2595 ratio-

46 2633 142 2690 nem,
165 2609 208 2674 ob
228 2631 326 2696 quam
355 2609 435 2676 illud
457 2615 614 2694 appetunt
627 2624 637 2683 ;
717 2608 751 2671 in
778 2607 909 2676 homine
937 2619 1114 2696 utrumque

47 2691 229 2778 appetitum
251 2692 367 2768 inesse,
391 2689 467 2776 qnia
492 2690 561 2774 ipse
583 2689 752 2774 utriusque
767 2691 964 2776 cognitionis
979 2703 1027 2757 cst
1042 2714 1116 2781 pnr-

46 2777 158 2860 ticeps.
182 2773 233 2837 nd
255 2795 353 2859 quam
374 2793 443 2838 vem
460 2770 542 2835 illud
564 2769 804 2836 observandum
826 2784 885 2850 est,
931 2775 996 2841 nod
1019 2797 1114 2862 saepe

49 2877 99 2933 ca,
124 2875 210 2942 qnae
233 2854 412 2920 secundum
434 2873 564 2918 sensum
586 2874 603 2916 a
622 2854 785 2957 petimus,
807 2795 986 2922 secundnm
1015 2861 1115 2925 ratio-

45 2959 115 3002 nem
138 2957 348 3014 aversamur,
371 2946 404 3002 et
427 2936 581 3000 vicissim.
606 2873 645 2998 li.
671 2956 716 3020 g„
739 2951 891 3020 aegrotus
915 2940 1114 3006 medicinam

47 3021 197 3106 appetitu
220 3020 374 3086 sensitivo
395 3028 574 3094 aversatur,
597 3026 630 3081 et
650 3015 797 3081 eamdem
820 3017 863 3083 ob
884 3039 975 3104 spem
997 3025 1116 3087 sonita-

46 3103 85 3166 tis
106 3099 315 3167 rationaliter
336 3098 459 3186 appetit
474 3099 498 3162 l.

76 3271 88 3311 ί
108 3274 161 3337 Qq.
181 3271 280 3334 dtspp..
298 3270 337 3319 Do
360 3271 431 3330 Ver-t,
451 3283 479 3333 q.
499 3265 586 3329 llllll,
606 3284 633 3321 a.
654 3268 670 3319 Ξ
689 3269 766 3319 n.-²
784 3267 806 3330 l,
825 3285 853 3335 q.
875 3267 981 3330 lxliv,
1001 3288 1027 3323 a.
1048 3275 1066 3324 2
1084 3291 1111 3326 o.

75 3345 88 3383 ⁸
108 3341 226 3401 Bonum
246 3341 316 3404 quod
335 3355 378 3391 res
391 3346 530 3405 appetunt,
552 3341 609 3392 flata
624 3355 717 3393 aarum
737 3355 794 3392 esse
814 3344 922 3401 dtottur,
942 3347 1004 3408 quia
1028 3347 1116 3400 mut,

42 3418 257 3477 uuiurcutuaque
278 3413 326 3471 rei,
347 3416 434 3463 alento
453 3429 475 3464 s.
498 3409 610 3468 Thema.
628 3415 737 3464 ostelus
751 3413 902 3477 perleotto,
924 3417 1052 3478 perfectio
1066 3434 1117 3471 aa.

42 3495 95 3538 tem
117 3487 263 3538 cuiuslibet
288 3490 328 3535 est
353 3485 451 3535 bonum
471 3487 553 3548 ipsius
565 3507 572 3544 ;
594 3486 803 3550 utrumquodque
829 3488 909 3550 igitur
927 3489 1068 3544 or-tiuatur
1087 3495 1115 3545 in

41 3560 154 3618 bonum,
176 3561 245 3608 sicut
265 3556 388 3606 induem
412 3577 436 3617 »ς
458 3559 546 3609 Contr.
568 3559 656 3615 Garat..
676 3557 723 3606 tib.
745 3555 791 3615 lll,
811 3572 838 3607 o.
863 3559 905 3615 te,
927 3573 955 3609 n.
977 3559 1004 3614 3.

76 3631 86 3666 ⁴
110 3631 137 3680 l·
159 3629 211 3690 2⁸5
232 3644 261 3693 q.
282 3625 327 3688 Vl,
347 3643 373 3678 a.
395 3629 412 3678 5
431 3631 464 3680 ad
484 3627 562 3678 2‚--³
582 3627 617 3682 ct
633 3644 661 3693 p.
685 3629 797 3679 llll-⁶
816 3628 845 3688 l.
865 3645 893 3694 q.
914 3626 982 3693 th,
1003 3647 1030 3684 a.
1052 3636 1064 3686 l
1086 3649 1115 3689 ο.

74 3703 87 3739 ³
108 3705 141 3755 tn
163 3703 210 3754 to.
233 3703 274 3752 111
292 3701 375 3762 Sunt,
395 3697 462 3753 bist.
484 3695 603 3763 utta,
625 3717 651 3766 q.
674 3697 695 3764 l,
716 3713 743 3751 a.
764 3702 781 3753 t
800 3704 849 3755 cot.
938 3770 959 3812 ἡ
