2475 3909
472 199 727 251 unirnnlocouin
1033 184 1094 253 239

102 288 155 358 83.
178 286 275 372 Prop.
297 282 345 351 2¹.
370 286 474 380 {inias
494 284 728 358 testimoninm,
751 285 780 347 a·
804 302 866 347 non
887 305 1027 369 semper,
1051 290 1136 353 band

64 390 139 433 roro
160 380 274 433 certam
295 370 500 452 canoniorum
518 368 619 451 parit.

102 448 264 514 Probatur
274 462 386 515 contra
397 448 458 513 Ab.
473 448 512 514 de
524 446 676 523 Prades¹,
691 450 865 511 Auctorem
879 448 988 512 instit.
1004 450 1135 533 Laud),

65 532 221 615 aliosque.
243 532 396 609 Eisone,
419 529 506 596 baud
530 551 604 595 raro
625 529 704 594 certi
728 548 841 592 sumus
862 530 997 594 unicum
1021 542 1136 597 testem

68 612 143 677 dece
169 623 237 677 tum
261 633 323 676 non
346 633 414 678 esse
444 613 476 676 in
505 610 582 679 facti
603 610 841 687 observatione;
864 631 893 674 e.
919 632 971 696 g.,
993 632 1067 675 cum
1091 625 1137 678 te-

62 697 119 760 stis
141 630 263 760 besum
286 705 408 770 narrat,
423 692 512 778 quod
536 696 569 759 in
593 712 707 758 sensus
730 689 826 755 facile
849 691 1001 769 incurrit,
1027 696 1137 759 cuius-

63 775 198 861 querci
220 794 301 852 sua,
325 776 375 841 vei
397 795 531 840 suorum
560 774 651 841 vaide
679 774 825 838 interest.
849 772 931 837 Item
952 774 1039 840 baud
1061 796 1136 841 raro

63 858 141 922 certi
163 876 277 920 sumus
298 859 434 921 unicum
462 866 574 924 testem
596 854 728 921 mentiri
752 852 913 931 noluisse,
937 877 968 919 e.
993 876 1038 939 g„
1060 878 1136 923 cum

64 938 154 1004 testis
177 937 338 1022 probitate
358 937 439 1003 adeo
462 947 605 1024 spectata
618 948 678 1013 est,
700 944 737 999 ut
758 933 882 999 nuliam
904 936 1057 1003 exhibeat
1078 938 1136 1003 du-

64 1019 273 1093 bitationem,
298 1020 347 1084 rei
370 1041 443 1085 cum
468 1021 558 1085 testis
579 1040 649 1085 rem
673 1025 784 1081 narrat
806 1037 916 1081 coram
937 1019 1002 1096 eis,
1026 1021 1082 1104 qui
1106 1042 1137 1085 e-

65 1100 175 1167 ventui
197 1098 346 1178 adiuero,
370 1112 402 1167 ct
422 1122 564 1187 quorum
586 1099 729 1164 maxime
753 1099 909 1164 intererat
931 1100 1137 1165 mendacium

63 1196 254 1267 coarguere.
278 1182 388 1268 ltaque
415 1184 455 1248 de
483 1182 634 1257 scientia,
663 1192 697 1245 et
723 1178 885 1265 probitate
918 1182 1015 1245 unius
1047 1184 1137 1248 testis

61 1266 147 1330 baud
165 1284 238 1327 raro
260 1276 406 1329 constare
430 1264 525 1330 nobis
541 1274 657 1349 potest.
674 1261 774 1347 Atqui
798 1260 839 1325 ab
854 1261 1043 1327 huiusmodi
1058 1284 1138 1349 qua-

63 1344 212 1413 litatibus
233 1346 322 1411 testis
345 1349 393 1410 vis
415 1346 619 1412 auctoritatis
642 1343 771 1430 pendet.
788 1343 834 1407 Er
857 1363 876 1407 ο
899 1365 1001 1408 unum
1024 1356 1136 1411 testem

63 1426 151 1492 baud
167 1447 242 1491 raro
256 1428 488 1493 certitudinem
512 1429 722 1522 gignerepro
737 1433 825 1490 certo
836 1364 1032 1491 babendum
1048 1437 1096 1491 est
1112 1428 1134 1489 ⁸.

104 1510 158 1577 84.
183 1507 280 1593 Prop.
308 1507 356 1575 3⁸.
388 1511 615 1575 Testimonium
648 1508 736 1571 cirea
770 1506 854 1589 facta
883 1508 1138 1591 supernaturalia

64 1589 282 1654 certitudinem
303 1592 427 1673 pinnae
445 1603 556 1675 potest.

105 1670 265 1736 Probatur
285 1684 397 1738 contra
419 1694 531 1737 omnes
553 1680 697 1736 recentes
720 1668 916 1745 increduius,
940 1680 973 1735 et
995 1671 1137 1735 maxime

63 1761 177 1818 eontra
203 1753 412 1819 Straussium.
435 1753 485 1818 nd
507 1761 597 1819 certo
625 1749 859 1837 assequendam
892 1752 1064 1817 veritatem
1092 1764 1138 1818 ie-

64 1834 212 1901 stimonii
234 1833 275 1898 de
298 1834 383 1900 iacto
405 1834 647 1922 supernaturali
670 1840 815 1917 oportet,
839 1852 903 1897 non
924 1852 1017 1898 secus
1038 1854 1075 1897 ac
1097 1833 1137 1896 de

65 1915 219 1993 naturali,
242 1925 278 1981 ut
299 1915 394 1982 nobis
416 1923 540 1982 constet
562 1924 659 1982 testes
682 1935 745 1980 non
767 1934 837 1980 esse
861 1914 1061 2000 deceptores,
1079 1936 1139 1981 nee

64 1998 229 2081 deceptos.
252 2000 354 2082 Atqui
382 1999 460 2064 baec
481 1998 548 2063 duo
573 1997 742 2083 expiarata
774 1995 869 2061 nobis
896 2015 965 2061 esse
992 2010 1136 2084 possunt.

65 2082 93 2146 E
135 2100 167 2144 o.

95 2100 160 2228 ῐέὃ.
183 2159 278 2237 Quod
299 2171 423 2257 spectat
443 2160 484 2226 ad
507 2162 649 2259 primam
683 2167 807 2244 partem
830 2160 983 2236 minoris,
1008 2181 1046 2224 ea
1069 2162 1139 2245 ipsa

65 2253 242 2319 momenta,
264 2243 385 2326 quibus
408 2253 567 2309 veracitas
588 2240 719 2307 testium
736 2242 769 2305 in
792 2240 870 2307 iacti
895 2242 1051 2308 naturalis
1067 2263 1140 2307 nar

63 2324 194 2389 ratione
215 2323 431 2409 dignoscitur,
454 2326 554 2392 etiarn
577 2324 732 2389 evincunt
752 2342 819 2400 eos,
844 2343 918 2387 cum
943 2321 1064 2390 iactum
1086 2344 1139 2389 su·

63 2406 276 2490 pernatamle
298 2415 468 2485 testantur,
492 2427 550 2471 nec
572 2426 679 2492 posse,
703 2426 760 2471 nec
783 2404 866 2470 veile
891 2408 1033 2473 mentiri.

104 2486 160 2554 86.
183 2486 296 2563 Quoad
325 2488 460 2554 aiteram
488 2497 637 2574 partem,
659 2488 741 2553 certi
770 2507 904 2573 quoque
932 2508 1001 2554 esse
1025 2508 1138 2573 possu-

62 2736 119 2772 non
146 2720 283 2781 deserunt,
309 2736 396 2788 neque
419 2726 611 2787 corrumpunt.
638 2722 685 2772 nisi
710 2720 856 2785 quidquam
881 2722 930 2781 sit,
951 2723 1020 2787 quod
1041 2737 1087 2775 cos
1107 2726 1141 2774 ad

64 2794 218 2845 satiandum
239 2801 338 2845 moret.
358 2794 432 2860 Quod
452 2797 474 2845 si
495 2800 575 2846 testes
600 2794 669 2844 iaetu
692 2799 819 2851 narrent,
840 2808 908 2857 quae
934 2799 1049 2859 receptis
1067 2798 1142 2861 voigi

61 2865 238 2930 opinionibus
257 2867 403 2926 obsistunt,
425 2880 470 2931 pro
488 2880 637 2931 eorumque
662 2868 773 2917 veritate
799 2866 992 2926 contumelias,
1013 2868 1140 2926 dedecus.

63 2938 224 2996 cruciatus,
245 2940 384 3002 ipsamque
408 2946 521 2989 mortem
547 2941 661 2989 libenter
681 2938 836 3000 perierant,
859 2939 967 2990 iliorum
988 2944 1141 2991 testimonio

61 3010 256 3073 gravissimum
277 3011 378 3071 pondus
398 3012 518 3073 proiecto
542 3012 657 3063 secedit.
679 3008 735 3061 Hac
754 3024 818 3060 sane
837 3011 869 3060 de
889 3026 968 3063 eausa
991 3014 1035 3063 iiia
1057 3014 1140 3073 iacta,

62 3096 139 3147 quae
160 3082 187 3131 iu
207 3076 376 3133 Christianae
394 3080 537 3147 Religionis
556 3084 711 3135 inundatione
730 3084 909 3147 contigerunt,
930 3098 961 3135 ea
981 3086 1143 3136 certitudine

62 3156 200 3220 pudent,
220 3167 273 3218 qua
295 3156 367 3205 nuiia
388 3157 474 3205 maior
493 3157 636 3221 excogitari
656 3159 752 3217 potest.

103 3231 111 3263 ¹
137 3228 322 3291 Bircyctoped„
342 3232 395 3277 art.
416 3230 552 3278 fortitude.
566 3227 622 3265 -2
642 3230 738 3291 Lupia,
760 3224 869 3277 Dissert.
893 3224 925 3284 ii,
946 3233 1013 3279 sect.
1037 3226 1081 3279 ili.

103 3300 115 3335 ³
135 3296 176 3350 Ob
195 3298 319 3348 eamdem
338 3300 468 3349 rationem
487 3300 519 3349 de
539 3301 602 3364 ipsis
621 3299 699 3351 saetis
720 3300 792 3360 parri
813 3302 951 3356 momenti,
966 3306 993 3351 et
1013 3313 1065 3349 uon
1079 3302 1143 3351 sim-

63 3371 185 3434 plicibus
205 3384 284 3433 saepe
304 3371 436 3422 certitudo
456 3374 568 3422 existere
587 3376 685 3435 potest.
706 3368 812 3421 Etenim
833 3371 903 3421 iacta
924 3372 1074 3421 huiusmodi
1089 3387 1142 3423 non

63 3457 129 3493 raro
150 3447 232 3493 testes
252 3443 361 3501 babent,
382 3444 414 3494 de
433 3458 546 3508 quorum
566 3446 687 3502 scientia,
707 3448 735 3493 et
753 3442 882 3506 probitate
902 3456 934 3493 ne
954 3446 1063 3495 minima
1084 3448 1144 3510 qui-

63 3516 129 3565 dem
151 3516 389 3577 inspicimini,
409 3531 434 3567 e.
455 3530 494 3580 3.,
508 3518 529 3566 si
542 3517 667 3567 adiuncta
688 3516 751 3566 iacti
771 3515 900 3565 eiusmodi
921 3521 992 3577 sunt,
1012 3523 1042 3568 ut
1064 3516 1145 3568 iaciie

61 3588 207 3637 observari
226 3592 337 3651 queant,
358 3590 440 3638 anisi
455 3589 628 3652 perspicimus
642 3588 708 3637 nibil
727 3588 808 3639 fuisse
822 3588 892 3652 quod
907 3592 988 3639 testes
1007 3590 1040 3640 nd
1059 3604 1089 3642 ea
1105 3589 1146 3642 iu·

62 3664 113 3710 eta
133 3659 270 3725 degenda,
291 3666 338 3711 aut
357 3662 553 3725 corrumpenda
573 3662 715 3713 induxerit.
938 3726 955 3758 ᾗ
