2475 3909
170 188 189 251 i
553 203 774 257 rnrronvcrro

126 310 211 363 rum,
235 286 273 352 ad
296 306 377 372 quas
399 285 597 353 referuntur.
622 294 720 376 Atqui
744 286 930 355 huiusmodi
954 286 1114 373 principia
1137 308 1201 350 oon

125 380 187 441 nisi
212 378 422 463 philosophus
443 398 636 463 cognoscere
660 390 775 468 potest.
799 381 887 465 Ergo
913 401 976 445 non
1004 378 1069 443 nisi
1096 377 1201 462 philo

127 469 249 555 sophus
270 469 423 554 ingenuis
451 467 576 535 artibus
604 470 841 557 perfectissime
869 472 917 534 uti
947 478 1062 554 potest.
1093 468 1199 531 Immo

124 560 355 645 philosophia,
376 560 437 624 etsi
460 560 555 645 longe
583 561 724 627 interior
750 560 926 645 Theologia
955 557 1097 624 revelata
1121 559 1202 631 sit'‚

126 665 235 718 tamen
256 649 375 716 talibus
398 649 574 718 famulatus
596 654 712 717 ciliciis
739 674 818 737 erga
844 652 939 715 istam
968 649 1141 735 iungitur,
1166 662 1204 715 ut

125 745 189 829 ipsi
211 741 450 828 quodammodo
472 746 655 808 necessaria
676 744 729 809 sit.
755 745 821 808 llas
844 740 1020 806 famulatus
1042 749 1151 824 partes
1174 762 1202 804 s.

124 836 264 901 Thomas
285 836 436 921 exposuit
456 834 507 899 his
529 837 653 921 paucis:
677 860 695 901 e
716 837 753 901 ln
775 857 867 901 sacra
887 835 1035 900 doctrina
1058 833 1200 918 philoso

124 930 202 1016 phia
225 948 397 1015 possumus
418 928 591 1013 tripliciter
618 932 679 996 nti.
709 929 821 995 Primo
847 928 887 994 ad
913 928 1201 993 demonstrandum

125 1037 176 1095 ea,
199 1041 282 1104 quae
303 1030 378 1086 sunt
398 1021 609 1105 praeambula
631 1023 738 1099 Fidei,
755 1044 840 1107 qnae
861 1024 1046 1087 necessaria
1067 1033 1145 1087 sunt
1168 1024 1202 1085 in

125 1111 215 1177 Fidei
239 1113 386 1191 scientia,
407 1122 445 1178 ut
465 1134 515 1191 ea,
538 1135 623 1200 quae
645 1115 848 1180 naturalibus
864 1113 1047 1180 rationibus
1069 1112 1108 1178 de
1129 1114 1203 1179 lleo

125 1202 316 1285 probantur,
339 1214 377 1269 ut
397 1203 503 1270 Deum
525 1227 606 1283 esse,
630 1206 735 1271 Mum
748 1227 818 1271 esse
833 1227 948 1282 unum,
963 1216 997 1271 et
1010 1206 1203 1271 huiusmodi

125 1297 166 1360 de
189 1296 280 1374 Deo,
310 1298 361 1364 vel
390 1298 430 1363 de
458 1301 618 1364 creaturis
648 1300 682 1363 in
711 1299 913 1385 philosophia
935 1297 1094 1385 proheta,
1115 1323 1201 1385 quae

124 1389 222 1454 Fides
244 1394 409 1477 supponit.
435 1391 582 1458 &cundo
604 1392 643 1456 ad
666 1390 900 1459 notificandum
922 1414 981 1479 per
1001 1393 1131 1478 aliquas
1157 1396 1204 1459 si·

124 1481 329 1547 militudines
350 1502 400 1559 ea,
421 1504 506 1568 quae
528 1494 602 1548 sunt
616 1483 724 1560 Fidei,
740 1484 825 1548 sicut
838 1486 1039 1568 Augustinus
1055 1486 1088 1548 in
1104 1486 1202 1552 lihris

124 1575 160 1635 de
179 1576 207 1638 T
207 1576 338 1639 rioitate
360 1577 466 1640 utitur
487 1574 597 1639 multis
612 1574 887 1641 similitudinibus
900 1596 940 1639 ex
955 1574 1114 1640 doctrinis
1129 1578 1205 1662 phi-

124 1664 297 1749 losophicis
320 1668 435 1731 sumtis
457 1666 496 1731 ad
520 1666 792 1732 manifestandam
813 1666 1017 1733 Trinitatem.
1034 1665 1143 1731 Tertio
1157 1669 1202 1732 ad

124 1756 344 1825 resistendum
365 1758 428 1839 his,
451 1780 535 1846 quae
558 1770 669 1825 contra
691 1758 808 1824 Fidem
830 1757 996 1835 dicuntur,
1012 1761 1079 1823 sire
1095 1770 1204 1826 osten-

124 1846 231 1914 dendo
253 1870 323 1917 esse
345 1850 438 1931 falsa,
462 1853 531 1919 sive
553 1850 753 1919 ostendendo
773 1872 838 1917 non
859 1872 929 1917 esse
950 1856 1132 1919 necessaria
1145 1856 1199 1922 ²».

492 1986 804 1999 .—--——-———

163 2053 174 2089 ¹
194 2050 299 2103 Potiora
320 2057 420 2117 capita,
440 2068 553 2117 quorum
573 2056 659 2119 gratia
678 2050 820 2116 Theolopia
840 2054 1035 2117 philosophiae,
1049 2054 1203 2115 ceterisque

124 2134 242 2183 scientiis
261 2134 386 2186 humanis
407 2136 555 2195 antecellit,
576 2137 722 2187 secondum
741 2150 765 2186 s.
780 2132 921 2194 Themeres,
940 2137 1007 2185 hare
1026 2142 1098 2187 sunt.
1113 2130 1203 2185 'l'heo-

124 2213 196 2277 logia
216 2214 340 2267 humanis
358 2217 477 2267 scientiis
499 2219 638 2268 antecellit
662 2219 748 2280 primo
767 2217 801 2267 oh
819 2222 1008 2281 praestantiam
1028 2220 1069 2269 sui
1088 2218 1200 2277 obiecti,

124 2298 186 2359 quia
209 2298 263 2360 ipsa
287 2316 298 2344 ι
320 2303 361 2350 est
379 2296 562 2362 principaliter
587 2299 619 2349 de
644 2299 705 2357 his,
731 2313 801 2363 quae
825 2313 873 2349 sua
898 2300 1039 2351 altitudine
1064 2300 1199 2349 rationem

122 2379 326 2430 transcendunt.
346 2378 421 2429 Aliae
441 2393 502 2431 rero
522 2380 650 2430 scientiae
669 2382 839 2430 considerant
856 2394 887 2432 ea
909 2386 1013 2432 mutnus
1023 2417 1032 2443 ,
1060 2396 1129 2445 qnae
1155 2396 1201 2430 ra-

89 2497 93 2513 ,
123 2464 189 2513 tioni
209 2462 358 2513 subduntur
371 2482 395 2514 ι.
410 2460 542 2523 Secundo,
562 2464 595 2513 oh
616 2462 753 2524 effectum,
773 2478 855 2528 quem
874 2467 1016 2517 inanimis
1035 2467 1198 2517 discentium

123 2544 266 2607 producit,
287 2546 349 2609 quie
372 2564 382 2589 ι
405 2545 474 2594 aliae
493 2546 621 2595 scientiae
640 2546 826 2595 certitudinem
852 2546 950 2597 hahent
968 2560 1001 2598 er
1020 2550 1133 2598 naturali
1155 2552 1200 2598 tu-

123 2630 195 2679 mine
215 2629 325 2680 rationis
344 2628 488 2689 humanae,
509 2642 577 2692 qnae
598 2633 684 2691 potest
702 2642 804 2688 errare,
818 2630 887 2680 haec
900 2636 990 2681 autem
1006 2633 1198 2687 certitudinem

123 2714 203 2764 hahet
222 2728 254 2764 ex
274 2714 375 2764 lumine
394 2710 503 2763 Divinae
524 2710 667 2769 Samnitas,
688 2726 756 2775 quac
776 2713 863 2777 decipi
883 2728 935 2765 non
954 2720 1041 2777 potest
1053 2734 1079 2765 s.
1092 2711 1197 2779 Tertio,

124 2799 157 2848 oh
176 2798 341 2848 nobilitatem
361 2796 432 2855 fluis,
453 2796 485 2846 ad
504 2810 585 2860 quem
605 2796 726 2849 homines
745 2796 829 2853 ducit,
850 2800 930 2859 prout
949 2799 1067 2859 practica
1082 2800 1198 2852 scientia

123 2888 175 2940 osis
195 2892 256 2931 nam
280 2899 291 2925 ι
310 2878 369 2929 tlnis
388 2878 468 2928 huius
486 2880 634 2938 doctrinae,
654 2878 681 2927 in
700 2884 830 2940 quantum
851 2880 980 2942 practica,
999 2886 1041 2931 est
1059 2881 1199 2935 beatitudo

122 2970 251 3023 aeterna,
272 2962 306 3013 ad
324 2976 426 3027 quam,
447 2963 516 3012 sicut
540 2962 573 3011 ad
600 2961 724 3010 ultimum
747 2959 848 3017 duem,
873 2959 1031 3012 ordinantor
1054 2961 1102 3011 alii
1127 2960 1200 3014 does
1225 2965 1226 2974 ¹

123 3046 297 3097 scientiarum
317 3044 497 3107 practicarum
520 3062 545 3103 η
567 3040 597 3103 Ι,
617 3055 646 3106 q.
668 3040 699 3103 l,
719 3055 747 3090 a.
768 3043 785 3091 5
803 3056 829 3091 ο.
850 3039 923 3093 flacc
941 3042 1144 3101 adnotarlmos,
1166 3051 1199 3095 ut
1224 3079 1225 3084 κ

123 3130 150 3178 in
170 3132 226 3193 ipso
245 3126 376 3179 vestibulo
395 3125 609 3177 adolescentulos
628 3124 661 3173 als
680 3138 771 3174 errore
796 3120 1032 3175 Rationalistarum
1056 3137 1200 3174 emorere-

121 3228 201 3273 ruus,
221 3215 267 3279 qui
287 3216 412 3277 putantes
430 3212 553 3275 dogmata
579 3205 740 3273 Theologiae
759 3221 813 3257 non
831 3220 891 3258 esse
907 3208 998 3268 atiud,
1017 3222 1098 3271 quam
1118 3222 1199 3270 prac-

122 3299 215 3360 cipuas
235 3298 360 3347 veritates
379 3294 562 3359 philosophiae
581 3292 688 3343 rudium
708 3293 798 3354 captui
817 3292 1053 3350 accommodatas,
1078 3291 1198 3354 philoso-

121 3379 213 3443 phiam
233 3379 282 3442 ipsi
301 3372 461 3441 Theologiae
479 3374 612 3426 anteferre
631 3388 685 3425 non
702 3375 835 3435 dubitant;
856 3376 926 3425 nude
944 3372 1021 3424 illam
1041 3389 1103 3425 cnm
1123 3371 1199 3427 Coo-

122 3464 190 3513 sinto
209 3456 323 3526 (lotrad.
342 3458 360 3511 ὰ
378 3461 464 3511 ries.
491 3461 523 3509 ds
547 3459 573 3508 ln
598 3458 707 3521 phileas
732 3459 827 3507 Oeuor,
848 3460 869 3505 t.
891 3453 921 3515 l,
942 3470 970 3519 p.
992 3452 1197 3513 sithtricius

123 3540 205 3615 tato)
215 3546 312 3607 iontem
325 3546 409 3594 omnis
421 3542 494 3601 lucis,
509 3555 540 3590 oc
555 3540 733 3591 auctoritatem
745 3542 863 3590 omnium
875 3542 1054 3591 oudorimtum
1064 3542 1194 3595 salutant.

157 3626 169 3665 ²
187 3630 270 3692 snper
287 3626 404 3679 Raditum
424 3626 455 3675 ds
474 3624 608 3682 Triclinia,
629 3618 764 3683 l’rooem„
785 3635 814 3687 q.
834 3618 869 3681 ll,
890 3634 916 3673 a.
937 3620 954 3673 3
973 3636 999 3674 c.
