2475 3909
397 192 581 239 rasonocrs
604 187 789 238 narrantis
1021 170 1081 239 313

65 271 150 350 bunt,
166 271 359 337 relationum
381 272 591 351 harmoniam,
607 280 640 337 et
661 292 850 337 consensum
872 270 912 338 ad
933 274 1064 338 unicum
1086 270 1122 335 li·

62 375 136 418 uem
149 364 356 421 concurrunt.
372 358 473 442 Atqui
488 378 530 422 ex
544 356 595 421 lais
614 353 695 419 ordo
710 354 860 420 Universi
876 356 1017 439 exurgit.
1033 358 1120 441 Ergo

62 435 103 581 pe
124 436 247 502 ordinis
267 436 420 502 mundani
442 439 615 505 existentia
637 436 724 501 nulla
742 457 912 504 occurrere
935 446 1040 523 potest
1061 438 1120 507 du-

86 520 192 584 itatiu.

102 600 154 666 45.
176 600 271 677 Quod
294 611 401 668 autem
428 600 469 666 ad
496 605 648 667 minorem
669 602 806 676 attinet,
830 600 863 665 in
908 600 1025 681 rimie,
1046 625 1120 669 cum

60 681 143 747 ordo
163 685 206 748 sit
219 692 293 769 apta
315 681 486 767 dispositio
507 685 693 749 mediorum
715 682 755 747 ad
770 622 1021 769 linem‚liquido
1036 696 1122 774 patet

60 785 192 829 causam
206 763 358 829 mundani
382 765 507 831 ordinis
522 788 584 831 nou
599 766 662 830 nisi
679 764 911 851 intelligentem
926 788 993 832 esse
1009 789 1118 854 posse;

60 868 137 911 nam
159 844 366 933 intelligentis
386 857 435 914 est
455 846 551 914 finem
573 845 776 935 praefigere,
800 860 896 932 atque
918 860 992 935 apta
1013 851 1120 919 media

60 927 317 995 accommodare.
334 928 459 995 Deinde
473 930 655 996 huiusmodi
672 949 768 994 causa
784 928 909 996 infinite
925 931 1118 1021 intelligens,

58 1032 177 1097 nempe
199 1010 299 1084 Deus,
314 1014 357 1076 sit
377 1022 517 1099 oportet.
533 1012 581 1077 lle
601 1008 734 1096 quidem
756 1032 847 1089 vera,
867 1018 1046 1081 constantia
1068 1038 1121 1082 or-

59 1092 148 1162 dinis
168 1093 201 1156 in
223 1094 319 1158 rebus
341 1096 511 1161 mutationi
535 1094 687 1160 obnoxiis
708 1093 884 1159 subsistere
907 1094 991 1160 baud
1014 1110 1121 1185 posset

60 1177 132 1240 sine
154 1173 227 1239 fixis
248 1176 387 1260 legibus,
402 1198 485 1263 quae
507 1198 566 1242 nec
590 1197 648 1261 per
665 1186 808 1241 mutuam
831 1178 1045 1257 collisionem,
1062 1204 1120 1249 nec

81 1277 121 1320 er
143 1258 406 1337 vicissitudines,
428 1261 672 1343 contrariosque
694 1267 828 1323 eventus
851 1280 1005 1345 umquam
1034 1264 1121 1333 labe-

58 1276 269 1405 lactamntur.
286 1341 349 1417 Qui
372 1341 476 1439 igitur
498 1341 646 1406 ordinem
669 1348 867 1406 constantem
890 1342 1044 1422 instituit,
1067 1347 1119 1413 de-

55 1421 131 1488 buit
151 1442 262 1486 umues
283 1423 453 1509 possibiles
473 1425 582 1510 legum
604 1421 793 1486 collationes
816 1422 1030 1506 praevidere,
1052 1452 1120 1497 eas-

55 1524 124 1589 que
139 1501 307 1571 dumtaxat
320 1506 468 1592 seligere,
485 1526 568 1593 quae
583 1524 759 1589 numquam
775 1501 815 1567 ad
830 1504 1033 1572 collisionem
1048 1528 1120 1598 per-

56 1586 218 1662 venirent,
234 1596 266 1653 et
287 1587 377 1653 nullo
400 1588 537 1655 adverso
557 1597 677 1652 eventu
698 1585 971 1667 subverterentur,
988 1594 1119 1661 autsal-

54 1681 124 1736 tem
138 1687 199 1763 per
211 1670 394 1756 oppositam
415 1692 527 1737 rerum
548 1667 810 1735 vicissitudinem
832 1668 873 1733 ad
889 1672 1057 1756 pristinam
1072 1675 1120 1742 di-

55 1750 270 1837 sposrtionem
291 1751 450 1828 redirent3
467 1754 542 1819 binc
564 1750 678 1817 debuit
699 1752 797 1817 etiam
821 1772 933 1817 omnes
947 1755 1119 1840 possibiles

54 1841 206 1909 eventus,
228 1833 284 1917 qui
307 1854 349 1899 ex
370 1854 542 1901 causarum
564 1832 731 1900 activitate
753 1834 974 1917 provenirent,
997 1854 1120 1905 omnes:

55 1936 124 2001 que
145 1934 256 2011 eornm
278 1934 453 1983 concursus
474 1926 662 2015 perspectos
683 1913 820 2012 haberej
843 1916 1024 2014 quinimmo
1045 1940 1118 1991 cam

53 2010 92 2064 et
113 1996 259 2063 homiues
282 2009 406 2145 partem
428 2001 526 2066 buius
546 2001 670 2065 ordinis
693 1997 814 2085 physici
837 2008 1055 2079 constituant,
1078 2002 1119 2067 ab

53 2099 236 2164 eorumque
257 2081 280 2145 li
305 2102 361 2145 era
383 2084 612 2169 cooperatione
633 2080 811 2144 constantia
833 2077 957 2145 ordinis
971 2103 1013 2145 ex
1028 2096 1118 2169 parte

53 2161 263 2247 dependeat,
291 2163 496 2251 plurimaque
530 2167 618 2230 entia
642 2162 744 2227 libero
765 2181 879 2227 eorum
911 2165 985 2228 usui
1015 2166 1119 2232 subii-

53 2246 203 2318 ciautnr,
225 2242 338 2310 debuit
359 2244 487 2312 suturas
508 2267 621 2311 eorum
643 2244 762 2309 liberas
786 2245 928 2311 actiones
951 2248 1118 2331 praevide-

54 2350 105 2393 re.
129 2327 229 2411 Atqui
252 2328 415 2414 praevisio
442 2330 589 2395 omnium
619 2326 821 2413 possibilium
850 2338 1049 2406 eventuum,
1072 2342 1119 2396 at-

51 2430 122 2493 que
142 2410 305 2474 actionum
327 2409 506 2476 liberarum
528 2410 686 2475 infinitam
708 2407 952 2494 intelligentiam
975 2432 1118 2477 necessa-

54 2493 110 2557 rio
132 2510 173 2554 es
197 2489 325 2557 ostulat.
349 2493 471 2577 Ergo¹.

97 2574 150 2638 to.
173 2512 281 2639 banc.
306 2574 409 2639 Multa
430 2576 551 2640 suntin
568 2571 688 2637 mundo
712 2570 912 2655 imperfecta,
929 2572 1030 2641 immo
1046 2576 1117 2641 inu-

51 2656 142 2729 tilia,
165 2664 197 2719 et
219 2658 326 2720 noxia.
352 2657 439 2736 Ergo
459 2654 541 2722 ordo
567 2654 747 2721 mundanus
774 2652 896 2719 Causae
918 2654 1118 2741 sapientissi-

52 2758 131 2802 mae
153 2736 285 2802 attribui
308 2740 433 2821 nequit.

97 2821 151 2884 d'l.
175 2819 272 2904 Resp.
302 2820 380 2900 Nep.
410 2832 476 2883 aar.
505 2819 540 2884 ln
568 2818 709 2905 primis,
736 2836 874 2892 eorum,
896 2836 980 2901 quac
1004 2821 1035 2883 in
1058 2820 1116 2885 hoc

51 2899 179 2965 mundo
199 2912 385 2978 occurrunt,
401 2901 427 2966 si
446 2902 479 2966 in
501 2900 618 2985 seipsis
641 2910 835 2985 spectentur,
860 2898 942 2963 nihil
965 2901 1119 2987 imperfe-

49 2994 144 3047 ctum
167 2981 232 3048 dici
255 2992 369 3067 potest.
393 2983 521 3049 Etenim
542 3003 698 3067 quaenam
715 3002 778 3046 non
801 2991 849 3046 est
872 2981 921 3045 vel
945 2984 977 3047 iu
1001 2984 1117 3048 vilissi-

50 3085 111 3130 mo
133 3064 237 3129 culice
258 3063 406 3133 ordinata
432 3068 628 3132 constructio
661 3062 831 3150 partinm‘l
852 3064 986 3147 quinam
1008 3064 1061 3130 vel
1084 3067 1116 3131 in

93 3301 159 3357 tcr
174 3302 283 3365 Suemr,
302 3307 378 3361 Met..
399 3309 464 3357 tom.
487 3304 519 3361 ll,
538 3306 624 3371 dispp.
645 3304 691 3365 ΞΘ,
711 3310 780 3356 sect.
800 3304 828 3356 ἰ.
850 3303 1033 3368 imprudenter
1051 3318 1117 3355 aon·

48 3382 124 3433 nulli
149 3377 297 3441 pbilosopbt
323 3378 447 3428 catboltci
473 3380 574 3429 nullam
601 3380 654 3428 vim
679 3383 836 3442 argumento
860 3378 1117 3443 ptyrteo-tbmlcptau

49 3457 143 3505 inesse
162 3451 330 3509 mearunt,
349 3450 398 3501 nist
418 3453 590 3517 mrraplpsteo
605 3447 751 3501 'tutoresne
773 3448 841 3503 Saus
861 3450 1013 3505 buiusmadt
1037 3464 1117 3515 arqu-

50 3530 178 3576 meatum
196 3537 249 3580 ea,
268 3537 320 3587 qua
340 3536 355 3573 a
374 3522 450 3575 noble
473 3524 636 3587 propositum
662 3524 722 3581 tuit,
749 3526 869 3581 ratione,
895 3530 946 3574 noo
974 3523 1116 3574 cutusltbst

47 3609 151 3649 causae
170 3596 312 3649 ordinantis
329 3596 506 3652 existentiam.
527 3596 572 3649 sed
591 3609 688 3648 causae
708 3596 844 3655 tribuitis,
866 3608 961 3660 nempe
982 3592 1048 3659 Det,
1070 3610 1116 3665 per

46 3684 84 3723 so
103 3668 210 3720 evincit.
