2475 3909
59 179 64 188 ·
113 136 173 202 296

259 249 590 372 'totototo
629 250 966 371 'tllvuttts

421 624 815 697 INTRODVCTIO

125 797 152 859 1.
178 766 352 874 Quoniam
374 813 426 858 res
449 803 516 857 tum
539 790 682 878 perlecto
704 800 955 876 cognoscuntur,
971 809 1026 853 seu
1050 787 1159 851 sciun-

82 889 149 955 tur,
165 900 239 943 cum
265 897 323 961 per
344 895 457 939 omnes
477 893 602 949 causas,
623 892 681 957 per
699 895 780 960 qaas
803 885 889 950 sunt,
905 878 1157 957 cogitoscuntun

83 960 295 1045 consequitur
316 955 442 1020 nullum
465 976 567 1039 genus
589 976 697 1019 rerum
727 955 870 1053 perfecte
898 954 1075 1039 cognosci,
1100 972 1159 1014 seu
1235 1000 1236 1029 ,

84 1042 162 1106 sciri
186 1060 303 1128 posse,
326 1040 388 1102 nisi
412 1035 517 1114 illud,
541 1047 711 1133 postquam
734 1060 766 1102 rn
789 1060 823 1103 se
846 1040 1012 1123 cognitum
1035 1036 1093 1110 sit,
1119 1030 1158 1096 ad
1235 1036 1236 1065 ι

85 1123 193 1187 Deum
215 1124 354 1187 relatum
380 1139 510 1205 qnoque
539 1118 787 1197 consideretur3
810 1120 973 1205 siquidem
1000 1118 1090 1181 Deus
1113 1126 1161 1178 εει

87 1225 185 1269 causa
207 1202 353 1269 absolute
380 1204 486 1287 prima
506 1249 515 1279 ,
535 1221 576 1265 ex
598 1222 664 1286 qua
687 1223 798 1267 omnes
820 1223 871 1266 res
893 1211 978 1267 sunt.
1004 1200 1095 1263 llanc
1120 1195 1161 1260 ob

87 1287 248 1352 rationem
271 1284 497 1372 philosophia,
520 1282 681 1368 adquam
704 1284 791 1350 circa
812 1306 849 1349 ea
873 1285 994 1350 versari
1023 1290 1162 1365 spectat,

89 1368 159 1432 sine
174 1389 317 1449 quorum
339 1368 456 1431 notitia
478 1365 601 1429 nullius
616 1366 661 1429 rei
685 1366 828 1451 perlecta
851 1367 996 1450 cognitio
1017 1365 1164 1428 existere

90 1460 212 1535 potest,
235 1449 402 1513 scientiam
424 1446 464 1513 de
486 1447 555 1511 Deo
577 1446 703 1513 ambitu
730 1470 789 1514 suo
810 1449 1048 1533 complectitur.
1074 1446 1166 1509 llaec

90 1541 139 1596 est
153 1533 209 1595 illa
231 1531 508 1616 praestantissima
522 1528 749 1613 Philosophiae
798 1550 862 1609 nrs,
878 1552 962 1615 quae
980 1530 1010 1593 Τ
1010 1527 1166 1601 heodiaen,

92 1614 161 1679 sive
188 1612 355 1696 Theolopia
386 1612 540 1677 amurolis
576 1611 710 1677 inscribi
743 1552 848 1687 solet,
871 1614 993 1711 quippe
1016 1630 1103 1695 quae
1126 1608 1167 1673 de

93 1694 163 1760 Deo
178 1694 336 1780 disputat,
352 1714 414 1757 non
428 1693 560 1777 quidem
582 1692 721 1760 Diuinae
744 1692 965 1762 Revelatronis
1010 1690 1167 1765 raesidio,

94 1775 150 1844 sed
172 1777 240 1843 solo
261 1776 399 1843 rationis
424 1775 570 1850 lumine;
597 1787 630 1842 ct
655 1777 829 1861 quoniam,
850 1789 888 1844 ut
909 1798 934 1841 s.
959 1714 1098 1840 Tlomas
1120 1777 1168 1838 in-

118 1860 180 1936 uit,
195 1859 318 1925 diversa
330 1860 415 1923 ratio
428 1857 644 1939 evanescibilis
665 1858 875 1923 diversitatem
898 1858 1106 1923 scientiarum
1121 1858 1172 1920 in·
1235 1888 1236 1895 ι

94 1874 197 2019 duait,
220 1942 290 2028 ipsa
311 1960 330 2004 a
350 1940 526 2024 Theologia
555 1940 697 2006 revelata
720 1943 887 2007 sacrandum
909 1961 1001 2015 ¹tenus
1022 1939 1129 2024 differt
1146 1940 1168 2000 ¹.

97 2022 185 2087 lllud
199 2035 309 2089 autem
332 2023 454 2086 nemini
479 2022 662 2086 mirandum
685 2035 743 2099 est,
760 2022 842 2089 hanc
857 2021 1082 2104 Philosophiae
1100 2042 1172 2107 par·

99 2116 188 2182 tem,
213 2128 296 2191 qnae
318 2103 434 2169 ceteris
456 2103 550 2188 longe
573 2102 715 2167 nobilior
737 2113 796 2180 εει,
822 2118 983 2202 perstremo
1007 2102 1078 2167 loco
1103 2124 1171 2189 per-

99 2197 245 2263 tractari,
260 2186 431 2271 siquidem,
448 2197 598 2250 monente
622 2186 736 2250 eodem
752 2192 925 2271 Aquinate,
943 2210 959 2245 n
977 2187 1010 2249 in
1025 2184 1172 2251 doctrina

101 2268 347 2365 Philosophiae,
369 2287 451 2351 quae
474 2277 641 2331 creaturas
668 2268 844 2334 secundum
869 2290 902 2333 se
925 2266 1123 2344 considerat,
1145 2280 1175 2331 ct

103 2371 146 2414 ex
167 2352 214 2414 eis
239 2372 271 2414 in
287 2348 345 2413 Dei
367 2349 588 2433 cognitionem
612 2350 777 2433 perducit,
796 2351 901 2436 prima
923 2362 972 2415 εει
993 2349 1176 2415 considera·

104 2433 152 2497 tio
174 2430 214 2496 de
235 2432 408 2506 creaturis,
431 2440 463 2494 et
486 2430 599 2519 ultima
622 2430 661 2495 de
686 2434 817 2497 Deo²».
840 2432 907 2496 lam
923 2433 963 2496 de
978 2431 1060 2509 Deo,
1074 2453 1177 2516 quan·
1235 2476 1236 2501 ι

105 2526 176 2579 tum
198 2512 237 2577 ad
261 2512 515 2599 llletnphysicam
537 2523 676 2607 spectat,
701 2520 819 2589 acturi,
836 2514 919 2578 hunc
943 2534 1179 2599 persequemur
1235 2540 1236 2595 i

107 2596 266 2660 ordinem:
285 2594 317 2659 1⁰
333 2594 380 2658 De
403 2595 484 2659 Eius
505 2597 692 2671 existentiam
709 2596 743 2661 2⁰
759 2596 799 2660 de
815 2598 896 2660 Eius
919 2596 1070 2673 essentiam
1086 2594 1123 2661 3⁰
1139 2593 1178 2658 de
1235 2596 1236 2633 ³

108 2677 188 2742 Eius
211 2678 388 2753 attributis,
404 2691 471 2741 tam
517 2696 577 2740 aaa
601 2677 762 2749 absoluta,
786 2690 854 2745 tum
877 2699 960 2762 quae
983 2677 1119 2741 relativa
1135 2676 1181 2739 di-

109 2769 240 2831 cuutur,
263 2759 476 2833 disseremus;
494 2698 534 2823 l⁰
558 2760 713 2825 unitatem
737 2760 797 2825 Dei
819 2770 930 2823 contra
954 2759 1181 2846 Polytheistas.

110 2852 142 2907 ot
156 2841 323 2907 Dualistas
343 2838 595 2914 vindicabimus3
611 2838 646 2906 5⁰
661 2842 801 2925 denique
825 2839 1014 2906 abnormcm
1031 2840 1184 2905 Panthei.

112 2935 236 2989 starum
258 2924 457 2998 doctrinam,
479 2942 542 3005 qua
564 2920 652 2986 Deus
677 2924 773 2987 verbo
795 2923 991 2997 admittitur,
1015 2944 1050 2987 re
1073 2931 1182 2987 autern

112 3018 272 3090 negator,
300 3003 545 3091 patefaciemus.
573 3004 665 3079 Quae
695 3004 761 3069 duo
785 3015 948 3103 postrema
970 3006 1081 3091 capita
1104 3012 1185 3067 tam·

113 3108 212 3173 quam
234 3086 408 3153 corollaria
429 3106 471 3150 cx
495 3084 762 3170 praecedentibus
784 3086 975 3153 inferemus.

478 3228 818 3248 m——n

155 3323 162 3358 Ι
185 3319 208 3379 l,
227 3336 256 3382 q.
278 3316 299 3378 l,
319 3333 346 3367 a.
369 3319 380 3368 l
403 3318 436 3367 ad
455 3317 483 3366 2.
505 3312 541 3367 Ct
559 3321 665 3384 Lepta,
687 3338 714 3384 p.
737 3322 767 3383 ll,
789 3338 815 3373 c.
837 3320 882 3382 lll,
903 3336 929 3371 n.
944 3324 972 3382 t,
992 3336 1020 3384 p.
1042 3320 1077 3369 'to
1097 3322 1153 3370 rol.
1167 3317 1187 3369 l.

153 3392 166 3424 ²
186 3392 273 3439 Contr.
289 3392 376 3448 Genu,
395 3389 442 3437 lib.
457 3385 492 3447 ll,
512 3403 538 3439 o.
559 3393 587 3439 t.
611 3388 637 3439 ld
657 3393 783 3445 adversus
802 3391 946 3459 Gratrynm
965 3395 1126 3443 adnotamus
1145 3393 1189 3453 qni

118 3456 172 3525 (Do
189 3460 217 3507 to
234 3464 421 3510 connaissance
438 3462 471 3509 dr
490 3462 566 3518 meu,
588 3469 657 3524 part.
682 3463 702 3523 l,
724 3482 748 3515 c.
774 3465 793 3525 l,
815 3472 835 3515 ι.
859 3464 879 3524 l,
900 3480 927 3528 p.
948 3464 992 3522 53,
1015 3462 1087 3513 Paris
1110 3460 1190 3525 ¹853]

119 3540 222 3647 tantm,
241 3541 449 3594 germanamque
469 3532 664 3595 philosophiam
686 3550 699 3584 a
721 3532 869 3589 Theotisca
889 3536 1042 3588 ordiendam
1063 3546 1124 3588 esto
1145 3548 1191 3603 pu-

168 3612 174 3645 ι
192 3631 199 3644 .

3 3803 89 3833 „A
