2475 3909
385 156 570 205 ruaotoors
594 155 780 208 narrastis
999 138 1072 204 ,toa

84 247 159 312 238
183 243 329 329 Denique
353 242 574 316 Pantheistae,
597 263 670 306 cum
696 244 797 306 Dourn
828 243 860 306 in
883 244 1039 316 omniurn,
1062 264 1114 304 re·

43 348 203 392 rumosas
226 327 446 399 constituunt,
469 345 539 387 eam
562 323 621 388 Dei
646 325 808 391 notionem
833 323 895 388 sibi
926 323 1112 398 conficiunt,

42 431 111 492 qua
135 409 221 473 nollo
243 407 416 472 absurdior
437 405 513 491 fingi
529 415 644 503 potest.
663 408 790 474 Etenim
814 405 846 470 1⁰
869 431 885 470 ε(
910 407 934 470 si
955 405 1042 472 Deus
1065 417 1114 470 est

43 512 117 554 osse
138 491 296 563 omnium,
312 510 374 552 nou
389 489 492 571 magis
506 486 634 554 dicetur
650 511 738 567 vere,
761 491 858 573 Lupis
874 500 914 554 est
930 510 992 565 ens,
1014 507 1113 570 quam

48 574 146 656 Lupis
167 586 208 637 est
232 571 336 637 Deos²
361 595 389 632 u.
414 570 448 632 2⁰
470 570 556 635 Deus
579 591 641 634 uon
663 573 728 636 erit
748 572 857 656 aliqua
879 591 928 635 res
955 572 1110 641 existens,

45 655 110 717 nisi
133 676 217 739 quae
240 656 280 720 sit
304 658 334 718 in
359 652 522 717 intellectu
544 662 668 716 tentum
691 677 721 730 n,
745 675 818 718 nam
840 677 857 716 «
881 674 949 718 esse
969 672 1115 716 commu-

49 758 90 799 ne
115 759 178 800 non
199 749 247 802 est
279 733 402 818 aliquid
460 745 565 800 taeter
594 755 646 797 res
677 737 873 811 existentes,
906 735 967 800 nisi
1000 735 1033 799 iu
1067 732 1115 797 in·
1181 769 1182 772 =

46 817 181 884 tellectu
213 820 319 884 solum
343 820 354 854 ²
379 756 464 884 »ull
487 815 574 882 Deus
602 837 707 900 neque
735 815 880 882 inlinitus
908 827 1012 891 esset,
1036 817 1113 900 quia

49 900 98 964 rol
123 922 164 963 ex
193 922 303 964 rorum
331 898 494 963 finitorum
527 898 716 964 collectione
741 910 937 982 exurgeret,
961 898 1010 961 vel
1032 908 1112 965 esset

47 980 268 1059 irulosrnitusn,
290 979 374 1064 quod
398 981 468 1044 siue
491 979 553 1044 fine
568 1002 601 1044 se
616 979 769 1065 explicatu
785 1001 923 1065 quorum
939 990 1113 1063 utrumque

49 1085 146 1128 serae
166 1064 288 1130 notioni
304 1062 423 1126 lnfiniti
437 1072 608 1206 repuffnass
624 1084 726 1146 noque
739 1061 1006 1147 perfectissimus
1018 1063 1114 1146 quip-

48 1167 90 1290 [e
114 1168 226 1210 omnes
247 1147 456 1219 mutationes,
478 1143 517 1208 de
536 1155 642 1220 estne,
666 1167 802 1221 errores,
832 1165 1019 1220 aerumnae,
1041 1144 1114 1226 qui-

74 1248 112 1292 us
146 1249 198 1292 res
219 1224 378 1292 obnoxiae
412 1236 508 1300 sunt,
532 1225 600 1290 Deo
623 1227 827 1292 attribuenda
856 1226 985 1302 loront3
1010 1245 1113 1308 nequo

49 1311 282 1385 sanctissimus,
305 1309 393 1392 quia,
415 1330 456 1372 ex
478 1307 734 1374 Pantheistarurn
759 1309 946 1394 principiis,
969 1309 1115 1372 innumo-

50 1414 100 1465 ra‚
123 1391 258 1476 quaein
281 1388 401 1455 mundo
424 1388 649 1467 observantur,
672 1387 794 1476 flagitia
818 1387 883 1455 Deo
905 1389 1115 1454 subscribenda

50 1485 183 1550 essent3
206 1493 309 1558 neque
330 1469 481 1537 libertate
504 1470 653 1557 polleret,
670 1494 757 1550 nam,
773 1469 950 1536 secundum
967 1472 1114 1540 Panthoi-

51 1724 111 1758 snm
132 1708 319 1764 determinare,
340 1718 401 1757 cum
423 1705 450 1754 lu
469 1707 587 1770 qualibet
605 1707 762 1764 formarum,
778 1709 826 1758 sub
839 1709 933 1772 quibus
946 1716 1066 1772 apparet,
1087 1721 1115 1758 so

52 1787 140 1844 ipsum
159 1779 355 1844 quodammodo
374 1785 463 1842 nogat,
485 1780 637 1842 limitesque
656 1779 704 1829 sibi
725 1781 807 1843 ponit.
828 1779 862 1831 At
881 1788 984 1840 contra,
1005 1783 1114 1832 unicum

53 1853 107 1906 llos
126 1852 338 1903 Pantbsistarum
359 1851 398 1900 rel
421 1855 556 1915 tamquam
576 1852 692 1900 maxime
705 1852 879 1910 abstractum,
894 1857 948 1904 sire
963 1855 1053 1911 lisois,
1075 1854 1116 1902 rei

53 1937 190 1991 tasoquam
210 1927 324 1975 maxima
342 1930 510 1979 eonoretuns,
532 1937 627 1986 rsempo
648 1927 818 1975 notissimum
838 1927 1005 1990 intelligitur.
1023 1924 1049 1976 Si
1064 1927 1117 1988 pri-

53 2013 99 2050 mo
125 1998 206 2051 mosis
232 2000 400 2060 accipiatur,
429 1998 462 2045 ad
481 1999 540 2047 sius
559 2001 731 2059 oonoaptum,
756 2003 785 2046 ut
804 1999 831 2048 trs
851 2000 986 2064 Ostoiopio
1004 1999 1117 2049 diximus

54 2071 93 2139 (o.
114 2069 136 2128 Ι,
154 2085 181 2119 a.
205 2071 229 2128 t,
251 2084 278 2132 p.
298 2064 347 2137 8),
367 2082 459 2120 omnes
484 2070 529 2119 alit
555 2074 701 2132 conseptus
722 2069 908 2130 reducuntun
925 2085 958 2122 ox
983 2087 1035 2136 quo
1054 2084 1117 2122 oon-

53 2147 186 2208 sequitur,
206 2148 235 2192 ut
254 2143 280 2192 in
298 2155 456 2206 unaquaque
476 2141 634 2199 formarum,
656 2155 781 2207 perquas
794 2145 903 2194 iunicum
922 2158 969 2194 ens
988 2145 1116 2207 seipsum

53 2218 232 2268 determinare
251 2213 415 2264 Panthoistao
435 2218 591 2271 autumant,
612 2217 680 2264 ratio
699 2216 769 2264 entis
795 2229 852 2267 ease
876 2218 1048 2280 intelligatur.
1069 2213 1116 2266 At·

54 2291 110 2354 qui,
130 2290 151 2338 si
170 2287 222 2336 iilis
241 2287 333 2336 turmis
351 2288 418 2335 ratio
431 2287 502 2336 antis
512 2288 676 2345 continetur,
695 2293 825 2351 repugnat
839 2301 1057 2354 unamquamque
1078 2289 1117 2349 tp-

54 2375 145 2413 sarum
164 2373 221 2409 esse
241 2362 408 2422 negationem
427 2360 505 2408 entis.
527 2355 605 2421 Ergo.
627 2356 738 2410 Accedit
752 2360 802 2417 his,
823 2363 892 2425 quod
906 2364 932 2412 in
945 2370 1016 2418 arno,
1038 2365 1117 2424 prout

54 2449 102 2483 ons
121 2439 171 2491 est,
193 2433 264 2480 nulio
286 2432 401 2491 notatio,
421 2436 468 2480 aot
487 2432 600 2493 privatio
619 2445 688 2490 osse,
704 2437 731 2482 et
745 2434 854 2496 eogitari
875 2439 970 2496 potest,
990 2435 1050 2497 quia
1072 2445 1119 2482 ns-

56 2509 139 2571 gotio,
159 2510 187 2556 et
203 2505 317 2568 privatio
336 2508 397 2554 suot
414 2517 468 2552 saon
486 2517 541 2562 sos,
561 2515 608 2553 ssu
629 2505 694 2556 nibil
712 2499 758 2574 (in
775 2505 820 2556 lib.
835 2508 863 2555 tt
873 2508 957 2565 sent,
973 2505 1038 2556 oras.
1059 2500 1115 2562 XL,

56 2595 84 2644 q.
105 2577 127 2636 1,
146 2592 173 2628 a.
194 2579 207 2626 t
229 2578 261 2627 ad
282 2573 321 2643 3).
342 2573 387 2626 Sin
407 2576 516 2625 unioum
536 2573 590 2627 Bss
606 2573 823 2627 Panthoistarum
841 2578 925 2629 attero
949 2580 1027 2628 morto
1045 2579 1118 2628 aoot·

56 2654 167 2716 piatur,
187 2655 260 2700 corte
279 2649 389 2712 intelligi
407 2650 522 2712 nequit,
543 2649 677 2710 quomodo
702 2649 778 2710 illusi,
798 2651 867 2714 qood
886 2664 964 2701 omne
983 2665 1037 2702 ssss
1054 2655 1118 2700 astu

56 2725 148 2781 babet,
169 2724 195 2771 iu
213 2722 322 2772 dirersis
341 2721 444 2778 toruis,
464 2720 513 2769 sub
531 2721 626 2784 quibus
645 2735 674 2772 so
692 2722 800 2780 evolvit,
822 2723 931 2786 sibiipsi
951 2723 1052 2774 limites
1071 2734 1118 2786 po·

58 2801 114 2854 nat,
134 2807 214 2859 seque
234 2796 320 2856 ipsum
341 2793 534 2856 quodammodo
554 2799 642 2856 neget.
663 2790 751 2853 Nam,
775 2796 796 2844 si
821 2795 847 2846 in
866 2795 975 2847 dirersis
1004 2797 1116 2852 formis,

58 2869 107 2918 sub
125 2868 219 2930 qrribus
239 2873 358 2930 apparet,
378 2866 425 2916 sibi
446 2865 545 2915 limites
564 2873 689 2928 poneret,
710 2872 778 2918 osset
800 2867 984 2928 iitimitatum,
1010 2870 1073 2932 quia
1092 2869 1118 2916 in

58 2955 85 2991 se
105 2945 144 2989 est
163 2953 241 2988 ornne
261 2955 330 2998 ms,
351 2937 483 3001 simulque
510 2938 664 2994 limitatum,
685 2941 746 3003 qrria
768 2939 888 2997 formae.
908 2940 957 2992 aul)
976 2941 1071 3006 quibus
1090 2953 1118 2990 ss

58 3015 165 3071 evolsit,
187 3014 272 3074 ipsum
287 3012 411 3060 timitaot.
427 3006 506 3074 Atqui
522 3010 694 3071 iitimitatum,
709 3018 736 3062 ot
749 3013 891 3063 limitatum
913 3017 938 3063 in
952 3015 1044 3063 eodem
1058 3013 1118 3062 sub-

59 3090 128 3137 iecto
146 3098 174 3134 ss
194 3085 306 3133 invicem
327 3084 470 3147 perimunt,
488 3084 550 3146 quia
569 3084 646 3143 illuri,
666 3085 736 3148 quod
757 3099 838 3134 unum
863 3099 956 3136 eorum
976 3087 1059 3149 ponit,
1079 3085 1119 3134 ai·
1171 3116 1174 3125 ι

59 3167 144 3209 terum
165 3157 245 3207 tottii.
267 3152 336 3218 Ergo
356 3157 377 3204 si
397 3156 507 3205 unicum
527 3151 580 3204 Eos
604 3157 631 3206 iu
649 3155 758 3208 dirersis
777 3156 888 3217 formis,
909 3159 957 3208 sub
975 3159 1072 3223 qrribus
1090 3171 1119 3208 so

59 3230 222 3289 manifestat,
243 3229 283 3280 set
304 3228 421 3286 erotrit,
441 3241 470 3277 se
488 3228 574 3290 ipsum
597 3234 724 3292 negaret,
746 3231 771 3280 in
790 3231 898 3293 singuiis
919 3233 981 3293 ipsis
1000 3245 1028 3280 so
1047 3231 1119 3293 peri-

60 3307 156 3354 meret.
177 3301 329 3358 suaeuis,
349 3301 459 3364 quodsi
480 3298 639 3352 Absolutum
665 3303 801 3367 loquaris
827 3303 923 3360 forms,
943 3303 992 3354 sub
1015 3316 1068 3366 qus
1089 3315 1118 3352 se

60 3374 223 3432 manifestat,
244 3375 341 3425 limites
360 3373 407 3422 sibi
428 3377 519 3434 ponat,
532 3378 559 3422 et
571 3376 688 3435 seipsum
702 3380 789 3439 neget,
804 3373 869 3424 iliud
882 3377 1054 3440 consequitor
1072 3375 1121 3424 ab·

59 3449 187 3504 surdum,
208 3454 329 3497 naturum
348 3445 489 3495 cuiuslibet
506 3445 544 3494 rei
564 3458 596 3494 eo
610 3447 833 3509 imperiectiorem
856 3460 935 3506 osso,
956 3462 1009 3510 quo
1028 3448 1117 3510 piures

60 3523 121 3572 sunt
139 3518 251 3577 formae,
270 3517 366 3582 quibus
385 3516 541 3568 Absolutum
561 3531 589 3568 se
602 3519 765 3579 manifestas
785 3532 811 3570 a.
829 3533 868 3583 g,
890 3533 940 3570 non
955 3523 1067 3571 viventia
1081 3523 1120 3571 si-

61 3592 182 3645 rensibus
201 3597 345 3653 praestaro.

100 3669 106 3704 r
128 3665 215 3718 contr.
235 3665 321 3724 oms,
341 3663 387 3716 tib.
408 3660 430 3724 l,
449 3677 476 3715 o.
495 3660 602 3716 26³²
622 3665 709 3718 Contr.
729 3665 815 3725 Geni..
835 3665 887 3717 loo.
907 3667 955 3720 oit.

1119 3822 1226 3886 A
