2475 3909
110 178 172 244 270
479 198 752 249 amonereneors

70 278 250 365 producere
273 291 451 364 nequeunt.
476 286 517 347 ht
538 304 616 348 vero
639 284 672 346 in
695 280 907 367 productione
928 281 1071 349 hominis
1085 302 1142 368 ge·

71 383 189 427 nereus
210 382 285 426 cum
308 373 463 446 operetur
494 385 596 449 usque
624 362 663 429 ad
687 365 838 430 ultimam
871 364 1141 450 dispositionem,

69 463 134 529 qua
154 463 273 526 corpus
294 446 346 507 exi
375 446 399 510 it
422 443 594 511 informari
621 448 729 510 anima
757 447 932 525 rationali,
955 469 1030 513 eum
1054 446 1142 512 ordi·

70 547 143 590 nem
166 525 262 591 hahet
282 524 323 589 ad
350 465 478 605 licum,
501 528 558 613 qni
580 528 723 592 animam
751 539 863 603 creat,
885 540 923 593 ut
942 528 982 593 ad
1006 528 1141 614 lpsum,

71 608 170 672 veluti
203 627 301 671 eausa
334 610 612 686 instrumentalis,
637 608 809 675 reseratur.
833 612 903 675 Etsi
926 610 1030 695 igitur
1053 610 1144 676 Deus

68 709 198 765 creans,
219 700 252 754 et
274 688 369 755 hemo
392 710 551 777 generans
571 693 636 756 sint
657 712 773 757 causae
796 690 954 767 diversae,
978 704 1087 759 tamen
1104 713 1145 757 u·

69 792 149 835 num
170 793 232 835 esse
253 769 394 837 heminis
415 795 457 838 ex
487 775 528 838 iis
551 773 755 859 producitur.
779 796 796 835 e
819 774 945 840 Natura
976 786 1025 839 est
1056 776 1145 839 sicut

70 852 320 919 instrumentum
335 851 474 920 Divinae
488 858 632 933 virtutis;
648 854 734 923 unde
750 874 814 921 nen
833 868 883 923 est
898 857 1143 931 inconveniens,

70 935 99 998 si
120 933 232 1002 Virtus
254 933 373 1000 Divina
393 939 461 1003 sola
484 937 584 1005 iaciat
604 941 746 1003 animam
776 937 986 1015 rationalem,
1014 939 1144 1004 actione

69 1026 204 1083 naturae
226 1038 259 1083 se
280 1019 473 1085 extendente
494 1020 601 1085 solum
623 1020 662 1084 ad
685 1018 925 1103 disponendum
945 1042 1004 1085 cer
1028 1021 1092 1085 us¹
1111 1044 1141 1085 a.

112 1099 182 1165 182.
205 1099 312 1165 Obiic.
327 1097 362 1166 3ο
377 1101 454 1166 Filii
477 1103 665 1168 similantur
687 1100 875 1188 parentibus
890 1122 955 1167 nen
969 1040 1078 1167 selum
1092 1123 1144 1168 se-

69 1179 213 1245 eundum
236 1182 382 1269 physicas
403 1183 575 1269 qualitates
595 1184 755 1270 eorporis,
772 1182 826 1247 sed
843 1184 942 1248 etiam
961 1183 1144 1249 seeundum

70 1263 242 1347 qualitates
264 1267 402 1331 animae·
424 1269 524 1351 Atqui
547 1267 607 1331 hee
628 1267 838 1341 demonstrat,
858 1266 944 1329 sient
961 1286 1101 1363 corpora
1124 1287 1144 1331 a

69 1364 110 1409 co
151 1346 322 1425 eribus,ita
333 1350 459 1415 animas
472 1348 513 1412 ah
528 1348 701 1415 animabus
713 1358 882 1436 parentum
896 1345 1141 1433 traductus-go.

111 1366 181 1495 ddi.
206 1429 302 1515 Resp.
328 1430 409 1495 etsi.
433 1432 525 1508 mei,
547 1429 741 1515 aliquande,
763 1450 847 1495 cene.
871 1429 965 1507 mat,
987 1450 1057 1495 sern
1081 1450 1143 1506 er,

69 1528 136 1591 aee.
160 1513 250 1590 mei,
271 1533 336 1595 erp.
361 1514 440 1578 mia.
464 1512 545 1595 Nep.
566 1534 650 1577 cena.
666 1514 748 1579 Sane
763 1510 951 1609 aliquando,
969 1523 1044 1579 ets.
1059 1451 1144 1577 llhe-

70 1609 139 1656 mas
160 1591 316 1673 advertit,
339 1618 357 1656 α
380 1594 491 1680 eliqua
518 1594 700 1659 accidentia
724 1592 937 1659 individualia
961 1613 1143 1689 propagan-

70 1682 124 1736 tur
145 1674 178 1737 in
200 1674 301 1753 lilios,
326 1677 521 1761 pertinentia
543 1676 583 1740 ad
605 1675 852 1763 dispositionem
874 1689 1033 1751 naturae3
1057 1687 1142 1741 sicut

72 1753 226 1822 velocitas
242 1760 412 1843 corporis,
435 1758 564 1823 bonitas
585 1759 720 1844 ingenii,
745 1769 777 1823 et
798 1758 862 1822 alia
877 1756 1064 1823 huiusmodi
1079 1758 1093 1794 ¹
1111 1780 1140 1819 n.

69 1836 113 1901 m
135 1838 168 1902 in
192 1840 308 1922 primis
329 1861 393 1905 nen
414 1860 539 1925 semper
554 1839 587 1904 id
601 1842 733 1905 evenire
752 1842 872 1936 cuique
888 1840 1020 1987 propria
1043 1859 1143 1934 expe-

70 1917 189 1983 rientia
211 1933 414 2007 compertum
436 1935 495 1987 est.
519 1923 692 1988 Praeterea
724 1922 778 1987 illa
811 1922 884 1986 simi
901 1924 947 1987 itu
972 1942 992 1986 o
1013 1941 1142 1985 animae

69 1997 154 2065 haud
177 2002 374 2071 demonstrat
395 2006 538 2068 animam
570 2025 611 2069 ex
639 2006 746 2069 anima
775 2003 924 2079 traduei;
954 2006 1023 2089 ipsa
1052 2003 1142 2066 enim

69 2083 255 2167 explicatur
278 2085 311 2150 1⁰
333 2108 375 2150 ex
396 2107 459 2163 eo,
483 2084 568 2170 qued
603 2084 771 2151 facultates
799 2087 993 2159 sensitivae,
1015 2104 1142 2170 quaea

69 2168 218 2248 corperis
240 2177 494 2254 temperamento
516 2166 667 2253 pendent,
692 2169 724 2231 in
740 2171 790 2233 vis
811 2167 1026 2234 intellectivaa
1050 2186 1144 2230 exer·

69 2244 256 2312 citationem
278 2259 498 2326 concurrunt;
523 2248 557 2312 2⁰
579 2271 622 2315 ex
643 2271 705 2326 eo,
728 2249 831 2334 qued,
858 2270 932 2314 cum
956 2260 1142 2314 accuratam

69 2330 314 2413 proportionem
337 2332 422 2396 inter
441 2331 604 2408 sormam,
629 2343 662 2396 et
683 2334 854 2396 materiam
880 2332 1019 2396 existere
1046 2350 1144 2416 epor-

69 2417 146 2485 teat,
170 2411 257 2475 Deus
279 2411 423 2480 infundit
441 2414 573 2498 corpori
594 2416 759 2490 animam,
785 2435 869 2499 qnae
895 2412 983 2477 illins
1012 2413 1145 2497 capaci·

70 2493 129 2557 tati
159 2494 318 2561 consentit
341 2495 363 2557 ⁸.

159 2624 226 2677 har.
250 2624 295 2678 llf.
310 2657 344 2666 -
360 2626 493 2680 Sententia
514 2626 641 2681 llosminii
662 2632 732 2679 circa
754 2631 859 2680 animae
879 2629 1057 2678 intellectivaa

473 2705 602 2766 originem
624 2706 743 2753 relicitur

116 2807 187 2875 184.
210 2808 403 2876 Resminius
429 2813 558 2877 animae
586 2812 802 2879 intellectivae
830 2799 993 2895 originem
1018 2811 1065 2875 ita
1087 2832 1145 2875 ex-

72 2889 219 2974 plicavit,
244 2901 281 2957 ut
301 2894 408 2958 anima
430 2892 587 2969 liliorum,
601 2906 707 3041 prout
728 2893 881 2961 sensitiva
902 2903 963 2968 est,
985 2913 1003 2955 a
1026 2912 1144 2978 paren·

71 2969 159 3037 tihus
180 2992 239 3058 per
267 2976 509 3059 generationem
539 2997 599 3062 pre
625 2988 760 3053 ocatur,
783 2984 816 3040 et
837 2982 946 3059 postea
973 2972 1027 3037 liat
1049 2974 1145 3039 intel-

72 3052 191 3119 lectiva
214 3075 274 3139 per
295 3058 535 3141 apparitionem
565 3058 658 3124 ideae
680 3060 786 3136 entis,
810 3077 908 3141 quam
930 3055 1020 3119 Deus
1041 3056 1146 3120 mani-

70 3132 169 3201 festat
184 3136 209 3199 ⁸.
233 3135 306 3213 Qua
329 3139 361 3201 in
383 3160 419 3203 re
433 3138 474 3203 cl.
497 3139 709 3227 Philosophus
731 3138 910 3204 restituisse
932 3137 1063 3204 videtur
1084 3136 1147 3201 ali·

69 3235 211 3359 puerum
240 3225 388 3283 veterum
415 3223 631 3301 sententiam,
654 3223 736 3307 qui,
760 3229 796 3286 ut
817 3240 843 3283 s.
866 3218 1003 3283 Thomas
1027 3218 1142 3291 refert,

92 3311 252 3365 ocuerunt
273 3322 291 3362 a
314 3300 402 3384 quod
423 3301 479 3366 illa
501 3302 614 3371 eadem
636 3305 757 3380 anima,
780 3322 864 3387 quae
887 3302 994 3387 prime
1008 3298 1075 3366 luit
1088 3322 1146 3367 re-

109 3532 116 3565 Ι
140 3531 206 3581 rem.
226 3536 259 3583 ad
277 3536 393 3585 et.-²
413 3536 441 3586 t·
459 3536 512 3595 2⁵⁶,
533 3552 561 3601 q.
582 3534 701 3599 hlllllll,
721 3554 749 3590 a.
769 3541 785 3592 2
806 3556 831 3593 c.

107 3600 119 3634 ³
138 3595 175 3647 (Ξῖ
190 3615 211 3649 a.
233 3600 340 3663 Them„
361 3611 412 3671 Oq.
430 3610 530 3673 supp..
552 3612 591 3659 De
610 3612 683 3672 Pet„
705 3615 757 3665 loe.
779 3617 827 3666 eit.
848 3615 881 3664 ad
901 3612 927 3661 ⁴l.
1046 3616 1054 3631 ·

107 3667 246 3734 ‘Paieot.,
266 3678 319 3727 ret.
342 3676 362 3739 l,
382 3679 428 3729 llh.
449 3680 477 3739 l,
497 3694 524 3731 e.
543 3680 590 3731 23.
