<?xml version="1.0" encoding="UTF-8"?>
<!DOCTYPE html PUBLIC "-//W3C//DTD XHTML 1.0 Transitional//EN"
    "http://www.w3.org/TR/xhtml1/DTD/xhtml1-transitional.dtd">
<html xmlns="http://www.w3.org/1999/xhtml" xml:lang="en" lang="en">
 <head>
  <title>
</title>
<meta http-equiv="Content-Type" content="text/html;charset=utf-8" />
  <meta name='ocr-system' content='tesseract 3.04.00' />
  <meta name='ocr-capabilities' content='ocr_page ocr_carea ocr_par ocr_line ocrx_word'/>
</head>
<body>
  <div class='ocr_page' id='page_1' title='image "./philosophiachri00sansgoog_0210.png"; bbox 0 0 2475 3909; ppageno 0'>
   <div class='ocr_carea' id='block_1_1' title="bbox 75 185 720 288">
    <p class='ocr_par' dir='ltr' id='par_1_1' title="bbox 75 185 720 288">
     <span class='ocr_line' id='line_1_1' title="bbox 75 185 720 288; baseline 0.009 -39"><span class='ocrx_word' id='word_1_1' title='bbox 75 279 78 288; x_wconf 25' lang='grc'>1</span> <span class='ocrx_word' id='word_1_2' title='bbox 136 185 195 250; x_wconf 84' lang='grc'><strong>196</strong></span> <span class='ocrx_word' id='word_1_3' title='bbox 542 206 720 255; x_wconf 72' lang='lat' dir='ltr'><strong>loctunam</strong></span> 
     </span>
    </p>
   </div>
   <div class='ocr_carea' id='block_1_2' title="bbox 1 287 1162 3420">
    <p class='ocr_par' dir='ltr' id='par_1_2' title="bbox 95 287 1160 457">
     <span class='ocr_line' id='line_1_2' title="bbox 95 287 1160 385; baseline 0.011 -32"><span class='ocrx_word' id='word_1_4' title='bbox 95 290 266 355; x_wconf 80' lang='lat' dir='ltr'><strong>excitatur.</strong></span> <span class='ocrx_word' id='word_1_5' title='bbox 291 288 379 374; x_wconf 85' lang='lat' dir='ltr'><strong>Ergo</strong></span> <span class='ocrx_word' id='word_1_6' title='bbox 393 287 458 352; x_wconf 89' lang='lat' dir='ltr'><strong>dici</strong></span> <span class='ocrx_word' id='word_1_7' title='bbox 481 295 594 376; x_wconf 84' lang='lat' dir='ltr'><strong>nequit</strong></span> <span class='ocrx_word' id='word_1_8' title='bbox 608 296 750 358; x_wconf 87' lang='lat' dir='ltr'><strong>animam</strong></span> <span class='ocrx_word' id='word_1_9' title='bbox 772 318 813 359; x_wconf 83' lang='lat' dir='ltr'><strong>ex</strong></span> <span class='ocrx_word' id='word_1_10' title='bbox 834 316 872 359; x_wconf 91' lang='lat' dir='ltr'><strong>eo</strong></span> <span class='ocrx_word' id='word_1_11' title='bbox 893 296 1075 385; x_wconf 87' lang='lat' dir='ltr'><strong>intelligere</strong></span> <span class='ocrx_word' id='word_1_12' title='bbox 1096 316 1160 377; x_wconf 67' lang='grc' dir='ltr'><strong>τες,</strong></span> 
     </span>
     <span class='ocr_line' id='line_1_3' title="bbox 95 371 763 457; baseline 0.004 -21"><span class='ocrx_word' id='word_1_13' title='bbox 95 371 184 457; x_wconf 85' lang='lat' dir='ltr'><strong>quod</strong></span> <span class='ocrx_word' id='word_1_14' title='bbox 208 372 338 437; x_wconf 92' lang='lat' dir='ltr'><strong>illarum</strong></span> <span class='ocrx_word' id='word_1_15' title='bbox 361 372 508 436; x_wconf 87' lang='lat' dir='ltr'><strong>idearum</strong></span> <span class='ocrx_word' id='word_1_16' title='bbox 531 376 763 441; x_wconf 80' lang='lat' dir='ltr'><strong>reminiscitur.</strong></span> 
     </span>
    </p>

    <p class='ocr_par' dir='ltr' id='par_1_3' title="bbox 87 453 1162 880">
     <span class='ocr_line' id='line_1_4' title="bbox 133 453 1162 547; baseline 0.007 -27"><span class='ocrx_word' id='word_1_17' title='bbox 133 455 169 520; x_wconf 83' lang='lat'><strong>5⁰</strong></span> <span class='ocrx_word' id='word_1_18' title='bbox 192 453 398 539; x_wconf 81' lang='lat' dir='ltr'>Exemplum,</span> <span class='ocrx_word' id='word_1_19' title='bbox 420 453 508 538; x_wconf 91' lang='lat' dir='ltr'><strong>quod</strong></span> <span class='ocrx_word' id='word_1_20' title='bbox 529 456 623 521; x_wconf 88' lang='lat' dir='ltr'><strong>Plato</strong></span> <span class='ocrx_word' id='word_1_21' title='bbox 646 460 679 522; x_wconf 96' lang='lat' dir='ltr'><strong>in</strong></span> <span class='ocrx_word' id='word_1_22' title='bbox 703 458 847 523; x_wconf 88' lang='lat' dir='ltr'><strong>medium</strong></span> <span class='ocrx_word' id='word_1_23' title='bbox 872 462 994 537; x_wconf 92' lang='lat' dir='ltr'><strong>attulit,</strong></span> <span class='ocrx_word' id='word_1_24' title='bbox 1011 483 1069 547; x_wconf 93' lang='lat' dir='ltr'><strong>pro</strong></span> <span class='ocrx_word' id='word_1_25' title='bbox 1091 463 1162 527; x_wconf 88' lang='lat' dir='ltr'><strong>eius</strong></span> 
     </span>
     <span class='ocr_line' id='line_1_5' title="bbox 93 535 1161 630; baseline 0.007 -30"><span class='ocrx_word' id='word_1_26' title='bbox 93 538 252 604; x_wconf 86' lang='lat' dir='ltr'><strong>sententia</strong></span> <span class='ocrx_word' id='word_1_27' title='bbox 272 535 357 601; x_wconf 90' lang='lat' dir='ltr'><strong>haud</strong></span> <span class='ocrx_word' id='word_1_28' title='bbox 381 545 453 602; x_wconf 91' lang='lat' dir='ltr'><strong>stat.</strong></span> <span class='ocrx_word' id='word_1_29' title='bbox 469 535 553 601; x_wconf 90' lang='lat' dir='ltr'><strong>Illud</strong></span> <span class='ocrx_word' id='word_1_30' title='bbox 566 540 653 602; x_wconf 93' lang='lat' dir='ltr'><strong>enim</strong></span> <span class='ocrx_word' id='word_1_31' title='bbox 669 562 730 605; x_wconf 92' lang='lat' dir='ltr'><strong>non</strong></span> <span class='ocrx_word' id='word_1_32' title='bbox 753 541 840 605; x_wconf 88' lang='lat' dir='ltr'><strong>aliud</strong></span> <span class='ocrx_word' id='word_1_33' title='bbox 861 542 982 618; x_wconf 89' lang='lat' dir='ltr'><strong>innuit,</strong></span> <span class='ocrx_word' id='word_1_34' title='bbox 998 545 1060 609; x_wconf 88' lang='lat' dir='ltr'><strong>nisi</strong></span> <span class='ocrx_word' id='word_1_35' title='bbox 1082 565 1161 630; x_wconf 89' lang='lat' dir='ltr'><strong>pue-</strong></span> 
     </span>
     <span class='ocr_line' id='line_1_6' title="bbox 92 616 1160 711; baseline 0.005 -28"><span class='ocrx_word' id='word_1_36' title='bbox 92 641 167 684; x_wconf 91' lang='lat' dir='ltr'><strong>rum</strong></span> <span class='ocrx_word' id='word_1_37' title='bbox 188 616 327 686; x_wconf 90' lang='lat' dir='ltr'><strong>naturali</strong></span> <span class='ocrx_word' id='word_1_38' title='bbox 351 616 502 685; x_wconf 77' lang='lat' dir='ltr'>facultate</span> <span class='ocrx_word' id='word_1_39' title='bbox 525 620 627 685; x_wconf 89' lang='lat' dir='ltr'><strong>intelli</strong></span> <span class='ocrx_word' id='word_1_40' title='bbox 652 620 725 686; x_wconf 91' lang='lat' dir='ltr'><strong>endi</strong></span> <span class='ocrx_word' id='word_1_41' title='bbox 745 624 927 709; x_wconf 90' lang='lat' dir='ltr'><strong>praeditum</strong></span> <span class='ocrx_word' id='word_1_42' title='bbox 948 623 1061 703; x_wconf 83' lang='lat' dir='ltr'><strong>luisse,</strong></span> <span class='ocrx_word' id='word_1_43' title='bbox 1083 646 1160 711; x_wconf 90' lang='lat' dir='ltr'><strong>qua,</strong></span> 
     </span>
     <span class='ocr_line' id='line_1_7' title="bbox 87 640 1161 793; baseline 0.005 -27"><span class='ocrx_word' id='word_1_44' title='bbox 87 724 111 774; x_wconf 88' lang='lat' dir='ltr'><strong>e</strong></span> <span class='ocrx_word' id='word_1_45' title='bbox 134 702 237 787; x_wconf 85' lang='lat' dir='ltr'><strong>magis</strong></span> <span class='ocrx_word' id='word_1_46' title='bbox 259 701 342 766; x_wconf 91' lang='lat' dir='ltr'><strong>notis</strong></span> <span class='ocrx_word' id='word_1_47' title='bbox 363 701 469 765; x_wconf 90' lang='lat' dir='ltr'><strong>minus</strong></span> <span class='ocrx_word' id='word_1_48' title='bbox 492 711 567 766; x_wconf 88' lang='lat' dir='ltr'><strong>nota</strong></span> <span class='ocrx_word' id='word_1_49' title='bbox 588 640 765 783; x_wconf 80' lang='lat' dir='ltr'><strong>deducens,</strong></span> <span class='ocrx_word' id='word_1_50' title='bbox 781 705 978 793; x_wconf 87' lang='lat' dir='ltr'><strong>respondere</strong></span> <span class='ocrx_word' id='word_1_51' title='bbox 994 717 1097 791; x_wconf 85' lang='lat' dir='ltr'><strong>potest</strong></span> <span class='ocrx_word' id='word_1_52' title='bbox 1113 708 1161 771; x_wconf 91' lang='lat' dir='ltr'><strong>in-</strong></span> 
     </span>
     <span class='ocr_line' id='line_1_8' title="bbox 92 781 1023 880; baseline 0.003 -31"><span class='ocrx_word' id='word_1_53' title='bbox 92 781 380 868; x_wconf 87' lang='lat' dir='ltr'><strong>terrogationibus,</strong></span> <span class='ocrx_word' id='word_1_54' title='bbox 402 803 485 880; x_wconf 85' lang='lat' dir='ltr'><strong>quae</strong></span> <span class='ocrx_word' id='word_1_55' title='bbox 507 783 681 869; x_wconf 77' lang='lat' dir='ltr'><strong>gradatim,</strong></span> <span class='ocrx_word' id='word_1_56' title='bbox 704 796 738 852; x_wconf 88' lang='lat' dir='ltr'><strong>et</strong></span> <span class='ocrx_word' id='word_1_57' title='bbox 759 788 874 852; x_wconf 81' lang='lat' dir='ltr'><strong>ordine</strong></span> <span class='ocrx_word' id='word_1_58' title='bbox 897 788 978 853; x_wconf 90' lang='lat' dir='ltr'><strong>liunt</strong></span> <span class='ocrx_word' id='word_1_59' title='bbox 1000 791 1023 852; x_wconf 84' lang='lat'><strong>¹.</strong></span> 
     </span>
    </p>

    <p class='ocr_par' dir='ltr' id='par_1_4' title="bbox 87 863 1161 1591">
     <span class='ocr_line' id='line_1_9' title="bbox 134 863 1158 953; baseline 0.002 -22"><span class='ocrx_word' id='word_1_60' title='bbox 134 866 183 931; x_wconf 86' lang='lat'><strong>13.</strong></span> <span class='ocrx_word' id='word_1_61' title='bbox 207 865 386 933; x_wconf 88' lang='lat' dir='ltr'><strong>Cartesiani</strong></span> <span class='ocrx_word' id='word_1_62' title='bbox 408 863 498 930; x_wconf 80' lang='lat' dir='ltr'><strong>ideas</strong></span> <span class='ocrx_word' id='word_1_63' title='bbox 520 864 726 953; x_wconf 87' lang='lat' dir='ltr'><strong>distinguunt</strong></span> <span class='ocrx_word' id='word_1_64' title='bbox 741 871 774 933; x_wconf 94' lang='lat' dir='ltr'><strong>in</strong></span> <span class='ocrx_word' id='word_1_65' title='bbox 788 870 982 949; x_wconf 71' lang='lat' dir='ltr'><strong>adventitius,</strong></span> <span class='ocrx_word' id='word_1_66' title='bbox 1004 872 1158 953; x_wconf 75' lang='lat' dir='ltr'><strong>factitios,</strong></span> 
     </span>
     <span class='ocr_line' id='line_1_10' title="bbox 91 946 1159 1036; baseline 0.002 -21"><span class='ocrx_word' id='word_1_67' title='bbox 91 964 124 1015; x_wconf 89' lang='lat' dir='ltr'><strong>et</strong></span> <span class='ocrx_word' id='word_1_68' title='bbox 146 952 279 1014; x_wconf 71' lang='lat' dir='ltr'><strong>intratos.</strong></span> <span class='ocrx_word' id='word_1_69' title='bbox 302 946 498 1025; x_wconf 64' lang='lat' dir='ltr'><strong>adventitia,</strong></span> <span class='ocrx_word' id='word_1_70' title='bbox 521 970 635 1014; x_wconf 90' lang='lat' dir='ltr'><strong>eorum</strong></span> <span class='ocrx_word' id='word_1_71' title='bbox 656 953 823 1028; x_wconf 90' lang='lat' dir='ltr'><strong>sententia,</strong></span> <span class='ocrx_word' id='word_1_72' title='bbox 840 962 914 1017; x_wconf 92' lang='lat' dir='ltr'><strong>sunt</strong></span> <span class='ocrx_word' id='word_1_73' title='bbox 927 974 1010 1036; x_wconf 90' lang='lat' dir='ltr'><strong>quae</strong></span> <span class='ocrx_word' id='word_1_74' title='bbox 1030 953 1159 1017; x_wconf 88' lang='lat' dir='ltr'><strong>animae</strong></span> 
     </span>
     <span class='ocr_line' id='line_1_11' title="bbox 91 1031 1161 1119; baseline 0.003 -23"><span class='ocrx_word' id='word_1_75' title='bbox 91 1031 270 1097; x_wconf 85' lang='lat' dir='ltr'><strong>obveniunt</strong></span> <span class='ocrx_word' id='word_1_76' title='bbox 289 1032 455 1095; x_wconf 78' lang='lat' dir='ltr'><strong>occasione</strong></span> <span class='ocrx_word' id='word_1_77' title='bbox 477 1041 639 1107; x_wconf 90' lang='lat' dir='ltr'><strong>motuum,</strong></span> <span class='ocrx_word' id='word_1_78' title='bbox 663 1034 719 1119; x_wconf 91' lang='lat' dir='ltr'><strong>qui</strong></span> <span class='ocrx_word' id='word_1_79' title='bbox 741 1054 781 1096; x_wconf 78' lang='lat' dir='ltr'><strong>ea</strong></span> <span class='ocrx_word' id='word_1_80' title='bbox 804 1033 942 1119; x_wconf 88' lang='lat' dir='ltr'><strong>appulsu</strong></span> <span class='ocrx_word' id='word_1_81' title='bbox 971 1056 1080 1099; x_wconf 83' lang='lat' dir='ltr'><strong>rerum</strong></span> <span class='ocrx_word' id='word_1_82' title='bbox 1101 1056 1161 1099; x_wconf 82' lang='lat' dir='ltr'><strong>ex-</strong></span> 
     </span>
     <span class='ocr_line' id='line_1_12' title="bbox 89 1112 1154 1198; baseline 0.003 -20"><span class='ocrx_word' id='word_1_83' title='bbox 89 1128 255 1179; x_wconf 88' lang='lat' dir='ltr'><strong>ternarum</strong></span> <span class='ocrx_word' id='word_1_84' title='bbox 278 1112 311 1177; x_wconf 93' lang='lat' dir='ltr'><strong>in</strong></span> <span class='ocrx_word' id='word_1_85' title='bbox 333 1114 645 1198; x_wconf 77' lang='lat' dir='ltr'><strong>censoriisorganis</strong></span> <span class='ocrx_word' id='word_1_86' title='bbox 670 1115 877 1192; x_wconf 81' lang='lat' dir='ltr'><strong>excitantur;</strong></span> <span class='ocrx_word' id='word_1_87' title='bbox 899 1114 1098 1191; x_wconf 75' lang='lat' dir='ltr'><strong>cuiusmodi,</strong></span> <span class='ocrx_word' id='word_1_88' title='bbox 1123 1139 1154 1182; x_wconf 88' lang='lat' dir='ltr'><strong>e.</strong></span> 
     </span>
     <span class='ocr_line' id='line_1_13' title="bbox 90 1195 1157 1284; baseline 0.003 -23"><span class='ocrx_word' id='word_1_89' title='bbox 90 1219 136 1281; x_wconf 63' lang='lat' dir='ltr'><strong>g„</strong></span> <span class='ocrx_word' id='word_1_90' title='bbox 159 1207 207 1261; x_wconf 87' lang='lat' dir='ltr'><strong>est</strong></span> <span class='ocrx_word' id='word_1_91' title='bbox 229 1195 301 1261; x_wconf 90' lang='lat' dir='ltr'><strong>idea</strong></span> <span class='ocrx_word' id='word_1_92' title='bbox 323 1195 408 1260; x_wconf 82' lang='lat' dir='ltr'><strong>solis.</strong></span> <span class='ocrx_word' id='word_1_93' title='bbox 432 1196 591 1261; x_wconf 86' lang='lat' dir='ltr'><strong>Factitiae</strong></span> <span class='ocrx_word' id='word_1_94' title='bbox 614 1207 688 1262; x_wconf 91' lang='lat' dir='ltr'><strong>sunt</strong></span> <span class='ocrx_word' id='word_1_95' title='bbox 709 1218 792 1283; x_wconf 87' lang='lat' dir='ltr'><strong>quae</strong></span> <span class='ocrx_word' id='word_1_96' title='bbox 815 1197 856 1261; x_wconf 89' lang='lat' dir='ltr'><strong>ab</strong></span> <span class='ocrx_word' id='word_1_97' title='bbox 877 1199 945 1284; x_wconf 90' lang='lat' dir='ltr'><strong>ipsa</strong></span> <span class='ocrx_word' id='word_1_98' title='bbox 969 1212 1073 1263; x_wconf 73' lang='lat' dir='ltr'><strong>niente</strong></span> <span class='ocrx_word' id='word_1_99' title='bbox 1089 1199 1157 1264; x_wconf 86' lang='lat' dir='ltr'><strong>elli-</strong></span> 
     </span>
     <span class='ocr_line' id='line_1_14' title="bbox 89 1274 1159 1366; baseline 0.006 -27"><span class='ocrx_word' id='word_1_100' title='bbox 89 1280 219 1345; x_wconf 79' lang='lat' dir='ltr'><strong>ciuntur</strong></span> <span class='ocrx_word' id='word_1_101' title='bbox 238 1300 280 1343; x_wconf 86' lang='lat' dir='ltr'><strong>ex</strong></span> <span class='ocrx_word' id='word_1_102' title='bbox 300 1280 421 1342; x_wconf 89' lang='lat' dir='ltr'><strong>unione</strong></span> <span class='ocrx_word' id='word_1_103' title='bbox 442 1274 646 1342; x_wconf 84' lang='lat' dir='ltr'><strong>diversarum</strong></span> <span class='ocrx_word' id='word_1_104' title='bbox 672 1278 842 1354; x_wconf 89' lang='lat' dir='ltr'><strong>idearum,</strong></span> <span class='ocrx_word' id='word_1_105' title='bbox 864 1300 894 1343; x_wconf 89' lang='lat' dir='ltr'><strong>e.</strong></span> <span class='ocrx_word' id='word_1_106' title='bbox 915 1280 969 1366; x_wconf 86' lang='lat' dir='ltr'><strong>&#39;g.,</strong></span> <span class='ocrx_word' id='word_1_107' title='bbox 993 1278 1063 1345; x_wconf 89' lang='lat' dir='ltr'><strong>idea</strong></span> <span class='ocrx_word' id='word_1_108' title='bbox 1084 1280 1159 1366; x_wconf 92' lang='lat' dir='ltr'><strong>hip-</strong></span> 
     </span>
     <span class='ocr_line' id='line_1_15' title="bbox 91 1360 1157 1448; baseline 0.002 -25"><span class='ocrx_word' id='word_1_109' title='bbox 91 1363 289 1444; x_wconf 87' lang='lat' dir='ltr'><strong>pocentauri.</strong></span> <span class='ocrx_word' id='word_1_110' title='bbox 312 1360 459 1444; x_wconf 83' lang='lat' dir='ltr'><strong>Denique</strong></span> <span class='ocrx_word' id='word_1_111' title='bbox 488 1362 616 1424; x_wconf 76' lang='lat' dir='ltr'><strong>innatae</strong></span> <span class='ocrx_word' id='word_1_112' title='bbox 638 1372 728 1438; x_wconf 87' lang='lat' dir='ltr'><strong>sunt,</strong></span> <span class='ocrx_word' id='word_1_113' title='bbox 751 1381 929 1448; x_wconf 84' lang='lat' dir='ltr'><strong>quaecum</strong></span> <span class='ocrx_word' id='word_1_114' title='bbox 956 1365 1064 1426; x_wconf 89' lang='lat' dir='ltr'><strong>anima</strong></span> <span class='ocrx_word' id='word_1_115' title='bbox 1085 1385 1157 1427; x_wconf 89' lang='lat' dir='ltr'><strong>con-</strong></span> 
     </span>
     <span class='ocr_line' id='line_1_16' title="bbox 87 1440 1157 1587; baseline 0.003 -82"><span class='ocrx_word' id='word_1_116' title='bbox 87 1454 250 1587; x_wconf 59' lang='lat' dir='ltr'><strong>parantur,</strong></span> <span class='ocrx_word' id='word_1_117' title='bbox 273 1441 395 1508; x_wconf 89' lang='lat' dir='ltr'><strong>idesta</strong></span> <span class='ocrx_word' id='word_1_118' title='bbox 417 1440 486 1506; x_wconf 86' lang='lat' dir='ltr'><strong>Deo</strong></span> <span class='ocrx_word' id='word_1_119' title='bbox 508 1443 541 1506; x_wconf 93' lang='lat' dir='ltr'><strong>in</strong></span> <span class='ocrx_word' id='word_1_120' title='bbox 564 1452 637 1507; x_wconf 90' lang='lat' dir='ltr'><strong>actu</strong></span> <span class='ocrx_word' id='word_1_121' title='bbox 660 1444 833 1508; x_wconf 89' lang='lat' dir='ltr'><strong>creationis</strong></span> <span class='ocrx_word' id='word_1_122' title='bbox 856 1445 890 1507; x_wconf 96' lang='lat' dir='ltr'><strong>in</strong></span> <span class='ocrx_word' id='word_1_123' title='bbox 918 1446 1026 1508; x_wconf 88' lang='lat' dir='ltr'><strong>anima</strong></span> <span class='ocrx_word' id='word_1_124' title='bbox 1049 1443 1157 1509; x_wconf 87' lang='lat' dir='ltr'><strong>inlun-</strong></span> 
     </span>
     <span class='ocr_line' id='line_1_17' title="bbox 111 1538 220 1591; baseline -0.009 -2"><span class='ocrx_word' id='word_1_125' title='bbox 111 1538 220 1591; x_wconf 90' lang='lat' dir='ltr'><strong>untur.</strong></span> 
     </span>
    </p>

    <p class='ocr_par' dir='ltr' id='par_1_5' title="bbox 1 1603 1154 2597">
     <span class='ocr_line' id='line_1_18' title="bbox 129 1603 1154 1691; baseline 0.002 -20"><span class='ocrx_word' id='word_1_126' title='bbox 129 1610 178 1675; x_wconf 82' lang='lat' dir='ltr'><strong>tt.</strong></span> <span class='ocrx_word' id='word_1_127' title='bbox 202 1609 320 1675; x_wconf 82' lang='lat' dir='ltr'><strong>Contra</strong></span> <span class='ocrx_word' id='word_1_128' title='bbox 344 1606 426 1670; x_wconf 88' lang='lat' dir='ltr'><strong>hanc</strong></span> <span class='ocrx_word' id='word_1_129' title='bbox 452 1603 712 1671; x_wconf 81' lang='lat' dir='ltr'><strong>Cartesianorum</strong></span> <span class='ocrx_word' id='word_1_130' title='bbox 745 1606 932 1691; x_wconf 87' lang='lat' dir='ltr'><strong>opinionem</strong></span> <span class='ocrx_word' id='word_1_131' title='bbox 964 1606 1154 1673; x_wconf 81' lang='lat' dir='ltr'><strong>adnotamus</strong></span> 
     </span>
     <span class='ocr_line' id='line_1_19' title="bbox 86 1687 1152 1774; baseline 0.003 -21"><span class='ocrx_word' id='word_1_132' title='bbox 86 1688 178 1769; x_wconf 83' lang='lat' dir='ltr'><strong>illam</strong></span> <span class='ocrx_word' id='word_1_133' title='bbox 198 1691 248 1756; x_wconf 91' lang='lat' dir='ltr'><strong>his</strong></span> <span class='ocrx_word' id='word_1_134' title='bbox 269 1687 396 1754; x_wconf 90' lang='lat' dir='ltr'><strong>duobus</strong></span> <span class='ocrx_word' id='word_1_135' title='bbox 417 1688 631 1774; x_wconf 88' lang='lat' dir='ltr'><strong>pronuntiatis</strong></span> <span class='ocrx_word' id='word_1_136' title='bbox 648 1689 756 1765; x_wconf 89' lang='lat' dir='ltr'><strong>inniti,</strong></span> <span class='ocrx_word' id='word_1_137' title='bbox 772 1708 913 1773; x_wconf 83' lang='lat' dir='ltr'><strong>quorum</strong></span> <span class='ocrx_word' id='word_1_138' title='bbox 933 1690 1075 1772; x_wconf 91' lang='lat' dir='ltr'><strong>primum</strong></span> <span class='ocrx_word' id='word_1_139' title='bbox 1092 1703 1152 1765; x_wconf 88' lang='lat' dir='ltr'><strong>est,</strong></span> 
     </span>
     <span class='ocr_line' id='line_1_20' title="bbox 87 1769 1151 1856; baseline 0 -20"><span class='ocrx_word' id='word_1_140' title='bbox 87 1776 259 1841; x_wconf 81' lang='lat' dir='ltr'><strong>essentiam</strong></span> <span class='ocrx_word' id='word_1_141' title='bbox 283 1774 411 1838; x_wconf 85' lang='lat' dir='ltr'><strong>animae</strong></span> <span class='ocrx_word' id='word_1_142' title='bbox 438 1770 472 1835; x_wconf 91' lang='lat' dir='ltr'><strong>in</strong></span> <span class='ocrx_word' id='word_1_143' title='bbox 494 1769 613 1836; x_wconf 88' lang='lat' dir='ltr'><strong>actuali</strong></span> <span class='ocrx_word' id='word_1_144' title='bbox 640 1772 827 1856; x_wconf 80' lang='lat' dir='ltr'><strong>cognitione</strong></span> <span class='ocrx_word' id='word_1_145' title='bbox 849 1770 1037 1847; x_wconf 88' lang='lat' dir='ltr'><strong>consisterc;</strong></span> <span class='ocrx_word' id='word_1_146' title='bbox 1062 1792 1151 1849; x_wconf 89' lang='lat' dir='ltr'><strong>nam,</strong></span> 
     </span>
     <span class='ocr_line' id='line_1_21' title="bbox 85 1851 1152 1999; baseline 0 -82"><span class='ocrx_word' id='word_1_147' title='bbox 85 1854 265 1921; x_wconf 85' lang='lat' dir='ltr'><strong>secundum</strong></span> <span class='ocrx_word' id='word_1_148' title='bbox 285 1854 394 1940; x_wconf 90' lang='lat' dir='ltr'><strong>ipsos,</strong></span> <span class='ocrx_word' id='word_1_149' title='bbox 410 1852 494 1917; x_wconf 89' lang='lat' dir='ltr'><strong>sicut</strong></span> <span class='ocrx_word' id='word_1_150' title='bbox 516 1851 623 1916; x_wconf 91' lang='lat' dir='ltr'><strong>anima</strong></span> <span class='ocrx_word' id='word_1_151' title='bbox 644 1854 828 1929; x_wconf 85' lang='lat' dir='ltr'><strong>essentiam,</strong></span> <span class='ocrx_word' id='word_1_152' title='bbox 854 1854 897 1917; x_wconf 91' lang='lat' dir='ltr'><strong>ita</strong></span> <span class='ocrx_word' id='word_1_153' title='bbox 920 1854 1018 1916; x_wconf 90' lang='lat' dir='ltr'><strong>etiam</strong></span> <span class='ocrx_word' id='word_1_154' title='bbox 1041 1856 1152 1999; x_wconf 71' lang='lat' dir='ltr'><strong>cogni-</strong></span> 
     </span>
     <span class='ocr_line' id='line_1_22' title="bbox 84 1932 1151 2019; baseline 0 -17"><span class='ocrx_word' id='word_1_155' title='bbox 84 1940 210 2005; x_wconf 89' lang='lat' dir='ltr'><strong>tionem</strong></span> <span class='ocrx_word' id='word_1_156' title='bbox 231 1959 250 2003; x_wconf 89' lang='lat' dir='ltr'><strong>a</strong></span> <span class='ocrx_word' id='word_1_157' title='bbox 272 1937 340 2002; x_wconf 83' lang='lat' dir='ltr'><strong>Deo</strong></span> <span class='ocrx_word' id='word_1_158' title='bbox 361 1934 468 2011; x_wconf 89' lang='lat' dir='ltr'><strong>habet;</strong></span> <span class='ocrx_word' id='word_1_159' title='bbox 492 1932 630 2000; x_wconf 90' lang='lat' dir='ltr'><strong>alterum</strong></span> <span class='ocrx_word' id='word_1_160' title='bbox 652 1945 718 2012; x_wconf 91' lang='lat' dir='ltr'><strong>est,</strong></span> <span class='ocrx_word' id='word_1_161' title='bbox 740 1934 827 2019; x_wconf 90' lang='lat' dir='ltr'><strong>quod</strong></span> <span class='ocrx_word' id='word_1_162' title='bbox 853 1932 1002 1999; x_wconf 89' lang='lat' dir='ltr'><strong>idearum</strong></span> <span class='ocrx_word' id='word_1_163' title='bbox 1024 1936 1088 2001; x_wconf 90' lang='lat' dir='ltr'><strong>inte</strong></span> <span class='ocrx_word' id='word_1_164' title='bbox 1104 1937 1151 2002; x_wconf 95' lang='lat' dir='ltr'><strong>le-</strong></span> 
     </span>
     <span class='ocr_line' id='line_1_23' title="bbox 85 2018 1149 2163; baseline -0.002 -78"><span class='ocrx_word' id='word_1_165' title='bbox 85 2022 243 2087; x_wconf 85' lang='lat' dir='ltr'><strong>ctualium</strong></span> <span class='ocrx_word' id='word_1_166' title='bbox 263 2021 357 2103; x_wconf 89' lang='lat' dir='ltr'><strong>origo</strong></span> <span class='ocrx_word' id='word_1_167' title='bbox 379 2039 437 2103; x_wconf 90' lang='lat' dir='ltr'><strong>per</strong></span> <span class='ocrx_word' id='word_1_168' title='bbox 458 2036 571 2083; x_wconf 82' lang='lat' dir='ltr'><strong>sensus</strong></span> <span class='ocrx_word' id='word_1_169' title='bbox 591 2018 750 2103; x_wconf 84' lang='lat' dir='ltr'><strong>explicari</strong></span> <span class='ocrx_word' id='word_1_170' title='bbox 773 2018 895 2163; x_wconf 60' lang='lat' dir='ltr'><strong>nespult</strong></span> <span class='ocrx_word' id='word_1_171' title='bbox 919 2018 977 2081; x_wconf 77' lang='lat' dir='ltr'><strong>Ast</strong></span> <span class='ocrx_word' id='word_1_172' title='bbox 1005 2018 1149 2104; x_wconf 91' lang='lat' dir='ltr'><strong>primum</strong></span> 
     </span>
     <span class='ocr_line' id='line_1_24' title="bbox 85 2098 1150 2187; baseline -0.002 -19"><span class='ocrx_word' id='word_1_173' title='bbox 85 2102 327 2187; x_wconf 89' lang='lat' dir='ltr'><strong>pronuntiatum</strong></span> <span class='ocrx_word' id='word_1_174' title='bbox 355 2099 470 2164; x_wconf 83' lang='lat' dir='ltr'><strong>falsum</strong></span> <span class='ocrx_word' id='word_1_175' title='bbox 493 2106 557 2175; x_wconf 93' lang='lat' dir='ltr'><strong>est;</strong></span> <span class='ocrx_word' id='word_1_176' title='bbox 581 2121 671 2175; x_wconf 90' lang='lat' dir='ltr'><strong>nam,</strong></span> <span class='ocrx_word' id='word_1_177' title='bbox 694 2109 729 2164; x_wconf 91' lang='lat' dir='ltr'><strong>ut</strong></span> <span class='ocrx_word' id='word_1_178' title='bbox 749 2118 807 2163; x_wconf 93' lang='lat' dir='ltr'><strong>suo</strong></span> <span class='ocrx_word' id='word_1_179' title='bbox 842 2119 900 2163; x_wconf 93' lang='lat' dir='ltr'><strong>oco</strong></span> <span class='ocrx_word' id='word_1_180' title='bbox 927 2098 1150 2180; x_wconf 87' lang='lat' dir='ltr'><strong>ostendemus,</strong></span> 
     </span>
     <span class='ocr_line' id='line_1_25' title="bbox 84 2179 1153 2267; baseline -0.001 -17"><span class='ocrx_word' id='word_1_181' title='bbox 84 2205 149 2250; x_wconf 92' lang='lat' dir='ltr'><strong>non</strong></span> <span class='ocrx_word' id='word_1_182' title='bbox 170 2186 275 2250; x_wconf 84' lang='lat' dir='ltr'><strong>solum</strong></span> <span class='ocrx_word' id='word_1_183' title='bbox 300 2182 465 2267; x_wconf 77' lang='lat' dir='ltr'><strong>cognitio,</strong></span> <span class='ocrx_word' id='word_1_184' title='bbox 488 2180 542 2244; x_wconf 91' lang='lat' dir='ltr'><strong>sed</strong></span> <span class='ocrx_word' id='word_1_185' title='bbox 570 2184 669 2246; x_wconf 89' lang='lat' dir='ltr'><strong>etiam</strong></span> <span class='ocrx_word' id='word_1_186' title='bbox 697 2179 832 2248; x_wconf 80' lang='lat' dir='ltr'><strong>facultas</strong></span> <span class='ocrx_word' id='word_1_187' title='bbox 860 2181 1070 2264; x_wconf 87' lang='lat' dir='ltr'><strong>cognoscendi</strong></span> <span class='ocrx_word' id='word_1_188' title='bbox 1101 2204 1153 2249; x_wconf 91' lang='lat' dir='ltr'><strong>es-</strong></span> 
     </span>
     <span class='ocr_line' id='line_1_26' title="bbox 84 2261 1152 2350; baseline -0.002 -16"><span class='ocrx_word' id='word_1_189' title='bbox 84 2268 220 2334; x_wconf 83' lang='lat' dir='ltr'><strong>sentiam</strong></span> <span class='ocrx_word' id='word_1_190' title='bbox 241 2264 367 2330; x_wconf 87' lang='lat' dir='ltr'><strong>animae</strong></span> <span class='ocrx_word' id='word_1_191' title='bbox 388 2264 583 2329; x_wconf 88' lang='lat' dir='ltr'><strong>constituero</strong></span> <span class='ocrx_word' id='word_1_192' title='bbox 605 2264 727 2349; x_wconf 90' lang='lat' dir='ltr'><strong>nequit.</strong></span> <span class='ocrx_word' id='word_1_193' title='bbox 748 2264 799 2327; x_wconf 80' lang='lat' dir='ltr'><strong>Ex</strong></span> <span class='ocrx_word' id='word_1_194' title='bbox 818 2261 919 2327; x_wconf 92' lang='lat' dir='ltr'><strong>altero</strong></span> <span class='ocrx_word' id='word_1_195' title='bbox 941 2266 1152 2350; x_wconf 88' lang='lat' dir='ltr'><strong>pronuntiato</strong></span> 
     </span>
     <span class='ocr_line' id='line_1_27' title="bbox 85 2343 1150 2431; baseline -0.003 -16"><span class='ocrx_word' id='word_1_196' title='bbox 85 2359 194 2415; x_wconf 89' lang='lat' dir='ltr'><strong>autem</strong></span> <span class='ocrx_word' id='word_1_197' title='bbox 222 2347 337 2413; x_wconf 83' lang='lat' dir='ltr'><strong>inferri</strong></span> <span class='ocrx_word' id='word_1_198' title='bbox 364 2366 428 2410; x_wconf 94' lang='lat' dir='ltr'><strong>non</strong></span> <span class='ocrx_word' id='word_1_199' title='bbox 456 2354 558 2431; x_wconf 87' lang='lat' dir='ltr'><strong>potest</strong></span> <span class='ocrx_word' id='word_1_200' title='bbox 583 2343 674 2411; x_wconf 89' lang='lat' dir='ltr'><strong>ideas</strong></span> <span class='ocrx_word' id='word_1_201' title='bbox 700 2366 769 2410; x_wconf 88' lang='lat' dir='ltr'><strong>csse</strong></span> <span class='ocrx_word' id='word_1_202' title='bbox 791 2347 938 2423; x_wconf 86' lang='lat' dir='ltr'><strong>innatas,</strong></span> <span class='ocrx_word' id='word_1_203' title='bbox 961 2345 1016 2409; x_wconf 90' lang='lat' dir='ltr'><strong>sod</strong></span> <span class='ocrx_word' id='word_1_204' title='bbox 1039 2349 1150 2431; x_wconf 85' lang='lat' dir='ltr'><strong>potius</strong></span> 
     </span>
     <span class='ocr_line' id='line_1_28' title="bbox 84 2424 1149 2517; baseline 0.001 -22"><span class='ocrx_word' id='word_1_205' title='bbox 84 2432 183 2498; x_wconf 88' lang='lat' dir='ltr'><strong>aliam</strong></span> <span class='ocrx_word' id='word_1_206' title='bbox 204 2429 367 2496; x_wconf 88' lang='lat' dir='ltr'><strong>inanima</strong></span> <span class='ocrx_word' id='word_1_207' title='bbox 393 2424 627 2513; x_wconf 79' lang='lat' dir='ltr'><strong>agnoscendam</strong></span> <span class='ocrx_word' id='word_1_208' title='bbox 653 2448 720 2493; x_wconf 87' lang='lat' dir='ltr'><strong>esse</strong></span> <span class='ocrx_word' id='word_1_209' title='bbox 753 2426 963 2505; x_wconf 79' lang='lat' dir='ltr'><strong>facultatem,</strong></span> <span class='ocrx_word' id='word_1_210' title='bbox 986 2450 1050 2514; x_wconf 88' lang='lat' dir='ltr'><strong>qua</strong></span> <span class='ocrx_word' id='word_1_211' title='bbox 1077 2430 1149 2517; x_wconf 87' lang='lat' dir='ltr'><strong>ipsa</strong></span> 
     </span>
     <span class='ocr_line' id='line_1_29' title="bbox 1 2513 420 2597; baseline -0.007 -19"><span class='ocrx_word' id='word_1_212' title='bbox 1 2560 6 2569; x_wconf 82' lang='lat'>.</span> <span class='ocrx_word' id='word_1_213' title='bbox 82 2536 137 2580; x_wconf 88' lang='lat' dir='ltr'><strong>eas</strong></span> <span class='ocrx_word' id='word_1_214' title='bbox 158 2513 223 2580; x_wconf 88' lang='lat' dir='ltr'><strong>sibi</strong></span> <span class='ocrx_word' id='word_1_215' title='bbox 244 2522 420 2597; x_wconf 84' lang='lat' dir='ltr'><strong>comparet.</strong></span> 
     </span>
    </p>

    <p class='ocr_par' dir='ltr' id='par_1_6' title="bbox 78 2590 1149 3247">
     <span class='ocr_line' id='line_1_30' title="bbox 124 2590 1147 2677; baseline -0.003 -15"><span class='ocrx_word' id='word_1_216' title='bbox 124 2596 174 2663; x_wconf 86' lang='lat'><strong>15.</strong></span> <span class='ocrx_word' id='word_1_217' title='bbox 189 2598 375 2672; x_wconf 84' lang='lat' dir='ltr'><strong>Praeterea,</strong></span> <span class='ocrx_word' id='word_1_218' title='bbox 398 2592 561 2659; x_wconf 89' lang='lat' dir='ltr'><strong>Cartesius</strong></span> <span class='ocrx_word' id='word_1_219' title='bbox 580 2590 642 2656; x_wconf 89' lang='lat' dir='ltr'><strong>hac</strong></span> <span class='ocrx_word' id='word_1_220' title='bbox 663 2592 698 2656; x_wconf 91' lang='lat' dir='ltr'><strong>in</strong></span> <span class='ocrx_word' id='word_1_221' title='bbox 719 2613 754 2657; x_wconf 90' lang='lat' dir='ltr'><strong>re</strong></span> <span class='ocrx_word' id='word_1_222' title='bbox 782 2590 957 2677; x_wconf 87' lang='lat' dir='ltr'><strong>ambiguus</strong></span> <span class='ocrx_word' id='word_1_223' title='bbox 979 2602 1050 2667; x_wconf 89' lang='lat' dir='ltr'><strong>est,</strong></span> <span class='ocrx_word' id='word_1_224' title='bbox 1072 2616 1147 2659; x_wconf 87' lang='lat' dir='ltr'><strong>nam</strong></span> 
     </span>
     <span class='ocr_line' id='line_1_31' title="bbox 82 2674 1149 2765; baseline 0 -23"><span class='ocrx_word' id='word_1_225' title='bbox 82 2676 257 2765; x_wconf 82' lang='lat' dir='ltr'><strong>aliquando</strong></span> <span class='ocrx_word' id='word_1_226' title='bbox 279 2696 338 2760; x_wconf 92' lang='lat' dir='ltr'><strong>pro</strong></span> <span class='ocrx_word' id='word_1_227' title='bbox 360 2675 444 2742; x_wconf 88' lang='lat' dir='ltr'><strong>ideis</strong></span> <span class='ocrx_word' id='word_1_228' title='bbox 465 2675 585 2741; x_wconf 92' lang='lat' dir='ltr'><strong>innatis</strong></span> <span class='ocrx_word' id='word_1_229' title='bbox 605 2674 785 2740; x_wconf 88' lang='lat' dir='ltr'><strong>naturalem</strong></span> <span class='ocrx_word' id='word_1_230' title='bbox 806 2674 1020 2759; x_wconf 88' lang='lat' dir='ltr'><strong>cognoscendi</strong></span> <span class='ocrx_word' id='word_1_231' title='bbox 1046 2674 1149 2742; x_wconf 86' lang='lat' dir='ltr'><strong>lacul-</strong></span> 
     </span>
     <span class='ocr_line' id='line_1_32' title="bbox 80 2755 1149 2845; baseline 0.001 -21"><span class='ocrx_word' id='word_1_232' title='bbox 80 2774 181 2828; x_wconf 87' lang='lat' dir='ltr'><strong>tatem</strong></span> <span class='ocrx_word' id='word_1_233' title='bbox 204 2761 386 2845; x_wconf 85' lang='lat' dir='ltr'><strong>intelligere</strong></span> <span class='ocrx_word' id='word_1_234' title='bbox 407 2755 537 2825; x_wconf 85' lang='lat' dir='ltr'><strong>videtur</strong></span> <span class='ocrx_word' id='word_1_235' title='bbox 554 2759 579 2820; x_wconf 80' lang='lat'><strong>².</strong></span> <span class='ocrx_word' id='word_1_236' title='bbox 605 2759 648 2823; x_wconf 75' lang='lat' dir='ltr'><strong>At</strong></span> <span class='ocrx_word' id='word_1_237' title='bbox 668 2758 695 2821; x_wconf 87' lang='lat' dir='ltr'><strong>si</strong></span> <span class='ocrx_word' id='word_1_238' title='bbox 717 2756 880 2822; x_wconf 85' lang='lat' dir='ltr'><strong>Cartesius</strong></span> <span class='ocrx_word' id='word_1_239' title='bbox 907 2757 1036 2822; x_wconf 91' lang='lat' dir='ltr'><strong>nomine</strong></span> <span class='ocrx_word' id='word_1_240' title='bbox 1060 2758 1149 2825; x_wconf 86' lang='lat' dir='ltr'><strong>idea·</strong></span> 
     </span>
     <span class='ocr_line' id='line_1_33' title="bbox 79 2838 1149 2926; baseline 0 -20"><span class='ocrx_word' id='word_1_241' title='bbox 79 2864 154 2907; x_wconf 91' lang='lat' dir='ltr'><strong>rum</strong></span> <span class='ocrx_word' id='word_1_242' title='bbox 171 2843 354 2908; x_wconf 90' lang='lat' dir='ltr'><strong>innatarum</strong></span> <span class='ocrx_word' id='word_1_243' title='bbox 374 2839 529 2926; x_wconf 90' lang='lat' dir='ltr'><strong>intelligit</strong></span> <span class='ocrx_word' id='word_1_244' title='bbox 546 2840 648 2925; x_wconf 86' lang='lat' dir='ltr'><strong>ipsam</strong></span> <span class='ocrx_word' id='word_1_245' title='bbox 670 2838 849 2905; x_wconf 88' lang='lat' dir='ltr'><strong>naturalem</strong></span> <span class='ocrx_word' id='word_1_246' title='bbox 870 2838 1084 2923; x_wconf 87' lang='lat' dir='ltr'><strong>cognoscendi</strong></span> <span class='ocrx_word' id='word_1_247' title='bbox 1101 2840 1149 2906; x_wconf 85' lang='lat' dir='ltr'><strong>la-</strong></span> 
     </span>
     <span class='ocr_line' id='line_1_34' title="bbox 79 2920 1145 2999; baseline -0.004 -8"><span class='ocrx_word' id='word_1_248' title='bbox 79 2924 245 2999; x_wconf 88' lang='lat' dir='ltr'><strong>cultatem,</strong></span> <span class='ocrx_word' id='word_1_249' title='bbox 268 2921 436 2990; x_wconf 88' lang='lat' dir='ltr'><strong>nobiscum</strong></span> <span class='ocrx_word' id='word_1_250' title='bbox 457 2923 628 2987; x_wconf 89' lang='lat' dir='ltr'><strong>consentit.</strong></span> <span class='ocrx_word' id='word_1_251' title='bbox 645 2920 865 2987; x_wconf 91' lang='lat' dir='ltr'><strong>Nihilominus</strong></span> <span class='ocrx_word' id='word_1_252' title='bbox 886 2922 982 2987; x_wconf 84' lang='lat' dir='ltr'><strong>liceat</strong></span> <span class='ocrx_word' id='word_1_253' title='bbox 996 2922 1088 2988; x_wconf 87' lang='lat' dir='ltr'><strong>nohis</strong></span> <span class='ocrx_word' id='word_1_254' title='bbox 1102 2923 1145 2989; x_wconf 88' lang='lat' dir='ltr'><strong>ab</strong></span> 
     </span>
     <span class='ocr_line' id='line_1_35' title="bbox 80 3001 1146 3089; baseline -0.003 -15"><span class='ocrx_word' id='word_1_255' title='bbox 80 3030 120 3074; x_wconf 92' lang='lat' dir='ltr'><strong>eo</strong></span> <span class='ocrx_word' id='word_1_256' title='bbox 133 3006 304 3081; x_wconf 85' lang='lat' dir='ltr'><strong>sciscitari,</strong></span> <span class='ocrx_word' id='word_1_257' title='bbox 327 3007 355 3071; x_wconf 88' lang='lat' dir='ltr'><strong>si</strong></span> <span class='ocrx_word' id='word_1_258' title='bbox 377 3024 487 3069; x_wconf 88' lang='lat' dir='ltr'><strong>omnes</strong></span> <span class='ocrx_word' id='word_1_259' title='bbox 509 3002 602 3069; x_wconf 90' lang='lat' dir='ltr'><strong>ideae</strong></span> <span class='ocrx_word' id='word_1_260' title='bbox 625 3001 872 3089; x_wconf 89' lang='lat' dir='ltr'><strong>proficiscuntur</strong></span> <span class='ocrx_word' id='word_1_261' title='bbox 892 3026 911 3067; x_wconf 91' lang='lat' dir='ltr'><strong>a</strong></span> <span class='ocrx_word' id='word_1_262' title='bbox 933 3005 1069 3070; x_wconf 89' lang='lat' dir='ltr'><strong>naturali</strong></span> <span class='ocrx_word' id='word_1_263' title='bbox 1090 3028 1146 3071; x_wconf 92' lang='lat' dir='ltr'><strong>co-</strong></span> 
     </span>
     <span class='ocr_line' id='line_1_36' title="bbox 80 3085 1145 3176; baseline 0 -20"><span class='ocrx_word' id='word_1_264' title='bbox 80 3091 247 3176; x_wconf 86' lang='lat' dir='ltr'><strong>gnitione,</strong></span> <span class='ocrx_word' id='word_1_265' title='bbox 270 3109 330 3153; x_wconf 91' lang='lat' dir='ltr'><strong>cur</strong></span> <span class='ocrx_word' id='word_1_266' title='bbox 351 3109 413 3153; x_wconf 90' lang='lat' dir='ltr'><strong>nou</strong></span> <span class='ocrx_word' id='word_1_267' title='bbox 435 3107 544 3151; x_wconf 85' lang='lat' dir='ltr'><strong>omnes</strong></span> <span class='ocrx_word' id='word_1_268' title='bbox 565 3105 634 3151; x_wconf 88' lang='lat' dir='ltr'><strong>essa</strong></span> <span class='ocrx_word' id='word_1_269' title='bbox 662 3085 786 3151; x_wconf 87' lang='lat' dir='ltr'><strong>innatas</strong></span> <span class='ocrx_word' id='word_1_270' title='bbox 809 3086 923 3153; x_wconf 81' lang='lat' dir='ltr'><strong>dicati</strong></span> <span class='ocrx_word' id='word_1_271' title='bbox 945 3108 1005 3152; x_wconf 87' lang='lat' dir='ltr'><strong>cur</strong></span> <span class='ocrx_word' id='word_1_272' title='bbox 1026 3088 1145 3156; x_wconf 78' lang='lat' dir='ltr'><strong>adren-</strong></span> 
     </span>
     <span class='ocr_line' id='line_1_37' title="bbox 78 3166 783 3247; baseline -0.01 -8"><span class='ocrx_word' id='word_1_273' title='bbox 78 3174 169 3239; x_wconf 90' lang='lat' dir='ltr'><strong>titias</strong></span> <span class='ocrx_word' id='word_1_274' title='bbox 214 3182 373 3247; x_wconf 82' lang='lat' dir='ltr'><strong>meterea,</strong></span> <span class='ocrx_word' id='word_1_275' title='bbox 394 3180 427 3237; x_wconf 89' lang='lat' dir='ltr'><strong>et</strong></span> <span class='ocrx_word' id='word_1_276' title='bbox 447 3168 588 3235; x_wconf 82' lang='lat' dir='ltr'><strong>laetitias</strong></span> <span class='ocrx_word' id='word_1_277' title='bbox 609 3166 783 3234; x_wconf 80' lang='lat' dir='ltr'><strong>admittat?</strong></span> 
     </span>
    </p>

    <p class='ocr_par' dir='ltr' id='par_1_7' title="bbox 79 3193 1143 3420">
     <span class='ocr_line' id='line_1_38' title="bbox 121 3193 1142 3321; baseline -0.002 -1"><span class='ocrx_word' id='word_1_278' title='bbox 121 3256 169 3321; x_wconf 86' lang='grc'><strong>16.</strong></span> <span class='ocrx_word' id='word_1_279' title='bbox 191 3193 376 3319; x_wconf 71' lang='lat' dir='ltr'><strong>leibnitius</strong></span> <span class='ocrx_word' id='word_1_280' title='bbox 397 3250 572 3318; x_wconf 82' lang='lat' dir='ltr'><strong>arbitratus</strong></span> <span class='ocrx_word' id='word_1_281' title='bbox 586 3262 636 3316; x_wconf 87' lang='lat' dir='ltr'><strong>est</strong></span> <span class='ocrx_word' id='word_1_282' title='bbox 649 3252 789 3316; x_wconf 87' lang='lat' dir='ltr'><strong>animam</strong></span> <span class='ocrx_word' id='word_1_283' title='bbox 809 3273 851 3316; x_wconf 85' lang='lat' dir='ltr'><strong>ex</strong></span> <span class='ocrx_word' id='word_1_284' title='bbox 874 3272 933 3315; x_wconf 89' lang='lat' dir='ltr'><strong>sua</strong></span> <span class='ocrx_word' id='word_1_285' title='bbox 954 3256 1090 3321; x_wconf 84' lang='lat' dir='ltr'><strong>essentia</strong></span> <span class='ocrx_word' id='word_1_286' title='bbox 1109 3254 1142 3319; x_wconf 94' lang='lat' dir='ltr'><strong>in</strong></span> 
     </span>
     <span class='ocr_line' id='line_1_39' title="bbox 79 3333 1143 3420; baseline 0 -19"><span class='ocrx_word' id='word_1_287' title='bbox 79 3356 113 3401; x_wconf 89' lang='lat' dir='ltr'><strong>se</strong></span> <span class='ocrx_word' id='word_1_288' title='bbox 135 3335 252 3401; x_wconf 87' lang='lat' dir='ltr'><strong>hahere</strong></span> <span class='ocrx_word' id='word_1_289' title='bbox 272 3336 408 3412; x_wconf 79' lang='lat' dir='ltr'><strong>cedema,</strong></span> <span class='ocrx_word' id='word_1_290' title='bbox 424 3355 482 3401; x_wconf 86' lang='lat' dir='ltr'><strong>seu</strong></span> <span class='ocrx_word' id='word_1_291' title='bbox 503 3333 672 3399; x_wconf 76' lang='lat' dir='ltr'><strong>confusam</strong></span> <span class='ocrx_word' id='word_1_292' title='bbox 693 3335 1020 3420; x_wconf 84' lang='lat' dir='ltr'><strong>repraesentationem</strong></span> <span class='ocrx_word' id='word_1_293' title='bbox 1042 3339 1143 3405; x_wconf 93' lang='lat' dir='ltr'><strong>totius</strong></span> 
     </span>
    </p>
   </div>
   <div class='ocr_carea' id='block_1_3' title="bbox 112 3528 1143 3602">
    <p class='ocr_par' dir='ltr' id='par_1_8' title="bbox 112 3528 1143 3602">
     <span class='ocr_line' id='line_1_40' title="bbox 112 3528 1143 3602; baseline 0.016 -28"><span class='ocrx_word' id='word_1_294' title='bbox 112 3540 122 3574; x_wconf 85' lang='lat' dir='ltr'><strong>r</strong></span> <span class='ocrx_word' id='word_1_295' title='bbox 143 3532 179 3587; x_wconf 74' lang='lat' dir='ltr'><strong>cf</strong></span> <span class='ocrx_word' id='word_1_296' title='bbox 189 3550 213 3585; x_wconf 59' lang='grc' dir='ltr'><strong>ς,</strong></span> <span class='ocrx_word' id='word_1_297' title='bbox 227 3536 312 3600; x_wconf 60' lang='lat' dir='ltr'><strong>Aug,</strong></span> <span class='ocrx_word' id='word_1_298' title='bbox 328 3539 367 3588; x_wconf 76' lang='lat' dir='ltr'><strong>lta</strong></span> <span class='ocrx_word' id='word_1_299' title='bbox 381 3534 465 3593; x_wconf 67' lang='lat' dir='ltr'><strong>Tria„</strong></span> <span class='ocrx_word' id='word_1_300' title='bbox 480 3532 526 3581; x_wconf 85' lang='lat' dir='ltr'><strong>tn.</strong></span> <span class='ocrx_word' id='word_1_301' title='bbox 541 3528 601 3591; x_wconf 77' lang='lat' dir='ltr'><strong>xtt,</strong></span> <span class='ocrx_word' id='word_1_302' title='bbox 612 3546 639 3585; x_wconf 87' lang='lat' dir='ltr'><strong>o.</strong></span> <span class='ocrx_word' id='word_1_303' title='bbox 655 3533 715 3592; x_wconf 80' lang='lat' dir='ltr'><strong>alt..</strong></span> <span class='ocrx_word' id='word_1_304' title='bbox 728 3537 754 3583; x_wconf 86' lang='lat' dir='ltr'><strong>et</strong></span> <span class='ocrx_word' id='word_1_305' title='bbox 768 3548 791 3585; x_wconf 82' lang='lat' dir='ltr'><strong>r.</strong></span> <span class='ocrx_word' id='word_1_306' title='bbox 805 3528 912 3598; x_wconf 55' lang='lat' dir='ltr'><strong>Tuom.)</strong></span> <span class='ocrx_word' id='word_1_307' title='bbox 928 3536 947 3597; x_wconf 93' lang='lat' dir='ltr'><strong>l,</strong></span> <span class='ocrx_word' id='word_1_308' title='bbox 959 3552 986 3602; x_wconf 88' lang='lat' dir='ltr'><strong>q.</strong></span> <span class='ocrx_word' id='word_1_309' title='bbox 999 3534 1143 3597; x_wconf 81' lang='lat' dir='ltr'><strong>ttxtttv.</strong></span> 
     </span>
    </p>
   </div>
   <div class='ocr_carea' id='block_1_4' title="bbox 77 3608 647 3744">
    <p class='ocr_par' dir='ltr' id='par_1_9' title="bbox 77 3608 647 3744">
     <span class='ocr_line' id='line_1_41' title="bbox 77 3608 647 3744; baseline 0.004 -22"><span class='ocrx_word' id='word_1_310' title='bbox 77 3608 252 3736; x_wconf 47' lang='grc' dir='ltr'><strong>ι’τδῦαίᾱΝἶὶ.</strong></span> <span class='ocrx_word' id='word_1_311' title='bbox 274 3684 301 3731; x_wconf 85' lang='lat' dir='ltr'><strong>in</strong></span> <span class='ocrx_word' id='word_1_312' title='bbox 322 3684 487 3744; x_wconf 80' lang='lat' dir='ltr'><strong>Propruucm.</strong></span> <span class='ocrx_word' id='word_1_313' title='bbox 510 3676 647 3739; x_wconf 80' lang='lat' dir='ltr'><strong>Belp&#39;cum.</strong></span> 
     </span>
    </p>
   </div>
   <div class='ocr_carea' id='block_1_5' title="bbox 0 0 1242 3909">
    <p class='ocr_par' dir='ltr' id='par_1_10' title="bbox 0 0 1242 3909">
     <span class='ocr_line' id='line_1_42' title="bbox 0 0 1242 3909; baseline 0 6"><span class='ocrx_word' id='word_1_314' title='bbox 0 0 1242 3909; x_wconf 95' lang='lat' dir='ltr'><strong> </strong></span> 
     </span>
    </p>
   </div>
  </div>
 </body>
</html>
