2475 3909
114 86 175 154 382
403 102 588 149 arianensia
611 105 797 152 saranatis

74 187 212 254 araturali
236 186 375 272 quodam
398 188 575 264 instinctu;
598 201 631 254 et
652 191 707 274 qui
733 211 795 254 non
818 188 991 274 providet,
1018 189 1156 272 iitupe—

75 274 141 335 rari
157 269 248 335 solet.
260 271 427 348 Quatenus
441 278 547 333 autem
563 272 690 366 sapiens
705 284 764 347 est,
778 272 899 356 optime
914 271 1080 358 prospicit
1096 275 1153 335 Ι».
1223 293 1224 356 Ῑ

118 353 187 420 183.
211 351 260 429 ld,
282 349 368 436 quod
391 372 431 416 ex
454 350 523 434 ipsa
552 349 613 416 Dei
636 365 751 419 natura
773 351 1083 431 demonstravimuS,
1109 377 1155 419 ex
1223 357 1224 396 ³

76 435 235 499 constanti
258 454 367 498 rerum
382 432 509 509 ordine,
538 452 716 518 earumque
738 434 847 500 stabili
869 438 902 501 in
925 438 994 501 suis
1010 435 1157 522 agendis

78 515 219 582 inutilius
241 515 428 591 harmonia,
452 523 485 576 at
507 535 548 578 ue
568 535 727 580 consensu
748 516 968 584 confirmatur.
994 518 1157 584 Profecto

77 619 189 662 omnes
211 619 262 663 res
283 596 323 662 ad
345 617 420 661 suos
441 533 635 660 ordinantur
649 597 740 673 lines,
761 610 857 682 atque
873 601 957 665 inter
978 621 1035 664 eas
1058 613 1156 667 extat

78 700 181 744 nexus
203 679 296 764 plane
318 675 493 754 mirabilis,
517 679 562 742 ita
584 688 622 743 ut
642 699 705 744 una
728 679 819 745 alteri
844 683 1027 759 inserviat,
1050 696 1089 748 et
1112 704 1157 747 ex

78 761 229 825 omnibus
251 775 325 846 apte
340 760 497 824 connexis
517 773 691 844 consurgat
705 760 853 827 Universi
875 765 1080 848 pulcritudo.
1100 769 1160 831 at·

103 844 136 908 ui
158 864 200 907 ex
220 843 281 909 hac
308 864 417 907 rerum
445 841 676 918 ordinatione,
699 845 768 910 sive
794 843 1006 930 dispositione
1028 847 1157 912 Divina
1223 913 1224 916 ,

78 864 289 991 iroridentia
311 921 524 990 ostenditur².
549 925 638 1008 Ergo
651 925 673 988 ⁸.
1223 943 1224 948 ¹

96 1090 103 1102 ·
123 1009 194 1074 184.
212 1006 359 1104 ldipsum
372 1028 414 1071 ex
431 1015 600 1101 perpetua,
615 1017 710 1152 atlpue
725 1007 894 1106 manifesta
909 1012 1060 1076 omnium
1078 1031 1157 1096 gen-

80 1101 164 1154 tium
184 1110 393 1154 consensione
415 1099 588 1153 evincatur.
605 1112 624 1151 <t
668 1109 805 1166 omines,
827 1102 874 1156 ait
893 1093 1082 1168 Nemesim,
1101 1115 1156 1158 ne·

81 1170 228 1236 cessitate
249 1171 358 1257 aliqua
379 1169 539 1254 compulsi
561 1171 671 1235 statim
699 1169 739 1234 ad
761 1173 890 1238 Numen
917 1173 1099 1252 divinum,
1123 1185 1156 1240 et

81 1273 193 1338 preces
213 1252 422 1339 coniugiunt3
443 1253 532 1317 velut
552 1263 668 1318 natura
690 1273 745 1318 eos
767 1253 808 1318 ad
831 1255 892 1321 Dei
911 1276 1008 1343 opem
1031 1257 1156 1342 perdu-

81 1345 184 1402 cente.
200 1384 208 1399 .
227 1385 235 1400 .
251 1385 258 1401 .
276 1335 312 1401 ln
333 1335 511 1420 repentinis
578 1334 865 1415 rturbationibus,
887 1349 920 1403 et
946 1337 1153 1416 timoribus,
1223 1373 1224 1424 3

82 1420 152 1483 sine
175 1417 344 1495 electione,
368 1437 471 1501 neque
493 1415 532 1480 de
546 1416 686 1494 iberate,
710 1418 771 1482 Dei
794 1419 922 1484 Numen
946 1423 1152 1487 invocamus.
1223 1445 1224 1502 3

82 1499 249 1585 Quidquid
271 1511 377 1566 autem
401 1500 594 1565 naturaliter
614 1521 776 1586 quamque
799 1521 866 1564 rem
896 1504 963 1567 inse
988 1505 1092 1578 uitur,
1120 1506 1153 1568 in
1223 1523 1224 1570 ζ

82 1604 122 1648 eo
146 1592 231 1703 tanta
257 1583 307 1647 vis
327 1591 376 1646 est
396 1580 436 1646 ad
463 1580 774 1658 demonstrandum,
798 1593 834 1648 ut
858 1521 1041 1651 contradici
1070 1586 1154 1651 nibil
1223 1583 1224 1634 Τ

105 1674 186 1730 ossii
222 1687 251 1728 u.

83 1687 195 1814 Ρ185.
220 1745 388 1829 Denique,
412 1743 538 1810 sublata
559 1744 621 1809 Dei
642 1742 876 1824 Providentia,
906 1749 1012 1812 omnis
1034 1747 1155 1835 religio

84 1843 133 1896 est
153 1826 342 1894 reiicieuda.
366 1851 383 1890 u
400 1827 482 1904 Quis
503 1827 627 1903 bonos,
650 1827 696 1894 ait
722 1826 932 1908 Lactantius,
955 1829 1071 1896 deberi

84 1922 147 1979 test
167 1910 247 1976 nihil
268 1910 407 1986 curanti,
423 1920 456 1976 et
478 1909 631 2005 ingrato?
646 1911 695 1972 An
718 1908 829 1995 aliqua
851 1913 977 1976 ratione
1000 1913 1154 1979 obstricti
1223 1923 1224 1926 ’

84 2016 152 2062 esse
168 2013 337 2080 possumus
351 1991 405 2067 Ei,
420 1992 478 2078 qui
494 1990 573 2058 nibil
589 1990 706 2057 babeat
720 2010 891 2058 commune
907 1994 1105 2060 nobiscum?
1119 1998 1154 2054 ⁵»
1223 1997 1224 2010 ³

122 2153 134 2193 ¹
154 2159 193 2210 De
205 2157 265 2208 Fide
276 2156 357 2213 ortis„
371 2155 419 2206 tib,
434 2151 467 2214 ll,
480 2169 506 2206 c.
521 2154 567 2204 29.
581 2149 683 2204 lladem
703 2155 805 2204 ratione
824 2159 1027 2218 argumentatur
1045 2171 1069 2207 a.
1085 2153 1154 2209 'l'bo

86 2243 163 2281 mas:
187 2248 198 2275 ι
219 2225 277 2279 Non
296 2230 418 2278 convenit
439 2240 559 2278 summae
578 2223 625 2276 liei
645 2223 778 2286 ltonitati,
805 2228 874 2290 quod
895 2241 937 2278 res
956 2229 1153 2291 productased

84 2302 234 2366 perlectum
254 2315 306 2351 non
324 2301 462 2364 perducat.
482 2299 580 2353 Ultima
604 2303 695 2350 autem
720 2299 849 2362 perfectio
874 2305 915 2350 est
941 2302 1154 2368 uniuscuiusque

85 2379 114 2426 in
133 2376 320 2426 consecutione
337 2374 407 2424 linis.
428 2371 500 2428 Unde
518 2373 552 2423 ad
570 2372 688 2422 divinam
705 2367 852 2423 Bonitatem
873 2374 997 2435 pertinet,
1018 2379 1066 2432 ut,
1087 2377 1154 2428 sieut

87 2448 211 2512 produxit
229 2460 270 2496 res
290 2447 402 2504 inesse,
422 2446 458 2495 ita
477 2447 559 2496 etiam
578 2457 624 2494 eas
641 2445 675 2494 ad
694 2443 772 2494 finem
793 2444 930 2506 perducat,
956 2447 1026 2510 qnod
1047 2452 1090 2498 est
1107 2463 1155 2513 gn·

87 2521 200 2571 bernare
215 2537 242 2576 a,
256 2517 277 2578 l,
297 2533 325 2584 q.
343 2515 411 2575 ciii,
432 2532 458 2568 a.
482 2520 491 2568 i
515 2532 541 2568 c.
561 2515 628 2567 ilinc
647 2513 800 2567 lactantius
819 2524 911 2567 eontra
931 2515 1080 2581 Epicurum
1099 2537 1153 2572 rem
1223 2521 1224 2538 ¹

88 2607 179 2658 agens,
200 2593 295 2657 inquit:
315 2611 325 2637 ι
343 2589 370 2642 Si
388 2595 429 2640 est
447 2588 526 2649 Deus,
548 2591 641 2654 ntique
660 2590 800 2652 prouidens
818 2595 869 2650 est,
891 2596 919 2640 ut
938 2589 1018 2650 Dens,
1039 2606 1089 2644 nec
1107 2597 1154 2645 aii·

89 2674 133 2717 ter
150 2662 182 2716 lli
202 2669 288 2728 potest
306 2661 432 2714 Divinitas
451 2663 571 2724 attribui,
592 2664 642 2713 nisi
661 2667 689 2711 et
709 2665 851 2725 praeterita
871 2668 970 2724 teneat,
990 2670 1019 2714 et
1033 2679 1154 2728 praesen-
1223 2673 1224 2696 ¹

89 2740 125 2789 tia
144 2739 223 2797 aciat,
241 2742 268 2786 et
287 2736 376 2786 lutura
396 2737 550 2799 prospiciat.
571 2730 640 2786 Cum
658 2735 736 2799 igitur
749 2733 944 2786 Prouidentiam
957 2739 1068 2788 sustulit
1083 2735 1155 2806 (tpi-

15 2828 17 2835 >
90 2805 197 2879 mnu),
217 2811 299 2860 etiam
319 2805 403 2858 linum
421 2809 526 2873 negarit
548 2820 616 2858 ease.
638 2802 706 2858 Cum
726 2812 816 2858 autem
843 2804 927 2858 Deum
945 2822 1003 2860 esse
1023 2812 1153 2874 professus
1223 2815 1224 2890 l

90 2888 150 2944 est,
170 2887 198 2935 et
215 2881 409 2934 Providentiam
427 2883 508 2932 simui
525 2893 583 2932 ease
602 2881 745 2931 concessit.
766 2879 888 2931 Alterum
906 2883 978 2932 enim
998 2883 1055 2934 sine
1071 2879 1153 2938 'attero
1223 2917 1224 2934 2

90 2971 141 3010 nee
159 2969 218 3008 esse
237 2968 355 3018 prorsus,
374 2966 424 3004 neo
443 2954 554 3017 intelligi
573 2958 660 3016 potest
682 2969 707 3013 η
730 2955 829 3004 Deire
848 2953 907 3014 Dei,
927 2968 952 3004 c.
973 2954 1001 3004 9.
1223 2983 1224 3028 p

127 3029 172 3075 ἱ.
195 3027 253 3092 lpse
273 3027 337 3077 ordo
358 3031 449 3077 certus
471 3039 562 3077 rernm
587 3025 727 3076 mauiieste
753 3025 918 3076 demonstrat
941 3027 1153 3091 gubernationem
1223 3041 1224 3072 1

92 3103 195 3162 mundi,
214 3103 293 3160 sicut,
313 3101 335 3149 si
354 3101 414 3162 quis
432 3101 544 3151 intraret
562 3099 671 3148 domum
691 3097 757 3148 bene
775 3099 937 3158 ordinatam,
950 3113 982 3150 aa
994 3101 1052 3163 ipsa
1065 3102 1154 3153 dumus

94 3175 270 3234 ordinatione,
290 3172 448 3223 ordinatoris
467 3175 598 3222 rationem
617 3172 790 3234 perpenderet
812 3189 836 3230 ·;
858 3169 879 3229 1,
901 3174 953 3223 luc.
965 3173 1020 3223 cit.
1223 3209 1224 3214 κ

130 3247 142 3282 ³
160 3245 227 3297 Hinc
246 3245 335 3295 aiebat
353 3258 375 3293 a.
393 3240 466 3294 loan.
482 3238 697 3306 Chrysostomus:
715 3263 725 3290 ι
740 3241 766 3295 Si
780 3245 915 3308 navigium
928 3247 984 3296 sine
997 3246 1152 3309 gubernante
1223 3229 1224 3262 l

93 3329 146 3366 non
165 3319 327 3380 persisteret,
348 3315 392 3365 sed
413 3315 492 3366 facile
511 3315 737 3377 submergeretur,
758 3316 890 3378 quomodo
910 3316 1065 3370 subsisteret
1084 3334 1154 3370 mun·

15 3532 20 3582 i

15 3592 20 3625 t

15 3660 19 3677 Ι

38 3752 79 3766 Α

95 3389 144 3435 dus
162 3394 265 3438 tantum
286 3388 423 3450 temporis,
442 3389 619 3449 gubernatore
639 3389 765 3437 nemine?
780 3405 791 3432 ι
808 3389 910 3439 Hamil.
930 3385 965 3450 x,
984 3394 1019 3441 ud
1036 3393 1151 3457 populun
1223 3387 1224 3422 ³

15 3464 17 3516 t
96 3451 289 3519 aimoinum,
310 3474 337 3508 n.
358 3457 417 3508 2-3.
437 3455 474 3510 ci
489 3456 621 3518 tacent,
646 3463 706 3510 niv.
726 3462 804 3518 ime,
826 3460 871 3510 ua.
892 3459 914 3522 i,
935 3475 960 3512 e.
981 3461 1008 3512 ³.
1223 3435 1224 3496 l

133 3522 143 3557 ί
163 3528 202 3575 De
219 3537 275 3578 aut.
295 3531 377 3588 bom„
397 3543 423 3578 c.
444 3532 490 3581 ld.

15 3629 20 3639 .
59 3667 64 3677 .
133 3595 260 3648 iberra
280 3601 338 3659 bet,
358 3612 384 3649 c.
405 3602 432 3649 8.
451 3621 461 3646 ι
479 3600 505 3654 Si
524 3599 571 3653 Itei
592 3600 766 3664 Providentia,
787 3603 875 3658 aiebat
893 3605 974 3656 etiarn
993 3619 1015 3657 s.
1038 3603 1153 3672 Augusti·
