2475 3909
142 184 203 251 184
528 202 760 253 nrnnmnoms

140 284 214 348 uto.
228 281 342 368 Resp,
357 282 437 345 ilict.
450 293 528 360 unt„
544 284 583 347 ad
596 284 718 353 bonum
732 288 765 351 in
778 285 980 360 universum,
994 306 1077 351 conc.
1092 297 1172 365 ont,

102 364 142 430 ad
164 364 248 428 bona
270 364 497 449 particularia,
519 386 585 449 neg.
607 380 671 433 nat.
695 370 774 451 Nep.
791 388 874 432 cons.
899 368 940 432 Et
961 388 1051 445 sane,
1069 370 1115 435 uti
1132 391 1172 433 ex

103 443 287 512 iamdictis
309 446 387 511 satis
409 446 483 511 colli
509 448 598 525 itur,
623 448 756 525 bonum,
779 448 818 512 ad
841 448 928 534 quod
951 449 1099 515 voluntas
1121 472 1175 515 na-

104 528 254 594 turaliter
277 525 394 606 lertur,
416 539 465 595 est
486 468 606 595 donum
631 533 664 596 in
687 531 889 608 universum,
914 551 976 594 non
999 553 1077 597 vero
1100 532 1170 609 hoc,

101 620 157 676 aut
189 608 418 695 quodcumque
451 610 540 676 alind
570 611 691 676 bonnm
726 611 931 700 particulare.
968 612 1174 698 Quapropter

103 694 190 759 circa
214 690 293 756 illud
315 690 462 759 libertate
484 694 724 761 indifferentiae
752 692 957 767 destituitur,
979 715 1043 779 qna
1066 706 1172 761 tamen

104 773 224 861 gaudet
246 772 333 837 circa
356 772 438 839 bona
462 776 685 860 particularia.

141 856 212 927 241.
235 854 313 919 lust.
327 854 508 921 volitiones
527 859 614 922 circa
637 856 719 922 bona
743 855 951 940 particularia
966 855 1175 940 proficiscun-

102 948 156 1003 tur
176 958 218 1000 ex
239 956 352 1002 amore
373 936 458 1001 circa
481 937 602 1004 bonum
624 940 657 1003 in
679 939 886 1014 universum,
908 939 975 1002 sive
997 938 1174 1004 beatitudi-

102 1040 187 1083 nem.
211 1018 300 1102 Ergo
320 1020 407 1084 sicut
425 1020 573 1086 voluntas
593 1043 635 1085 ex
657 1021 846 1086 necessitate
861 1028 994 1084 naturae
1015 1018 1118 1085 fertur
1132 1020 1172 1085 ad

102 1098 354 1177 beatitudinem,
378 1101 425 1166 ita
446 1102 545 1167 etiam
567 1101 606 1167 ad
631 1102 714 1166 bona
736 1100 956 1185 particularia.

142 1179 215 1247 242.
240 1181 358 1267 Resp,
379 1182 462 1248 Dist.
485 1195 564 1261 not,
587 1186 633 1249 ita
656 1194 774 1260 tamen,
795 1192 832 1247 nt
853 1202 917 1246 non
938 1180 1077 1248 habeant
1097 1203 1172 1247 cnm

102 1262 304 1329 heatitudine
327 1266 542 1330 necessariam
564 1266 826 1338 connexionem,
849 1284 932 1328 eoae.
956 1274 1040 1341 ont,
1067 1284 1171 1343 secus,

101 1365 168 1429 aeg.
192 1356 258 1409 ont.
282 1345 360 1427 Nep.
385 1367 469 1411 cons.
499 1348 569 1413 Etsi
596 1357 731 1412 cunctae
766 1346 938 1411 volitiones
969 1347 1056 1409 circa
1088 1346 1173 1411 bona

102 1427 314 1512 particularia
336 1447 376 1491 ex
398 1428 535 1493 naturali
558 1450 668 1495 amore
690 1432 724 1493 in
747 1425 984 1494 beatitudinem
1013 1428 1171 1504 orientum

102 1521 210 1576 tamen
224 1531 266 1575 ex
281 1511 470 1574 necessitate
485 1522 619 1576 naturae
636 1532 698 1574 non
715 1508 974 1594 proficiscuntur,
990 1510 1066 1593 quia
1088 1509 1171 1575 hona

103 1591 315 1676 particularia
347 1591 564 1656 necessariam
598 1593 834 1657 connexionem
868 1612 943 1654 cum
971 1589 1172 1656 beatitudine

102 1692 164 1736 non
179 1672 309 1749 habent,
325 1672 388 1749 vel,
404 1673 431 1737 si
448 1671 599 1751 habeant,
614 1677 683 1738 sine
699 1675 770 1758 ipsa
785 1671 984 1736 considerari
1008 1682 1130 1755 queunt
1147 1674 1170 1736 l.

143 1753 215 1821 utu.
239 1753 348 1821 Obiic.
371 1752 407 1820 l⁰
429 1754 585 1820 Voluntas
612 1763 804 1841 potestatem
831 1753 1014 1819 nonhabet
1040 1754 1171 1817 volendi

103 1836 237 1933 perinde
260 1834 395 1915 bonum,
418 1856 456 1900 ac
478 1836 611 1902 malum.
636 1838 724 1920 Ergo
747 1857 811 1900 non
832 1844 880 1901 est
901 1835 1003 1900 libera
1022 1833 1172 1902 libertate

105 1916 355 1984 indifferentiae.

142 2000 215 2067 ΞΗ.
239 2000 356 2087 Resp,
379 1998 459 2082 Nep.
482 2020 567 2065 coru.
590 2000 672 2065 Nam
697 1997 920 2064 voluntasnon
942 2017 1045 2063 exeo
1068 1996 1170 2063 libera

102 2093 163 2159 est,
186 2081 272 2167 quod
295 2101 399 2167 aeque
420 2081 500 2147 velit
519 2081 709 2158 bonumne
731 2080 867 2155 malum,
883 2080 938 2143 sed
954 2101 995 2144 ex
1016 2100 1067 2158 co,
1083 2080 1172 2166 quod

102 2173 209 2248 potest
229 2164 363 2245 eligere,
385 2173 525 2228 autnon
547 2163 670 2249 eligere
691 2161 813 2226 bonum
835 2162 899 2226 sibi
923 2163 1127 2247 propositum
1145 2165 1170 2225 ².

142 2244 213 2310 925.
236 2242 344 2310 Obiic.
365 2240 401 2309 5⁰
424 2243 605 2309 Volitiones
628 2243 770 2330 pendent
789 2264 807 2306 a
829 2246 1013 2329 cognitione
1033 2242 1124 2320 boni,
1139 2256 1173 2311 et

102 2326 191 2390 mali.
215 2328 304 2411 Ergo
325 2335 400 2391 sunt
421 2329 633 2402 necessariae,
657 2346 721 2390 non
743 2324 878 2390 liberae.

142 2408 214 2474 tto.
239 2408 352 2494 Resp,
375 2408 458 2471 Dirt.
481 2415 561 2485 unt„
584 2404 728 2493 pendent
742 2416 907 2493 tamquam
923 2426 940 2469 a
956 2426 1065 2483 cansa,
1109 2426 1172 2473 uae

102 2492 286 2556 necessario
307 2509 362 2555 ens
384 2489 547 2576 producit,
568 2509 636 2573 neg.
659 2498 739 2565 out,
762 2509 872 2565 secus,
895 2508 980 2552 coac.
1003 2498 1067 2551 unt.
1125 2508 1171 2571 eg.

102 2593 185 2637 cons.
202 2573 250 2639 lte
272 2572 406 2658 quidem
426 2592 514 2647 vera,
530 2592 569 2636 co
617 2574 735 2637 itiones
755 2570 844 2650 boni,
867 2582 899 2638 et
921 2568 1010 2645 mali,
1027 2570 1172 2648 etiamsi,

102 2654 282 2720 secundnm
302 2654 493 2720 sententiam
508 2674 534 2717 s.
550 2654 577 2718 Τ
598 2674 703 2730 omne,
718 2674 817 2737 quam
833 2673 891 2717 nos
906 2653 1005 2716 secuti
1022 2673 1134 2718 sumus
1146 2656 1170 2730 ⁸,

102 2732 316 2801 determinent
336 2737 548 2812 voluntatem,
571 2757 635 2801 nnn
657 2744 762 2801 tamen
786 2734 968 2800 necessario
989 2734 1060 2800 eius
1081 2746 1173 2802 actus

102 2816 297 2901 producunt,
312 2820 435 2963 quippe
450 2816 536 2901 qnod
551 2839 614 2883 non
631 2827 705 2884 sunt
718 2836 835 2882 causae
850 2818 1065 2893 necessariam
1083 2835 1171 2895 nam,

101 2898 150 2963 uti
167 2910 261 2965 antea
281 2908 372 2965 osten
397 2918 482 2964 rmus
497 2900 522 2977 ⁸,
539 2898 722 2967 intellectus
747 2900 790 2963 ita
814 2899 937 2963 indicat
959 2896 999 2965 de
1015 2897 1171 2975 bonitate,

99 2990 131 3046 et
145 2982 373 3047 convenientia
387 2980 528 3046 alicuius
542 2981 676 3060 obiecti,
691 2990 729 3046 ut
743 2982 902 3067 potuisset
924 2979 1053 3045 diverso
1074 2979 1172 3045 modo

101 3060 261 3128 iudicare.
282 3062 419 3129 Accedit
432 3062 520 3147 qnod
534 3084 643 3143 causa,
662 3063 758 3129 cuius
779 3064 913 3130 ellectus
928 3060 1085 3148 impediri
1100 3072 1173 3147 pot-

101 3154 150 3211 est
171 3144 213 3210 ab
234 3148 245 3211 i
270 3166 305 3211 sa
328 3144 506 3219 voluntate,
530 3155 640 3212 actum
663 3144 840 3212 voluntatis
867 3144 1086 3210 necessarium
1105 3164 1173 3209 non

102 3228 212 3295 efficit.
265 3226 334 3314 tqui
353 3226 529 3313 cognitioni
553 3227 645 3305 boni,
670 3226 719 3293 vel
744 3227 855 3292 mali«
895 3236 978 3293 otest
991 3246 1052 3312 per
1067 3227 1173 3311 ipsam

102 3310 303 3377 voluntatem
330 3307 602 3396 impedimentum
627 3309 812 3395 praestari,
835 3248 892 3375 ved
909 3306 1104 3373 removendo
1125 3316 1174 3373 ta·

138 3513 206 3639 11ξὲ
219 3532 243 3570 ι.
263 3515 377 3580 Tuom..
398 3522 447 3585 op.
467 3524 570 3588 discip..
594 3526 632 3573 De
650 3524 731 3583 molo,
752 3525 806 3573 loc.
826 3522 874 3572 olt.
894 3521 927 3572 ad
947 3522 976 3581 8,
994 3527 1023 3574 et
1041 3520 1074 3571 ad
1093 3520 1121 3573 9.
1138 3517 1177 3575 et

104 3605 133 3654 p,
212 3628 218 3636 .

137 3659 191 3723 ²1,
211 3675 240 3726 q.
260 3656 391 3726 tutti,
411 3676 437 3714 a.
458 3664 474 3714 2
494 3666 526 3717 ad
549 3667 625 3719 l.-—⁸
645 3662 680 3719 Cl
697 3682 723 3733 p.
746 3666 798 3719 l'ld
817 3680 877 3733 sqq.
891 3664 949 3705 -l
968 3664 997 3719 Ρ.
1021 3664 1152 3718 tto-tou.
