<?xml version="1.0" encoding="UTF-8"?>
<!DOCTYPE html PUBLIC "-//W3C//DTD XHTML 1.0 Transitional//EN"
    "http://www.w3.org/TR/xhtml1/DTD/xhtml1-transitional.dtd">
<html xmlns="http://www.w3.org/1999/xhtml" xml:lang="en" lang="en">
 <head>
  <title>
</title>
<meta http-equiv="Content-Type" content="text/html;charset=utf-8" />
  <meta name='ocr-system' content='tesseract 3.04.00' />
  <meta name='ocr-capabilities' content='ocr_page ocr_carea ocr_par ocr_line ocrx_word'/>
</head>
<body>
  <div class='ocr_page' id='page_1' title='image "./philosophiachri00sansgoog_0631.png"; bbox 0 0 2475 3909; ppageno 0'>
   <div class='ocr_carea' id='block_1_1' title="bbox 393 162 1092 234">
    <p class='ocr_par' dir='ltr' id='par_1_1' title="bbox 393 162 1092 234">
     <span class='ocr_line' id='line_1_1' title="bbox 393 162 1092 234; baseline -0.004 0"><span class='ocrx_word' id='word_1_1' title='bbox 393 180 581 234; x_wconf 77' lang='lat' dir='ltr'><strong>rammam</strong></span> <span class='ocrx_word' id='word_1_2' title='bbox 602 180 792 233; x_wconf 76' lang='lat' dir='ltr'><strong>unrvnams</strong></span> <span class='ocrx_word' id='word_1_3' title='bbox 1031 162 1092 231; x_wconf 80' lang='lat'><strong>335</strong></span> 
     </span>
    </p>
   </div>
   <div class='ocr_carea' id='block_1_2' title="bbox 57 264 1173 2234">
    <p class='ocr_par' dir='ltr' id='par_1_2' title="bbox 57 264 1173 1087">
     <span class='ocr_line' id='line_1_2' title="bbox 57 264 1133 353; baseline 0.003 -23"><span class='ocrx_word' id='word_1_4' title='bbox 57 264 202 349; x_wconf 87' lang='lat' dir='ltr'><strong>Ipsum,</strong></span> <span class='ocrx_word' id='word_1_5' title='bbox 225 274 258 331; x_wconf 84' lang='lat' dir='ltr'><strong>et</strong></span> <span class='ocrx_word' id='word_1_6' title='bbox 280 286 332 332; x_wconf 90' lang='lat' dir='ltr'><strong>res</strong></span> <span class='ocrx_word' id='word_1_7' title='bbox 354 268 395 331; x_wconf 89' lang='lat' dir='ltr'><strong>ab</strong></span> <span class='ocrx_word' id='word_1_8' title='bbox 416 271 466 333; x_wconf 89' lang='lat' dir='ltr'><strong>Eo</strong></span> <span class='ocrx_word' id='word_1_9' title='bbox 488 280 610 334; x_wconf 88' lang='lat' dir='ltr'><strong>creatas</strong></span> <span class='ocrx_word' id='word_1_10' title='bbox 640 271 671 332; x_wconf 94' lang='lat' dir='ltr'><strong>in</strong></span> <span class='ocrx_word' id='word_1_11' title='bbox 694 269 803 353; x_wconf 88' lang='lat' dir='ltr'><strong>atiquo</strong></span> <span class='ocrx_word' id='word_1_12' title='bbox 825 268 1000 333; x_wconf 80' lang='lat' dir='ltr'><strong>convenire</strong></span> <span class='ocrx_word' id='word_1_13' title='bbox 1023 267 1133 334; x_wconf 88' lang='lat' dir='ltr'><strong>dicen·</strong></span> 
     </span>
     <span class='ocr_line' id='line_1_3' title="bbox 57 344 1132 447; baseline 0.002 -36"><span class='ocrx_word' id='word_1_14' title='bbox 57 348 142 411; x_wconf 89' lang='lat' dir='ltr'><strong>dum</strong></span> <span class='ocrx_word' id='word_1_15' title='bbox 166 344 262 422; x_wconf 81' lang='lat' dir='ltr'><strong>toret,</strong></span> <span class='ocrx_word' id='word_1_16' title='bbox 287 370 400 435; x_wconf 80' lang='lat' dir='ltr'><strong>nempe</strong></span> <span class='ocrx_word' id='word_1_17' title='bbox 424 351 472 415; x_wconf 87' lang='lat' dir='ltr'><strong>vei</strong></span> <span class='ocrx_word' id='word_1_18' title='bbox 496 352 530 415; x_wconf 92' lang='lat' dir='ltr'><strong>in</strong></span> <span class='ocrx_word' id='word_1_19' title='bbox 551 373 625 427; x_wconf 84' lang='lat' dir='ltr'><strong>esse,</strong></span> <span class='ocrx_word' id='word_1_20' title='bbox 652 350 699 415; x_wconf 80' lang='lat' dir='ltr'><strong>rei</strong></span> <span class='ocrx_word' id='word_1_21' title='bbox 725 352 757 413; x_wconf 93' lang='lat' dir='ltr'><strong>in</strong></span> <span class='ocrx_word' id='word_1_22' title='bbox 779 350 964 415; x_wconf 82' lang='lat' dir='ltr'><strong>substantia.</strong></span> <span class='ocrx_word' id='word_1_23' title='bbox 982 353 1082 447; x_wconf 76' lang='lat' dir='ltr'><strong>Atqui</strong></span> <span class='ocrx_word' id='word_1_24' title='bbox 1099 349 1132 413; x_wconf 91' lang='lat'><strong>1⁰</strong></span> 
     </span>
     <span class='ocr_line' id='line_1_4' title="bbox 57 426 1134 515; baseline 0.001 -21"><span class='ocrx_word' id='word_1_25' title='bbox 57 448 120 494; x_wconf 88' lang='lat' dir='ltr'><strong>ens</strong></span> <span class='ocrx_word' id='word_1_26' title='bbox 143 426 236 505; x_wconf 87' lang='lat' dir='ltr'><strong>Deo,</strong></span> <span class='ocrx_word' id='word_1_27' title='bbox 260 440 293 495; x_wconf 91' lang='lat' dir='ltr'><strong>et</strong></span> <span class='ocrx_word' id='word_1_28' title='bbox 314 430 411 495; x_wconf 89' lang='lat' dir='ltr'><strong>rebus</strong></span> <span class='ocrx_word' id='word_1_29' title='bbox 433 435 552 498; x_wconf 87' lang='lat' dir='ltr'><strong>creatis</strong></span> <span class='ocrx_word' id='word_1_30' title='bbox 580 452 752 497; x_wconf 88' lang='lat' dir='ltr'><strong>commune</strong></span> <span class='ocrx_word' id='word_1_31' title='bbox 775 453 844 496; x_wconf 89' lang='lat' dir='ltr'><strong>esse</strong></span> <span class='ocrx_word' id='word_1_32' title='bbox 874 433 996 515; x_wconf 90' lang='lat' dir='ltr'><strong>nequit.</strong></span> <span class='ocrx_word' id='word_1_33' title='bbox 1019 432 1102 496; x_wconf 79' lang='lat' dir='ltr'><strong>bam</strong></span> <span class='ocrx_word' id='word_1_34' title='bbox 1122 470 1134 505; x_wconf 90' lang='grc'><strong>,-</strong></span> 
     </span>
     <span class='ocr_line' id='line_1_5' title="bbox 61 511 1132 597; baseline 0.002 -22"><span class='ocrx_word' id='word_1_35' title='bbox 61 519 293 595; x_wconf 75' lang='lat' dir='ltr'><strong>praeterquam</strong></span> <span class='ocrx_word' id='word_1_36' title='bbox 316 512 402 596; x_wconf 89' lang='lat' dir='ltr'><strong>quod</strong></span> <span class='ocrx_word' id='word_1_37' title='bbox 425 511 494 591; x_wconf 81' lang='lat' dir='ltr'><strong>ens,</strong></span> <span class='ocrx_word' id='word_1_38' title='bbox 515 527 551 581; x_wconf 92' lang='lat' dir='ltr'><strong>ut</strong></span> <span class='ocrx_word' id='word_1_39' title='bbox 572 517 605 579; x_wconf 95' lang='lat' dir='ltr'><strong>in</strong></span> <span class='ocrx_word' id='word_1_40' title='bbox 630 514 814 597; x_wconf 76' lang='lat' dir='ltr'><strong>Ontoiopio¹</strong></span> <span class='ocrx_word' id='word_1_41' title='bbox 831 513 1132 589; x_wconf 85' lang='lat' dir='ltr'><strong>demonstravimus,</strong></span> 
     </span>
     <span class='ocr_line' id='line_1_6' title="bbox 61 593 1173 681; baseline 0.002 -24"><span class='ocrx_word' id='word_1_42' title='bbox 61 604 232 674; x_wconf 85' lang='lat' dir='ltr'><strong>tamquam</strong></span> <span class='ocrx_word' id='word_1_43' title='bbox 256 613 357 677; x_wconf 77' lang='lat' dir='ltr'><strong>genus</strong></span> <span class='ocrx_word' id='word_1_44' title='bbox 371 598 530 680; x_wconf 75' lang='lat' dir='ltr'><strong>assignari</strong></span> <span class='ocrx_word' id='word_1_45' title='bbox 553 598 679 681; x_wconf 89' lang='lat' dir='ltr'><strong>nequit,</strong></span> <span class='ocrx_word' id='word_1_46' title='bbox 695 608 781 662; x_wconf 91' lang='lat' dir='ltr'><strong>certe</strong></span> <span class='ocrx_word' id='word_1_47' title='bbox 804 616 865 659; x_wconf 90' lang='lat' dir='ltr'><strong>non</strong></span> <span class='ocrx_word' id='word_1_48' title='bbox 881 604 986 679; x_wconf 88' lang='lat' dir='ltr'><strong>potest</strong></span> <span class='ocrx_word' id='word_1_49' title='bbox 1007 593 1047 659; x_wconf 88' lang='lat' dir='ltr'><strong>de</strong></span> <span class='ocrx_word' id='word_1_50' title='bbox 1062 595 1135 678; x_wconf 87' lang='lat' dir='ltr'><strong>plu·</strong></span> <span class='ocrx_word' id='word_1_51' title='bbox 1172 644 1173 647; x_wconf 16' lang='grc' dir='ltr'>η</span> 
     </span>
     <span class='ocr_line' id='line_1_7' title="bbox 62 670 1134 764; baseline 0.002 -26"><span class='ocrx_word' id='word_1_52' title='bbox 62 670 160 739; x_wconf 90' lang='lat' dir='ltr'><strong>ribus</strong></span> <span class='ocrx_word' id='word_1_53' title='bbox 181 683 344 757; x_wconf 87' lang='lat' dir='ltr'><strong>tamquam</strong></span> <span class='ocrx_word' id='word_1_54' title='bbox 373 698 500 762; x_wconf 79' lang='lat' dir='ltr'><strong>genus,</strong></span> <span class='ocrx_word' id='word_1_55' title='bbox 524 699 561 743; x_wconf 89' lang='lat' dir='ltr'><strong>ae</strong></span> <span class='ocrx_word' id='word_1_56' title='bbox 584 678 722 764; x_wconf 87' lang='lat' dir='ltr'><strong>proinde</strong></span> <span class='ocrx_word' id='word_1_57' title='bbox 753 689 916 763; x_wconf 89' lang='lat' dir='ltr'><strong>tamquam</strong></span> <span class='ocrx_word' id='word_1_58' title='bbox 940 676 1019 761; x_wconf 91' lang='lat' dir='ltr'><strong>ipsis</strong></span> <span class='ocrx_word' id='word_1_59' title='bbox 1046 695 1134 740; x_wconf 92' lang='lat' dir='ltr'><strong>com-</strong></span> 
     </span>
     <span class='ocr_line' id='line_1_8' title="bbox 63 753 1134 900; baseline -0.002 -79"><span class='ocrx_word' id='word_1_60' title='bbox 63 776 164 821; x_wconf 89' lang='lat' dir='ltr'><strong>mune</strong></span> <span class='ocrx_word' id='word_1_61' title='bbox 182 753 369 900; x_wconf 80' lang='lat' dir='ltr'><strong>praedicari</strong></span> <span class='ocrx_word' id='word_1_62' title='bbox 393 758 533 843; x_wconf 80' lang='lat' dir='ltr'><strong>aliquid,</strong></span> <span class='ocrx_word' id='word_1_63' title='bbox 547 758 635 844; x_wconf 85' lang='lat' dir='ltr'><strong>quod</strong></span> <span class='ocrx_word' id='word_1_64' title='bbox 658 759 836 825; x_wconf 91' lang='lat' dir='ltr'><strong>secundum</strong></span> <span class='ocrx_word' id='word_1_65' title='bbox 858 758 1020 823; x_wconf 85' lang='lat' dir='ltr'><strong>diversam</strong></span> <span class='ocrx_word' id='word_1_66' title='bbox 1037 759 1134 823; x_wconf 88' lang='lat' dir='ltr'><strong>ratio-</strong></span> 
     </span>
     <span class='ocr_line' id='line_1_9' title="bbox 62 836 1133 926; baseline 0.004 -27"><span class='ocrx_word' id='word_1_67' title='bbox 62 856 138 900; x_wconf 87' lang='lat' dir='ltr'><strong>nem</strong></span> <span class='ocrx_word' id='word_1_68' title='bbox 161 856 179 899; x_wconf 92' lang='lat' dir='ltr'><strong>a</strong></span> <span class='ocrx_word' id='word_1_69' title='bbox 225 836 282 900; x_wconf 87' lang='lat' dir='ltr'><strong>iiia</strong></span> <span class='ocrx_word' id='word_1_70' title='bbox 305 841 455 923; x_wconf 75' lang='lat' dir='ltr'><strong>pertinet.</strong></span> <span class='ocrx_word' id='word_1_71' title='bbox 479 843 580 926; x_wconf 78' lang='lat' dir='ltr'><strong>Atqui</strong></span> <span class='ocrx_word' id='word_1_72' title='bbox 602 840 716 917; x_wconf 87' lang='lat' dir='ltr'><strong>Deus,</strong></span> <span class='ocrx_word' id='word_1_73' title='bbox 738 853 770 907; x_wconf 91' lang='lat' dir='ltr'><strong>et</strong></span> <span class='ocrx_word' id='word_1_74' title='bbox 793 861 843 904; x_wconf 90' lang='lat' dir='ltr'><strong>res</strong></span> <span class='ocrx_word' id='word_1_75' title='bbox 864 837 904 904; x_wconf 90' lang='lat' dir='ltr'><strong>ab</strong></span> <span class='ocrx_word' id='word_1_76' title='bbox 927 840 975 904; x_wconf 89' lang='lat' dir='ltr'><strong>Eo</strong></span> <span class='ocrx_word' id='word_1_77' title='bbox 1007 849 1133 905; x_wconf 79' lang='lat' dir='ltr'><strong>creatae</strong></span> 
     </span>
     <span class='ocr_line' id='line_1_10' title="bbox 63 916 1133 1005; baseline 0.004 -24"><span class='ocrx_word' id='word_1_78' title='bbox 63 916 244 983; x_wconf 87' lang='lat' dir='ltr'><strong>secundum</strong></span> <span class='ocrx_word' id='word_1_79' title='bbox 273 920 377 1005; x_wconf 82' lang='lat' dir='ltr'><strong>ipsam</strong></span> <span class='ocrx_word' id='word_1_80' title='bbox 401 924 557 987; x_wconf 90' lang='lat' dir='ltr'><strong>rationem</strong></span> <span class='ocrx_word' id='word_1_81' title='bbox 586 924 671 989; x_wconf 90' lang='lat' dir='ltr'><strong>entis</strong></span> <span class='ocrx_word' id='word_1_82' title='bbox 693 922 868 998; x_wconf 76' lang='lat' dir='ltr'><strong>differunt3</strong></span> <span class='ocrx_word' id='word_1_83' title='bbox 891 940 960 987; x_wconf 89' lang='lat' dir='ltr'><strong>esse</strong></span> <span class='ocrx_word' id='word_1_84' title='bbox 982 923 1069 986; x_wconf 91' lang='lat' dir='ltr'><strong>enim</strong></span> <span class='ocrx_word' id='word_1_85' title='bbox 1100 922 1133 985; x_wconf 90' lang='lat' dir='ltr'><strong>iu</strong></span> 
     </span>
     <span class='ocr_line' id='line_1_11' title="bbox 63 998 1130 1087; baseline 0.005 -25"><span class='ocrx_word' id='word_1_86' title='bbox 63 998 149 1071; x_wconf 86' lang='lat' dir='ltr'><strong>Deo,</strong></span> <span class='ocrx_word' id='word_1_87' title='bbox 171 1020 264 1064; x_wconf 88' lang='lat' dir='ltr'><strong>secus</strong></span> <span class='ocrx_word' id='word_1_88' title='bbox 286 1022 323 1066; x_wconf 89' lang='lat' dir='ltr'><strong>ac</strong></span> <span class='ocrx_word' id='word_1_89' title='bbox 345 1002 377 1065; x_wconf 93' lang='lat' dir='ltr'><strong>in</strong></span> <span class='ocrx_word' id='word_1_90' title='bbox 400 1006 570 1080; x_wconf 79' lang='lat' dir='ltr'><strong>creaturis,</strong></span> <span class='ocrx_word' id='word_1_91' title='bbox 595 1002 683 1068; x_wconf 89' lang='lat' dir='ltr'><strong>idem</strong></span> <span class='ocrx_word' id='word_1_92' title='bbox 706 1016 765 1082; x_wconf 86' lang='lat' dir='ltr'><strong>est,</strong></span> <span class='ocrx_word' id='word_1_93' title='bbox 788 1025 824 1069; x_wconf 90' lang='lat' dir='ltr'><strong>ac</strong></span> <span class='ocrx_word' id='word_1_94' title='bbox 846 1004 996 1068; x_wconf 89' lang='lat' dir='ltr'><strong>essentia.</strong></span> <span class='ocrx_word' id='word_1_95' title='bbox 1013 1004 1130 1087; x_wconf 79' lang='lat' dir='ltr'><strong>Ergo².</strong></span> 
     </span>
    </p>

    <p class='ocr_par' dir='ltr' id='par_1_3' title="bbox 63 1079 1136 2234">
     <span class='ocr_line' id='line_1_12' title="bbox 106 1079 1132 1172; baseline 0.006 -29"><span class='ocrx_word' id='word_1_96' title='bbox 106 1079 142 1143; x_wconf 70' lang='lat'><strong>2⁹</strong></span> <span class='ocrx_word' id='word_1_97' title='bbox 163 1082 277 1166; x_wconf 86' lang='lat' dir='ltr'><strong>Neque</strong></span> <span class='ocrx_word' id='word_1_98' title='bbox 298 1082 476 1150; x_wconf 89' lang='lat' dir='ltr'><strong>substantia</strong></span> <span class='ocrx_word' id='word_1_99' title='bbox 521 1097 602 1151; x_wconf 86' lang='lat' dir='ltr'><strong>otest</strong></span> <span class='ocrx_word' id='word_1_100' title='bbox 623 1107 692 1150; x_wconf 87' lang='lat' dir='ltr'><strong>csse</strong></span> <span class='ocrx_word' id='word_1_101' title='bbox 715 1107 829 1172; x_wconf 78' lang='lat' dir='ltr'><strong>genus,</strong></span> <span class='ocrx_word' id='word_1_102' title='bbox 847 1088 880 1150; x_wconf 92' lang='lat' dir='ltr'><strong>in</strong></span> <span class='ocrx_word' id='word_1_103' title='bbox 902 1106 968 1169; x_wconf 90' lang='lat' dir='ltr'><strong>quo</strong></span> <span class='ocrx_word' id='word_1_104' title='bbox 984 1084 1084 1160; x_wconf 85' lang='lat' dir='ltr'><strong>Deus,</strong></span> <span class='ocrx_word' id='word_1_105' title='bbox 1099 1096 1132 1149; x_wconf 90' lang='lat' dir='ltr'><strong>et</strong></span> 
     </span>
     <span class='ocr_line' id='line_1_13' title="bbox 63 1164 1133 1233; baseline 0.007 -9"><span class='ocrx_word' id='word_1_106' title='bbox 63 1173 234 1227; x_wconf 77' lang='lat' dir='ltr'><strong>creaturae</strong></span> <span class='ocrx_word' id='word_1_107' title='bbox 257 1168 462 1233; x_wconf 88' lang='lat' dir='ltr'><strong>conveniunt.</strong></span> <span class='ocrx_word' id='word_1_108' title='bbox 518 1170 618 1233; x_wconf 90' lang='lat' dir='ltr'><strong>tenim</strong></span> <span class='ocrx_word' id='word_1_109' title='bbox 668 1188 748 1233; x_wconf 88' lang='lat' dir='ltr'><strong>enus</strong></span> <span class='ocrx_word' id='word_1_110' title='bbox 776 1165 953 1233; x_wconf 86' lang='lat' dir='ltr'><strong>secundnm</strong></span> <span class='ocrx_word' id='word_1_111' title='bbox 984 1164 1133 1231; x_wconf 89' lang='lat' dir='ltr'><strong>eamdem</strong></span> 
     </span>
     <span class='ocr_line' id='line_1_14' title="bbox 64 1187 1132 1333; baseline 0.005 -26"><span class='ocrx_word' id='word_1_112' title='bbox 64 1245 225 1310; x_wconf 88' lang='lat' dir='ltr'><strong>rationem</strong></span> <span class='ocrx_word' id='word_1_113' title='bbox 246 1244 286 1310; x_wconf 89' lang='lat' dir='ltr'><strong>de</strong></span> <span class='ocrx_word' id='word_1_114' title='bbox 307 1248 473 1327; x_wconf 86' lang='lat' dir='ltr'><strong>omuibus,</strong></span> <span class='ocrx_word' id='word_1_115' title='bbox 495 1270 579 1332; x_wconf 90' lang='lat' dir='ltr'><strong>quae</strong></span> <span class='ocrx_word' id='word_1_116' title='bbox 602 1187 726 1327; x_wconf 64' lang='lat' dir='ltr'><strong>ambit,</strong></span> <span class='ocrx_word' id='word_1_117' title='bbox 751 1247 981 1325; x_wconf 79' lang='lat' dir='ltr'><strong>inferioribus,</strong></span> <span class='ocrx_word' id='word_1_118' title='bbox 1005 1246 1132 1333; x_wconf 90' lang='lat' dir='ltr'><strong>praedi-</strong></span> 
     </span>
     <span class='ocr_line' id='line_1_15' title="bbox 64 1329 1131 1418; baseline 0.005 -29"><span class='ocrx_word' id='word_1_119' title='bbox 64 1336 170 1391; x_wconf 87' lang='lat' dir='ltr'><strong>catur.</strong></span> <span class='ocrx_word' id='word_1_120' title='bbox 193 1330 236 1393; x_wconf 78' lang='lat' dir='ltr'><strong>nt</strong></span> <span class='ocrx_word' id='word_1_121' title='bbox 257 1350 319 1393; x_wconf 84' lang='lat' dir='ltr'><strong>esse</strong></span> <span class='ocrx_word' id='word_1_122' title='bbox 341 1330 547 1395; x_wconf 82' lang='lat' dir='ltr'><strong>substantium</strong></span> <span class='ocrx_word' id='word_1_123' title='bbox 568 1329 699 1395; x_wconf 83' lang='lat' dir='ltr'><strong>diversa</strong></span> <span class='ocrx_word' id='word_1_124' title='bbox 731 1352 861 1418; x_wconf 89' lang='lat' dir='ltr'><strong>prorsus</strong></span> <span class='ocrx_word' id='word_1_125' title='bbox 890 1329 1013 1395; x_wconf 90' lang='lat' dir='ltr'><strong>ratione</strong></span> <span class='ocrx_word' id='word_1_126' title='bbox 1037 1329 1131 1405; x_wconf 85' lang='lat' dir='ltr'><strong>Deo,</strong></span> 
     </span>
     <span class='ocr_line' id='line_1_16' title="bbox 64 1409 1133 1489; baseline 0.006 -19"><span class='ocrx_word' id='word_1_127' title='bbox 64 1418 100 1471; x_wconf 86' lang='lat' dir='ltr'><strong>et</strong></span> <span class='ocrx_word' id='word_1_128' title='bbox 121 1410 278 1473; x_wconf 84' lang='lat' dir='ltr'><strong>creaturis</strong></span> <span class='ocrx_word' id='word_1_129' title='bbox 299 1415 461 1479; x_wconf 84' lang='lat' dir='ltr'><strong>convenit.</strong></span> <span class='ocrx_word' id='word_1_130' title='bbox 479 1414 573 1489; x_wconf 88' lang='lat' dir='ltr'><strong>Saue,</strong></span> <span class='ocrx_word' id='word_1_131' title='bbox 591 1413 623 1476; x_wconf 96' lang='lat' dir='ltr'><strong>in</strong></span> <span class='ocrx_word' id='word_1_132' title='bbox 645 1414 804 1478; x_wconf 84' lang='lat' dir='ltr'><strong>creaturis</strong></span> <span class='ocrx_word' id='word_1_133' title='bbox 826 1432 895 1476; x_wconf 90' lang='lat' dir='ltr'><strong>esse</strong></span> <span class='ocrx_word' id='word_1_134' title='bbox 920 1409 1133 1476; x_wconf 87' lang='lat' dir='ltr'><strong>substantiam</strong></span> 
     </span>
     <span class='ocr_line' id='line_1_17' title="bbox 65 1487 1135 1576; baseline 0.003 -23"><span class='ocrx_word' id='word_1_135' title='bbox 65 1487 227 1573; x_wconf 79' lang='lat' dir='ltr'><strong>signifieat</strong></span> <span class='ocrx_word' id='word_1_136' title='bbox 249 1491 343 1558; x_wconf 85' lang='lat' dir='ltr'><strong>atteri</strong></span> <span class='ocrx_word' id='word_1_137' title='bbox 366 1493 526 1568; x_wconf 80' lang='lat' dir='ltr'><strong>substare,</strong></span> <span class='ocrx_word' id='word_1_138' title='bbox 549 1495 617 1560; x_wconf 86' lang='lat' dir='ltr'><strong>sive</strong></span> <span class='ocrx_word' id='word_1_139' title='bbox 640 1495 784 1571; x_wconf 86' lang='lat' dir='ltr'><strong>subesse,</strong></span> <span class='ocrx_word' id='word_1_140' title='bbox 800 1504 868 1559; x_wconf 93' lang='lat' dir='ltr'><strong>tum</strong></span> <span class='ocrx_word' id='word_1_141' title='bbox 891 1493 970 1576; x_wconf 87' lang='lat' dir='ltr'><strong>quia</strong></span> <span class='ocrx_word' id='word_1_142' title='bbox 991 1494 1024 1556; x_wconf 95' lang='lat' dir='ltr'><strong>in</strong></span> <span class='ocrx_word' id='word_1_143' title='bbox 1047 1513 1135 1556; x_wconf 89' lang='lat' dir='ltr'><strong>erea-</strong></span> 
     </span>
     <span class='ocr_line' id='line_1_18' title="bbox 65 1571 1135 1655; baseline 0.001 -19"><span class='ocrx_word' id='word_1_144' title='bbox 65 1571 151 1636; x_wconf 88' lang='lat' dir='ltr'><strong>turis</strong></span> <span class='ocrx_word' id='word_1_145' title='bbox 174 1571 354 1640; x_wconf 90' lang='lat' dir='ltr'><strong>substantia</strong></span> <span class='ocrx_word' id='word_1_146' title='bbox 379 1587 428 1641; x_wconf 88' lang='lat' dir='ltr'><strong>est</strong></span> <span class='ocrx_word' id='word_1_147' title='bbox 448 1574 658 1655; x_wconf 91' lang='lat' dir='ltr'><strong>subiectum,</strong></span> <span class='ocrx_word' id='word_1_148' title='bbox 683 1597 738 1641; x_wconf 85' lang='lat' dir='ltr'><strong>seu</strong></span> <span class='ocrx_word' id='word_1_149' title='bbox 761 1575 960 1640; x_wconf 90' lang='lat' dir='ltr'><strong>substratum</strong></span> <span class='ocrx_word' id='word_1_150' title='bbox 988 1573 1135 1639; x_wconf 86' lang='lat' dir='ltr'><strong>acciden-</strong></span> 
     </span>
     <span class='ocr_line' id='line_1_19' title="bbox 67 1654 1135 1740; baseline -0.009 -11"><span class='ocrx_word' id='word_1_151' title='bbox 67 1654 172 1728; x_wconf 88' lang='lat' dir='ltr'><strong>tium;</strong></span> <span class='ocrx_word' id='word_1_152' title='bbox 188 1664 256 1718; x_wconf 75' lang='lat' dir='ltr'><strong>ium</strong></span> <span class='ocrx_word' id='word_1_153' title='bbox 277 1656 357 1740; x_wconf 87' lang='lat' dir='ltr'><strong>quia</strong></span> <span class='ocrx_word' id='word_1_154' title='bbox 380 1658 413 1722; x_wconf 90' lang='lat' dir='ltr'><strong>in</strong></span> <span class='ocrx_word' id='word_1_155' title='bbox 428 1660 585 1724; x_wconf 89' lang='lat' dir='ltr'><strong>creaturis</strong></span> <span class='ocrx_word' id='word_1_156' title='bbox 607 1678 667 1723; x_wconf 82' lang='lat' dir='ltr'><strong>esse</strong></span> <span class='ocrx_word' id='word_1_157' title='bbox 681 1657 898 1733; x_wconf 82' lang='lat' dir='ltr'><strong>substantium,</strong></span> <span class='ocrx_word' id='word_1_158' title='bbox 914 1656 983 1721; x_wconf 87' lang='lat' dir='ltr'><strong>sive</strong></span> <span class='ocrx_word' id='word_1_159' title='bbox 997 1678 1058 1719; x_wconf 83' lang='lat' dir='ltr'><strong>non</strong></span> <span class='ocrx_word' id='word_1_160' title='bbox 1072 1676 1135 1721; x_wconf 78' lang='lat' dir='ltr'><strong>csse</strong></span> 
     </span>
     <span class='ocr_line' id='line_1_20' title="bbox 65 1732 1136 1830; baseline 0.001 -31"><span class='ocrx_word' id='word_1_161' title='bbox 65 1732 202 1830; x_wconf 31' lang='lat' dir='ltr'><strong>irs-olio,</strong></span> <span class='ocrx_word' id='word_1_162' title='bbox 224 1735 335 1803; x_wconf 88' lang='lat' dir='ltr'><strong>subest</strong></span> <span class='ocrx_word' id='word_1_163' title='bbox 355 1740 527 1817; x_wconf 87' lang='lat' dir='ltr'><strong>essentiae,</strong></span> <span class='ocrx_word' id='word_1_164' title='bbox 549 1762 607 1805; x_wconf 91' lang='lat' dir='ltr'><strong>seu</strong></span> <span class='ocrx_word' id='word_1_165' title='bbox 630 1741 695 1817; x_wconf 89' lang='lat' dir='ltr'><strong>rei;</strong></span> <span class='ocrx_word' id='word_1_166' title='bbox 712 1759 826 1825; x_wconf 88' lang='lat' dir='ltr'><strong>nempe</strong></span> <span class='ocrx_word' id='word_1_167' title='bbox 848 1737 1009 1823; x_wconf 79' lang='lat' dir='ltr'><strong>signifieat</strong></span> <span class='ocrx_word' id='word_1_168' title='bbox 1029 1738 1136 1803; x_wconf 88' lang='lat' dir='ltr'><strong>deter-</strong></span> 
     </span>
     <span class='ocr_line' id='line_1_21' title="bbox 66 1817 1136 1899; baseline 0.003 -19"><span class='ocrx_word' id='word_1_169' title='bbox 66 1827 230 1881; x_wconf 83' lang='lat' dir='ltr'><strong>minatum</strong></span> <span class='ocrx_word' id='word_1_170' title='bbox 252 1820 397 1899; x_wconf 88' lang='lat' dir='ltr'><strong>modum,</strong></span> <span class='ocrx_word' id='word_1_171' title='bbox 442 1843 485 1886; x_wconf 92' lang='lat' dir='ltr'><strong>uo</strong></span> <span class='ocrx_word' id='word_1_172' title='bbox 507 1844 559 1886; x_wconf 88' lang='lat' dir='ltr'><strong>res</strong></span> <span class='ocrx_word' id='word_1_173' title='bbox 579 1823 720 1898; x_wconf 79' lang='lat' dir='ltr'><strong>existit,</strong></span> <span class='ocrx_word' id='word_1_174' title='bbox 743 1822 787 1886; x_wconf 91' lang='lat' dir='ltr'><strong>ita</strong></span> <span class='ocrx_word' id='word_1_175' title='bbox 810 1830 846 1885; x_wconf 95' lang='lat' dir='ltr'><strong>ut</strong></span> <span class='ocrx_word' id='word_1_176' title='bbox 867 1841 919 1884; x_wconf 88' lang='lat' dir='ltr'><strong>res</strong></span> <span class='ocrx_word' id='word_1_177' title='bbox 940 1817 1136 1885; x_wconf 88' lang='lat' dir='ltr'><strong>determine-</strong></span> 
     </span>
     <span class='ocr_line' id='line_1_22' title="bbox 66 1843 1135 1999; baseline 0.002 -38"><span class='ocrx_word' id='word_1_178' title='bbox 66 1909 161 1961; x_wconf 90' lang='lat' dir='ltr'><strong>tura</strong></span> <span class='ocrx_word' id='word_1_179' title='bbox 182 1919 245 1963; x_wconf 83' lang='lat' dir='ltr'><strong>non</strong></span> <span class='ocrx_word' id='word_1_180' title='bbox 263 1922 325 1965; x_wconf 82' lang='lat' dir='ltr'><strong>esso</strong></span> <span class='ocrx_word' id='word_1_181' title='bbox 346 1905 382 1968; x_wconf 85' lang='lat' dir='ltr'><strong>in</strong></span> <span class='ocrx_word' id='word_1_182' title='bbox 402 1843 492 1980; x_wconf 75' lang='lat' dir='ltr'><strong>aiio,</strong></span> <span class='ocrx_word' id='word_1_183' title='bbox 514 1914 679 1999; x_wconf 87' lang='lat' dir='ltr'><strong>tamquam</strong></span> <span class='ocrx_word' id='word_1_184' title='bbox 703 1903 806 1987; x_wconf 82' lang='lat' dir='ltr'><strong>magis</strong></span> <span class='ocrx_word' id='word_1_185' title='bbox 828 1901 1011 1967; x_wconf 85' lang='lat' dir='ltr'><strong>universale</strong></span> <span class='ocrx_word' id='word_1_186' title='bbox 1034 1922 1052 1965; x_wconf 91' lang='lat' dir='ltr'><strong>a</strong></span> <span class='ocrx_word' id='word_1_187' title='bbox 1076 1899 1135 1964; x_wconf 90' lang='lat' dir='ltr'><strong>mi-</strong></span> 
     </span>
     <span class='ocr_line' id='line_1_23' title="bbox 68 1980 1136 2069; baseline 0.003 -28"><span class='ocrx_word' id='word_1_188' title='bbox 68 1998 130 2043; x_wconf 90' lang='lat' dir='ltr'><strong>nus</strong></span> <span class='ocrx_word' id='word_1_189' title='bbox 150 1980 334 2047; x_wconf 78' lang='lat' dir='ltr'><strong>universali.</strong></span> <span class='ocrx_word' id='word_1_190' title='bbox 352 1987 379 2051; x_wconf 89' lang='lat' dir='ltr'>E</span> <span class='ocrx_word' id='word_1_191' title='bbox 394 1988 571 2062; x_wconf 87' lang='lat' dir='ltr'><strong>contrario,</strong></span> <span class='ocrx_word' id='word_1_192' title='bbox 595 2006 628 2048; x_wconf 91' lang='lat' dir='ltr'><strong>m</strong></span> <span class='ocrx_word' id='word_1_193' title='bbox 651 1985 738 2060; x_wconf 83' lang='lat' dir='ltr'><strong>Deo,</strong></span> <span class='ocrx_word' id='word_1_194' title='bbox 754 1985 846 2048; x_wconf 90' lang='lat' dir='ltr'><strong>cuius</strong></span> <span class='ocrx_word' id='word_1_195' title='bbox 862 1985 1046 2069; x_wconf 81' lang='lat' dir='ltr'><strong>«proprius</strong></span> <span class='ocrx_word' id='word_1_196' title='bbox 1068 2002 1136 2045; x_wconf 92' lang='lat' dir='ltr'><strong>mo-</strong></span> 
     </span>
     <span class='ocr_line' id='line_1_24' title="bbox 69 2058 1134 2211; baseline 0.004 -89"><span class='ocrx_word' id='word_1_197' title='bbox 69 2058 132 2124; x_wconf 89' lang='lat' dir='ltr'><strong>dus</strong></span> <span class='ocrx_word' id='word_1_198' title='bbox 146 2061 274 2128; x_wconf 86' lang='lat' dir='ltr'><strong>essendi</strong></span> <span class='ocrx_word' id='word_1_199' title='bbox 289 2075 351 2143; x_wconf 88' lang='lat' dir='ltr'><strong>est,</strong></span> <span class='ocrx_word' id='word_1_200' title='bbox 366 2078 401 2133; x_wconf 94' lang='lat' dir='ltr'><strong>ut</strong></span> <span class='ocrx_word' id='word_1_201' title='bbox 416 2068 459 2132; x_wconf 93' lang='lat' dir='ltr'><strong>sit</strong></span> <span class='ocrx_word' id='word_1_202' title='bbox 472 2089 567 2133; x_wconf 91' lang='lat' dir='ltr'><strong>suum</strong></span> <span class='ocrx_word' id='word_1_203' title='bbox 588 2087 656 2131; x_wconf 90' lang='lat' dir='ltr'><strong>esse</strong></span> <span class='ocrx_word' id='word_1_204' title='bbox 678 2065 855 2131; x_wconf 88' lang='lat' dir='ltr'><strong>subsistens</strong></span> <span class='ocrx_word' id='word_1_205' title='bbox 867 2066 879 2101; x_wconf 79' lang='lat'>⁸</span> <span class='ocrx_word' id='word_1_206' title='bbox 893 2088 925 2144; x_wconf 74' lang='lat' dir='ltr'><strong>a,</strong></span> <span class='ocrx_word' id='word_1_207' title='bbox 937 2062 1030 2141; x_wconf 84' lang='lat' dir='ltr'><strong>nibil,</strong></span> <span class='ocrx_word' id='word_1_208' title='bbox 1041 2062 1134 2211; x_wconf 70' lang='lat' dir='ltr'><strong>pund</strong></span> 
     </span>
     <span class='ocr_line' id='line_1_25' title="bbox 67 2141 1131 2234; baseline 0.006 -30"><span class='ocrx_word' id='word_1_209' title='bbox 67 2141 162 2208; x_wconf 88' lang='lat' dir='ltr'><strong>atteri</strong></span> <span class='ocrx_word' id='word_1_210' title='bbox 184 2143 316 2224; x_wconf 90' lang='lat' dir='ltr'><strong>subest,</strong></span> <span class='ocrx_word' id='word_1_211' title='bbox 339 2157 435 2232; x_wconf 88' lang='lat' dir='ltr'><strong>atque</strong></span> <span class='ocrx_word' id='word_1_212' title='bbox 457 2148 563 2227; x_wconf 86' lang='lat' dir='ltr'><strong>nihii,</strong></span> <span class='ocrx_word' id='word_1_213' title='bbox 585 2147 672 2234; x_wconf 90' lang='lat' dir='ltr'><strong>quod</strong></span> <span class='ocrx_word' id='word_1_214' title='bbox 696 2150 761 2225; x_wconf 90' lang='lat' dir='ltr'><strong>Ei,</strong></span> <span class='ocrx_word' id='word_1_215' title='bbox 782 2157 947 2231; x_wconf 84' lang='lat' dir='ltr'><strong>tamquam</strong></span> <span class='ocrx_word' id='word_1_216' title='bbox 969 2147 1039 2211; x_wconf 89' lang='lat' dir='ltr'><strong>acci</strong></span> <span class='ocrx_word' id='word_1_217' title='bbox 1063 2165 1131 2219; x_wconf 85' lang='lat' dir='ltr'><strong>cus,</strong></span> 
     </span>
    </p>
   </div>
   <div class='ocr_carea' id='block_1_3' title="bbox 64 2329 1139 3700">
    <p class='ocr_par' dir='ltr' id='par_1_4' title="bbox 107 2329 481 2399">
     <span class='ocr_line' id='line_1_26' title="bbox 107 2329 481 2399; baseline -0.005 -13"><span class='ocrx_word' id='word_1_218' title='bbox 107 2335 115 2370; x_wconf 85' lang='lat'>¹</span> <span class='ocrx_word' id='word_1_219' title='bbox 136 2329 203 2398; x_wconf 85' lang='lat' dir='ltr'><strong>Cap.</strong></span> <span class='ocrx_word' id='word_1_220' title='bbox 223 2332 270 2395; x_wconf 84' lang='lat' dir='ltr'><strong>vt,</strong></span> <span class='ocrx_word' id='word_1_221' title='bbox 290 2350 317 2386; x_wconf 85' lang='lat' dir='ltr'><strong>a.</strong></span> <span class='ocrx_word' id='word_1_222' title='bbox 337 2336 366 2395; x_wconf 71' lang='grc' dir='ltr'><strong>Ξ,</strong></span> <span class='ocrx_word' id='word_1_223' title='bbox 387 2350 411 2399; x_wconf 88' lang='lat' dir='ltr'><strong>p.</strong></span> <span class='ocrx_word' id='word_1_224' title='bbox 435 2335 481 2386; x_wconf 79' lang='grc'><strong>40.</strong></span> 
     </span>
    </p>

    <p class='ocr_par' dir='ltr' id='par_1_5' title="bbox 64 2403 1139 3626">
     <span class='ocr_line' id='line_1_27' title="bbox 106 2403 1136 2473; baseline 0.004 -16"><span class='ocrx_word' id='word_1_225' title='bbox 106 2405 118 2441; x_wconf 87' lang='lat'>²</span> <span class='ocrx_word' id='word_1_226' title='bbox 136 2403 237 2457; x_wconf 77' lang='lat' dir='ltr'><strong>Exinde</strong></span> <span class='ocrx_word' id='word_1_227' title='bbox 256 2410 330 2458; x_wconf 89' lang='lat' dir='ltr'><strong>nutto</strong></span> <span class='ocrx_word' id='word_1_228' title='bbox 349 2409 456 2470; x_wconf 76' lang='lat' dir='ltr'><strong>negotio</strong></span> <span class='ocrx_word' id='word_1_229' title='bbox 475 2407 636 2470; x_wconf 79' lang='lat' dir='ltr'><strong>perspicitur</strong></span> <span class='ocrx_word' id='word_1_230' title='bbox 655 2420 753 2457; x_wconf 86' lang='lat' dir='ltr'><strong>nomen</strong></span> <span class='ocrx_word' id='word_1_231' title='bbox 771 2412 838 2459; x_wconf 77' lang='lat' dir='ltr'><strong>entis</strong></span> <span class='ocrx_word' id='word_1_232' title='bbox 856 2408 976 2459; x_wconf 74' lang='lat' dir='ltr'><strong>abs-utute</strong></span> <span class='ocrx_word' id='word_1_233' title='bbox 993 2414 1136 2473; x_wconf 83' lang='lat' dir='ltr'><strong>acceptum</strong></span> 
     </span>
     <span class='ocr_line' id='line_1_28' title="bbox 67 2476 1134 2543; baseline 0.004 -14"><span class='ocrx_word' id='word_1_234' title='bbox 67 2476 124 2529; x_wconf 79' lang='lat' dir='ltr'><strong>Deo</strong></span> <span class='ocrx_word' id='word_1_235' title='bbox 142 2478 280 2530; x_wconf 82' lang='lat' dir='ltr'><strong>dumtaxat</strong></span> <span class='ocrx_word' id='word_1_236' title='bbox 298 2481 460 2539; x_wconf 81' lang='lat' dir='ltr'><strong>convenire;</strong></span> <span class='ocrx_word' id='word_1_237' title='bbox 481 2480 563 2542; x_wconf 83' lang='lat' dir='ltr'><strong>quia,</strong></span> <span class='ocrx_word' id='word_1_238' title='bbox 584 2480 808 2543; x_wconf 80' lang='lat' dir='ltr'><strong>quemadmodum</strong></span> <span class='ocrx_word' id='word_1_239' title='bbox 829 2494 851 2531; x_wconf 87' lang='lat' dir='ltr'><strong>s.</strong></span> <span class='ocrx_word' id='word_1_240' title='bbox 872 2476 986 2531; x_wconf 83' lang='lat' dir='ltr'><strong>Thomas</strong></span> <span class='ocrx_word' id='word_1_241' title='bbox 1011 2482 1134 2543; x_wconf 80' lang='lat' dir='ltr'><strong>advertit,</strong></span> 
     </span>
     <span class='ocr_line' id='line_1_29' title="bbox 67 2549 1134 2615; baseline 0.003 -15"><span class='ocrx_word' id='word_1_242' title='bbox 67 2552 122 2601; x_wconf 79' lang='lat' dir='ltr'><strong>troc</strong></span> <span class='ocrx_word' id='word_1_243' title='bbox 143 2564 250 2611; x_wconf 87' lang='lat' dir='ltr'><strong>nomeu,</strong></span> <span class='ocrx_word' id='word_1_244' title='bbox 272 2554 323 2615; x_wconf 84' lang='lat' dir='ltr'><strong>Qui</strong></span> <span class='ocrx_word' id='word_1_245' title='bbox 340 2560 387 2609; x_wconf 77' lang='lat' dir='ltr'><strong>art,</strong></span> <span class='ocrx_word' id='word_1_246' title='bbox 405 2552 477 2615; x_wconf 83' lang='lat' dir='ltr'><strong>quod</strong></span> <span class='ocrx_word' id='word_1_247' title='bbox 496 2552 609 2613; x_wconf 83' lang='lat' dir='ltr'><strong>ipsemet</strong></span> <span class='ocrx_word' id='word_1_248' title='bbox 628 2549 698 2602; x_wconf 78' lang='lat' dir='ltr'><strong>Deris</strong></span> <span class='ocrx_word' id='word_1_249' title='bbox 719 2551 767 2603; x_wconf 79' lang='lat' dir='ltr'><strong>sibi</strong></span> <span class='ocrx_word' id='word_1_250' title='bbox 787 2553 869 2611; x_wconf 84' lang='lat' dir='ltr'><strong>dedit,</strong></span> <span class='ocrx_word' id='word_1_251' title='bbox 889 2566 944 2603; x_wconf 77' lang='lat' dir='ltr'><strong>assa</strong></span> <span class='ocrx_word' id='word_1_252' title='bbox 962 2552 1134 2615; x_wconf 78' lang='lat' dir='ltr'><strong>absolutum,</strong></span> 
     </span>
     <span class='ocr_line' id='line_1_30' title="bbox 64 2623 1134 2688; baseline 0.003 -16"><span class='ocrx_word' id='word_1_253' title='bbox 64 2623 126 2673; x_wconf 86' lang='lat' dir='ltr'><strong>sira</strong></span> <span class='ocrx_word' id='word_1_254' title='bbox 145 2627 231 2674; x_wconf 87' lang='lat' dir='ltr'><strong>totum</strong></span> <span class='ocrx_word' id='word_1_255' title='bbox 250 2625 392 2686; x_wconf 74' lang='lat' dir='ltr'><strong>significat,</strong></span> <span class='ocrx_word' id='word_1_256' title='bbox 412 2637 474 2673; x_wconf 86' lang='lat' dir='ltr'><strong>cum</strong></span> <span class='ocrx_word' id='word_1_257' title='bbox 495 2624 596 2687; x_wconf 81' lang='lat' dir='ltr'><strong>reliqua</strong></span> <span class='ocrx_word' id='word_1_258' title='bbox 617 2625 718 2683; x_wconf 87' lang='lat' dir='ltr'><strong>omnia,</strong></span> <span class='ocrx_word' id='word_1_259' title='bbox 739 2626 990 2688; x_wconf 69' lang='lat' dir='ltr'><strong>auspicatissimum,</strong></span> <span class='ocrx_word' id='word_1_260' title='bbox 1010 2626 1065 2676; x_wconf 87' lang='lat' dir='ltr'><strong>sire</strong></span> <span class='ocrx_word' id='word_1_261' title='bbox 1085 2627 1134 2675; x_wconf 91' lang='lat' dir='ltr'><strong>ati·</strong></span> 
     </span>
     <span class='ocr_line' id='line_1_31' title="bbox 67 2692 1135 2764; baseline 0.007 -22"><span class='ocrx_word' id='word_1_262' title='bbox 67 2695 134 2758; x_wconf 84' lang='lat' dir='ltr'><strong>quid</strong></span> <span class='ocrx_word' id='word_1_263' title='bbox 153 2696 222 2745; x_wconf 85' lang='lat' dir='ltr'><strong>entis</strong></span> <span class='ocrx_word' id='word_1_264' title='bbox 240 2696 366 2746; x_wconf 83' lang='lat' dir='ltr'><strong>denotent</strong></span> <span class='ocrx_word' id='word_1_265' title='bbox 389 2692 434 2764; x_wconf 84' lang='lat' dir='ltr'><strong>(tn</strong></span> <span class='ocrx_word' id='word_1_266' title='bbox 452 2696 498 2746; x_wconf 80' lang='lat' dir='ltr'><strong>tto.</strong></span> <span class='ocrx_word' id='word_1_267' title='bbox 521 2697 643 2755; x_wconf 67' lang='lat' dir='ltr'><strong>isene,</strong></span> <span class='ocrx_word' id='word_1_268' title='bbox 664 2694 730 2746; x_wconf 83' lang='lat' dir='ltr'><strong>Dist.</strong></span> <span class='ocrx_word' id='word_1_269' title='bbox 752 2694 835 2755; x_wconf 87' lang='lat' dir='ltr'><strong>Viit,</strong></span> <span class='ocrx_word' id='word_1_270' title='bbox 856 2711 884 2761; x_wconf 85' lang='lat' dir='ltr'><strong>q.</strong></span> <span class='ocrx_word' id='word_1_271' title='bbox 906 2695 939 2755; x_wconf 91' lang='grc'><strong>1,</strong></span> <span class='ocrx_word' id='word_1_272' title='bbox 959 2710 986 2746; x_wconf 89' lang='lat' dir='ltr'><strong>a.</strong></span> <span class='ocrx_word' id='word_1_273' title='bbox 1009 2699 1019 2746; x_wconf 91' lang='lat' dir='ltr'><strong>t</strong></span> <span class='ocrx_word' id='word_1_274' title='bbox 1042 2698 1075 2748; x_wconf 84' lang='lat' dir='ltr'><strong>ad</strong></span> <span class='ocrx_word' id='word_1_275' title='bbox 1095 2694 1135 2757; x_wconf 77' lang='lat' dir='ltr'><strong>tt.</strong></span> 
     </span>
     <span class='ocr_line' id='line_1_32' title="bbox 67 2764 1137 2829; baseline 0.002 -12"><span class='ocrx_word' id='word_1_276' title='bbox 67 2764 119 2817; x_wconf 79' lang='lat' dir='ltr'><strong>iiio</strong></span> <span class='ocrx_word' id='word_1_277' title='bbox 138 2772 228 2818; x_wconf 83' lang='lat' dir='ltr'><strong>autom</strong></span> <span class='ocrx_word' id='word_1_278' title='bbox 248 2768 438 2820; x_wconf 80' lang='lat' dir='ltr'><strong>advertendum</strong></span> <span class='ocrx_word' id='word_1_279' title='bbox 457 2772 508 2825; x_wconf 85' lang='lat' dir='ltr'><strong>est,</strong></span> <span class='ocrx_word' id='word_1_280' title='bbox 529 2780 628 2817; x_wconf 83' lang='lat' dir='ltr'><strong>nomen</strong></span> <span class='ocrx_word' id='word_1_281' title='bbox 647 2771 722 2829; x_wconf 78' lang='lat' dir='ltr'><strong>emis,</strong></span> <span class='ocrx_word' id='word_1_282' title='bbox 743 2769 763 2819; x_wconf 85' lang='lat' dir='ltr'><strong>si</strong></span> <span class='ocrx_word' id='word_1_283' title='bbox 784 2782 835 2819; x_wconf 89' lang='lat' dir='ltr'><strong>nou</strong></span> <span class='ocrx_word' id='word_1_284' title='bbox 854 2769 1002 2819; x_wconf 83' lang='lat' dir='ltr'><strong>seeundum</strong></span> <span class='ocrx_word' id='word_1_285' title='bbox 1016 2782 1137 2820; x_wconf 85' lang='lat' dir='ltr'><strong>commu-</strong></span> 
     </span>
     <span class='ocr_line' id='line_1_33' title="bbox 67 2840 1137 2904; baseline 0.002 -15"><span class='ocrx_word' id='word_1_286' title='bbox 67 2852 131 2889; x_wconf 83' lang='lat' dir='ltr'><strong>nem</strong></span> <span class='ocrx_word' id='word_1_287' title='bbox 149 2840 381 2902; x_wconf 70' lang='lat' dir='ltr'><strong>significationem,</strong></span> <span class='ocrx_word' id='word_1_288' title='bbox 401 2845 474 2891; x_wconf 82' lang='lat' dir='ltr'><strong>certe</strong></span> <span class='ocrx_word' id='word_1_289' title='bbox 493 2840 639 2889; x_wconf 81' lang='lat' dir='ltr'><strong>secuudum</strong></span> <span class='ocrx_word' id='word_1_290' title='bbox 659 2841 777 2904; x_wconf 83' lang='lat' dir='ltr'><strong>utiquam</strong></span> <span class='ocrx_word' id='word_1_291' title='bbox 796 2841 970 2903; x_wconf 71' lang='lat' dir='ltr'><strong>anatogiam,</strong></span> <span class='ocrx_word' id='word_1_292' title='bbox 990 2842 1045 2893; x_wconf 82' lang='lat' dir='ltr'><strong>sire</strong></span> <span class='ocrx_word' id='word_1_293' title='bbox 1064 2844 1137 2892; x_wconf 86' lang='lat' dir='ltr'><strong>simi-</strong></span> 
     </span>
     <span class='ocr_line' id='line_1_34' title="bbox 67 2908 1135 2977; baseline 0.003 -16"><span class='ocrx_word' id='word_1_294' title='bbox 67 2911 211 2962; x_wconf 81' lang='lat' dir='ltr'><strong>litudinem</strong></span> <span class='ocrx_word' id='word_1_295' title='bbox 230 2910 294 2970; x_wconf 83' lang='lat' dir='ltr'><strong>Deo,</strong></span> <span class='ocrx_word' id='word_1_296' title='bbox 314 2919 343 2964; x_wconf 87' lang='lat' dir='ltr'><strong>ot</strong></span> <span class='ocrx_word' id='word_1_297' title='bbox 362 2913 442 2964; x_wconf 85' lang='lat' dir='ltr'><strong>robus</strong></span> <span class='ocrx_word' id='word_1_298' title='bbox 459 2912 493 2962; x_wconf 83' lang='lat' dir='ltr'><strong>ab</strong></span> <span class='ocrx_word' id='word_1_299' title='bbox 511 2908 551 2961; x_wconf 85' lang='lat' dir='ltr'><strong>Eo</strong></span> <span class='ocrx_word' id='word_1_300' title='bbox 570 2912 668 2963; x_wconf 85' lang='lat' dir='ltr'><strong>creatis</strong></span> <span class='ocrx_word' id='word_1_301' title='bbox 689 2914 842 2964; x_wconf 77' lang='lat' dir='ltr'><strong>conventre.</strong></span> <span class='ocrx_word' id='word_1_302' title='bbox 856 2909 924 2963; x_wconf 86' lang='lat' dir='ltr'><strong>Nam</strong></span> <span class='ocrx_word' id='word_1_303' title='bbox 938 2910 1007 2963; x_wconf 84' lang='lat' dir='ltr'><strong>Deus</strong></span> <span class='ocrx_word' id='word_1_304' title='bbox 1021 2915 1135 2977; x_wconf 85' lang='lat' dir='ltr'><strong>proprie,</strong></span> 
     </span>
     <span class='ocr_line' id='line_1_35' title="bbox 66 2984 1137 3049; baseline 0.003 -16"><span class='ocrx_word' id='word_1_305' title='bbox 66 2989 96 3033; x_wconf 88' lang='lat' dir='ltr'><strong>et</strong></span> <span class='ocrx_word' id='word_1_306' title='bbox 116 2985 200 3045; x_wconf 88' lang='lat' dir='ltr'><strong>primo</strong></span> <span class='ocrx_word' id='word_1_307' title='bbox 218 2984 317 3035; x_wconf 86' lang='lat' dir='ltr'><strong>dieitur</strong></span> <span class='ocrx_word' id='word_1_308' title='bbox 335 3000 401 3044; x_wconf 80' lang='lat' dir='ltr'><strong>erse,</strong></span> <span class='ocrx_word' id='word_1_309' title='bbox 414 2986 477 3049; x_wconf 83' lang='lat' dir='ltr'><strong>quia</strong></span> <span class='ocrx_word' id='word_1_310' title='bbox 496 2997 575 3033; x_wconf 91' lang='lat' dir='ltr'><strong>suum</strong></span> <span class='ocrx_word' id='word_1_311' title='bbox 594 2999 649 3035; x_wconf 78' lang='lat' dir='ltr'><strong>assa</strong></span> <span class='ocrx_word' id='word_1_312' title='bbox 668 2984 701 3036; x_wconf 89' lang='lat' dir='ltr'><strong>ab</strong></span> <span class='ocrx_word' id='word_1_313' title='bbox 721 2984 773 3035; x_wconf 88' lang='lat' dir='ltr'><strong>atio</strong></span> <span class='ocrx_word' id='word_1_314' title='bbox 792 2998 844 3035; x_wconf 89' lang='lat' dir='ltr'><strong>nou</strong></span> <span class='ocrx_word' id='word_1_315' title='bbox 863 2984 954 3042; x_wconf 84' lang='lat' dir='ltr'><strong>babet,</strong></span> <span class='ocrx_word' id='word_1_316' title='bbox 974 2986 1019 3034; x_wconf 84' lang='lat' dir='ltr'><strong>scd</strong></span> <span class='ocrx_word' id='word_1_317' title='bbox 1038 2992 1079 3036; x_wconf 81' lang='lat' dir='ltr'><strong>est</strong></span> <span class='ocrx_word' id='word_1_318' title='bbox 1098 2987 1137 3049; x_wconf 88' lang='lat' dir='ltr'><strong>ip·</strong></span> 
     </span>
     <span class='ocr_line' id='line_1_36' title="bbox 69 3054 1135 3120; baseline 0.003 -14"><span class='ocrx_word' id='word_1_319' title='bbox 69 3070 132 3106; x_wconf 88' lang='lat' dir='ltr'><strong>sum</strong></span> <span class='ocrx_word' id='word_1_320' title='bbox 151 3069 230 3106; x_wconf 85' lang='lat' dir='ltr'><strong>suum</strong></span> <span class='ocrx_word' id='word_1_321' title='bbox 249 3071 314 3117; x_wconf 65' lang='lat' dir='ltr'><strong>mm</strong></span> <span class='ocrx_word' id='word_1_322' title='bbox 334 3070 376 3109; x_wconf 85' lang='lat' dir='ltr'><strong>ros</strong></span> <span class='ocrx_word' id='word_1_323' title='bbox 400 3062 508 3109; x_wconf 80' lang='lat' dir='ltr'><strong>creatae</strong></span> <span class='ocrx_word' id='word_1_324' title='bbox 528 3062 619 3106; x_wconf 89' lang='lat' dir='ltr'><strong>autom</strong></span> <span class='ocrx_word' id='word_1_325' title='bbox 639 3058 810 3107; x_wconf 87' lang='lat' dir='ltr'><strong>nominantur</strong></span> <span class='ocrx_word' id='word_1_326' title='bbox 829 3070 895 3117; x_wconf 80' lang='lat' dir='ltr'><strong>assa,</strong></span> <span class='ocrx_word' id='word_1_327' title='bbox 909 3057 971 3120; x_wconf 83' lang='lat' dir='ltr'><strong>quia</strong></span> <span class='ocrx_word' id='word_1_328' title='bbox 986 3070 1066 3108; x_wconf 76' lang='lat' dir='ltr'><strong>esraa</strong></span> <span class='ocrx_word' id='word_1_329' title='bbox 1081 3054 1135 3109; x_wconf 80' lang='lat' dir='ltr'><strong>Deo</strong></span> 
     </span>
     <span class='ocr_line' id='line_1_37' title="bbox 67 3125 1134 3197; baseline 0.002 -19"><span class='ocrx_word' id='word_1_330' title='bbox 67 3128 179 3188; x_wconf 82' lang='lat' dir='ltr'><strong>babent,</strong></span> <span class='ocrx_word' id='word_1_331' title='bbox 194 3128 307 3193; x_wconf 84' lang='lat' dir='ltr'><strong>ideoque</strong></span> <span class='ocrx_word' id='word_1_332' title='bbox 320 3129 403 3193; x_wconf 84' lang='lat' dir='ltr'><strong>ipsius</strong></span> <span class='ocrx_word' id='word_1_333' title='bbox 416 3133 478 3181; x_wconf 79' lang='lat' dir='ltr'><strong>Essa</strong></span> <span class='ocrx_word' id='word_1_334' title='bbox 491 3125 577 3179; x_wconf 81' lang='lat' dir='ltr'><strong>Diriui</strong></span> <span class='ocrx_word' id='word_1_335' title='bbox 591 3129 792 3179; x_wconf 87' lang='lat' dir='ltr'><strong>similitudinem</strong></span> <span class='ocrx_word' id='word_1_336' title='bbox 806 3128 989 3192; x_wconf 83' lang='lat' dir='ltr'><strong>praescierunt</strong></span> <span class='ocrx_word' id='word_1_337' title='bbox 1003 3125 1045 3197; x_wconf 83' lang='lat' dir='ltr'><strong>(ci</strong></span> <span class='ocrx_word' id='word_1_338' title='bbox 1054 3127 1134 3180; x_wconf 76' lang='lat' dir='ltr'><strong>fleur.</strong></span> 
     </span>
     <span class='ocr_line' id='line_1_38' title="bbox 68 3197 1139 3269; baseline 0 -17"><span class='ocrx_word' id='word_1_339' title='bbox 68 3197 168 3258; x_wconf 75' lang='lat' dir='ltr'><strong>Gauri..</strong></span> <span class='ocrx_word' id='word_1_340' title='bbox 189 3202 239 3265; x_wconf 87' lang='lat' dir='ltr'><strong>Op.</strong></span> <span class='ocrx_word' id='word_1_341' title='bbox 259 3206 315 3262; x_wconf 78' lang='lat' dir='ltr'><strong>cit,</strong></span> <span class='ocrx_word' id='word_1_342' title='bbox 334 3207 388 3254; x_wconf 79' lang='lat' dir='ltr'><strong>art.</strong></span> <span class='ocrx_word' id='word_1_343' title='bbox 409 3198 481 3260; x_wconf 79' lang='grc'><strong>11111,</strong></span> <span class='ocrx_word' id='word_1_344' title='bbox 501 3215 530 3265; x_wconf 86' lang='lat' dir='ltr'><strong>q.</strong></span> <span class='ocrx_word' id='word_1_345' title='bbox 552 3198 591 3259; x_wconf 89' lang='grc' dir='ltr'><strong>ΙΙ,</strong></span> <span class='ocrx_word' id='word_1_346' title='bbox 612 3216 640 3251; x_wconf 91' lang='lat' dir='ltr'><strong>n.</strong></span> <span class='ocrx_word' id='word_1_347' title='bbox 663 3198 701 3269; x_wconf 84' lang='grc'><strong>7).</strong></span> <span class='ocrx_word' id='word_1_348' title='bbox 722 3199 789 3252; x_wconf 85' lang='lat' dir='ltr'><strong>ilino</strong></span> <span class='ocrx_word' id='word_1_349' title='bbox 803 3215 826 3251; x_wconf 92' lang='lat' dir='ltr'><strong>s.</strong></span> <span class='ocrx_word' id='word_1_350' title='bbox 842 3200 1005 3265; x_wconf 73' lang='lat' dir='ltr'><strong>Augustinus</strong></span> <span class='ocrx_word' id='word_1_351' title='bbox 1024 3202 1139 3253; x_wconf 83' lang='lat' dir='ltr'><strong>asseruit</strong></span> 
     </span>
     <span class='ocr_line' id='line_1_39' title="bbox 70 3271 1138 3338; baseline 0.002 -16"><span class='ocrx_word' id='word_1_352' title='bbox 70 3287 114 3325; x_wconf 84' lang='lat' dir='ltr'><strong>res</strong></span> <span class='ocrx_word' id='word_1_353' title='bbox 133 3278 237 3323; x_wconf 79' lang='lat' dir='ltr'><strong>creatas</strong></span> <span class='ocrx_word' id='word_1_354' title='bbox 255 3287 308 3324; x_wconf 89' lang='lat' dir='ltr'><strong>oon</strong></span> <span class='ocrx_word' id='word_1_355' title='bbox 325 3276 435 3325; x_wconf 88' lang='lat' dir='ltr'><strong>omniuo</strong></span> <span class='ocrx_word' id='word_1_356' title='bbox 454 3286 523 3329; x_wconf 81' lang='lat' dir='ltr'><strong>esso,</strong></span> <span class='ocrx_word' id='word_1_357' title='bbox 544 3273 606 3336; x_wconf 85' lang='lat' dir='ltr'><strong>quia</strong></span> <span class='ocrx_word' id='word_1_358' title='bbox 627 3286 680 3323; x_wconf 93' lang='lat' dir='ltr'><strong>nou</strong></span> <span class='ocrx_word' id='word_1_359' title='bbox 700 3278 760 3323; x_wconf 84' lang='lat' dir='ltr'><strong>sunt</strong></span> <span class='ocrx_word' id='word_1_360' title='bbox 780 3274 818 3332; x_wconf 87' lang='lat' dir='ltr'><strong>id,</strong></span> <span class='ocrx_word' id='word_1_361' title='bbox 837 3274 907 3338; x_wconf 87' lang='lat' dir='ltr'><strong>quod</strong></span> <span class='ocrx_word' id='word_1_362' title='bbox 927 3271 997 3323; x_wconf 84' lang='lat' dir='ltr'><strong>Deus</strong></span> <span class='ocrx_word' id='word_1_363' title='bbox 1017 3278 1067 3333; x_wconf 88' lang='lat' dir='ltr'><strong>ost,</strong></span> <span class='ocrx_word' id='word_1_364' title='bbox 1087 3286 1138 3325; x_wconf 80' lang='lat' dir='ltr'><strong>uso</strong></span> 
     </span>
     <span class='ocr_line' id='line_1_40' title="bbox 68 3342 1139 3412; baseline 0.003 -18"><span class='ocrx_word' id='word_1_365' title='bbox 68 3346 180 3395; x_wconf 83' lang='lat' dir='ltr'><strong>omniuo</strong></span> <span class='ocrx_word' id='word_1_366' title='bbox 197 3360 251 3396; x_wconf 88' lang='lat' dir='ltr'><strong>nou</strong></span> <span class='ocrx_word' id='word_1_367' title='bbox 269 3359 349 3405; x_wconf 68' lang='lat' dir='ltr'><strong>msa,</strong></span> <span class='ocrx_word' id='word_1_368' title='bbox 374 3349 438 3412; x_wconf 83' lang='lat' dir='ltr'><strong>quia</strong></span> <span class='ocrx_word' id='word_1_369' title='bbox 457 3346 644 3397; x_wconf 79' lang='lat' dir='ltr'><strong>simititudiuos</strong></span> <span class='ocrx_word' id='word_1_370' title='bbox 661 3360 709 3399; x_wconf 79' lang='lat' dir='ltr'><strong>rou</strong></span> <span class='ocrx_word' id='word_1_371' title='bbox 728 3348 790 3397; x_wconf 78' lang='lat' dir='ltr'><strong>Ena</strong></span> <span class='ocrx_word' id='word_1_372' title='bbox 807 3343 855 3396; x_wconf 85' lang='lat' dir='ltr'><strong>Dei</strong></span> <span class='ocrx_word' id='word_1_373' title='bbox 875 3350 946 3395; x_wconf 88' lang='lat' dir='ltr'><strong>suut.</strong></span> <span class='ocrx_word' id='word_1_374' title='bbox 970 3342 1033 3395; x_wconf 78' lang='lat' dir='ltr'><strong>«iit</strong></span> <span class='ocrx_word' id='word_1_375' title='bbox 1052 3347 1139 3409; x_wconf 86' lang='lat' dir='ltr'><strong>inspe-</strong></span> 
     </span>
     <span class='ocr_line' id='line_1_41' title="bbox 68 3415 1138 3479; baseline -0.001 -11"><span class='ocrx_word' id='word_1_376' title='bbox 68 3420 117 3476; x_wconf 83' lang='lat' dir='ltr'><strong>xi,</strong></span> <span class='ocrx_word' id='word_1_377' title='bbox 136 3419 193 3475; x_wconf 83' lang='lat' dir='ltr'><strong>ait,</strong></span> <span class='ocrx_word' id='word_1_378' title='bbox 213 3424 302 3469; x_wconf 86' lang='lat' dir='ltr'><strong>cetera</strong></span> <span class='ocrx_word' id='word_1_379' title='bbox 323 3418 391 3471; x_wconf 83' lang='lat' dir='ltr'><strong>iutra</strong></span> <span class='ocrx_word' id='word_1_380' title='bbox 411 3415 465 3477; x_wconf 82' lang='lat' dir='ltr'><strong>Te,</strong></span> <span class='ocrx_word' id='word_1_381' title='bbox 484 3424 513 3468; x_wconf 86' lang='lat' dir='ltr'><strong>ot</strong></span> <span class='ocrx_word' id='word_1_382' title='bbox 531 3419 584 3468; x_wconf 86' lang='lat' dir='ltr'><strong>ridi</strong></span> <span class='ocrx_word' id='word_1_383' title='bbox 603 3431 653 3469; x_wconf 85' lang='lat' dir='ltr'><strong>uec</strong></span> <span class='ocrx_word' id='word_1_384' title='bbox 672 3421 780 3469; x_wconf 89' lang='lat' dir='ltr'><strong>omnino</strong></span> <span class='ocrx_word' id='word_1_385' title='bbox 799 3431 868 3479; x_wconf 85' lang='lat' dir='ltr'><strong>esse,</strong></span> <span class='ocrx_word' id='word_1_386' title='bbox 887 3431 937 3468; x_wconf 84' lang='lat' dir='ltr'><strong>uec</strong></span> <span class='ocrx_word' id='word_1_387' title='bbox 957 3419 1065 3469; x_wconf 87' lang='lat' dir='ltr'><strong>omuino</strong></span> <span class='ocrx_word' id='word_1_388' title='bbox 1085 3432 1138 3469; x_wconf 88' lang='lat' dir='ltr'><strong>nou</strong></span> 
     </span>
     <span class='ocr_line' id='line_1_42' title="bbox 68 3486 1138 3557; baseline 0.001 -18"><span class='ocrx_word' id='word_1_389' title='bbox 68 3502 139 3548; x_wconf 69' lang='lat' dir='ltr'><strong>essm</strong></span> <span class='ocrx_word' id='word_1_390' title='bbox 159 3502 217 3541; x_wconf 83' lang='lat' dir='ltr'><strong>esse</strong></span> <span class='ocrx_word' id='word_1_391' title='bbox 235 3490 354 3555; x_wconf 81' lang='lat' dir='ltr'><strong>quidem,</strong></span> <span class='ocrx_word' id='word_1_392' title='bbox 373 3493 501 3557; x_wconf 84' lang='lat' dir='ltr'><strong>quoniam</strong></span> <span class='ocrx_word' id='word_1_393' title='bbox 520 3489 566 3540; x_wconf 84' lang='lat' dir='ltr'><strong>abs</strong></span> <span class='ocrx_word' id='word_1_394' title='bbox 586 3486 622 3541; x_wconf 87' lang='lat' dir='ltr'><strong>Te</strong></span> <span class='ocrx_word' id='word_1_395' title='bbox 642 3497 713 3551; x_wconf 67' lang='lat' dir='ltr'><strong>suun</strong></span> <span class='ocrx_word' id='word_1_396' title='bbox 734 3504 785 3542; x_wconf 92' lang='lat' dir='ltr'><strong>uon</strong></span> <span class='ocrx_word' id='word_1_397' title='bbox 805 3496 990 3553; x_wconf 76' lang='lat' dir='ltr'><strong>arsenatem,</strong></span> <span class='ocrx_word' id='word_1_398' title='bbox 1011 3493 1138 3556; x_wconf 84' lang='lat' dir='ltr'><strong>quoniam</strong></span> 
     </span>
     <span class='ocr_line' id='line_1_43' title="bbox 70 3561 942 3626; baseline 0 -15"><span class='ocrx_word' id='word_1_399' title='bbox 70 3563 108 3621; x_wconf 85' lang='lat' dir='ltr'><strong>id,</strong></span> <span class='ocrx_word' id='word_1_400' title='bbox 129 3562 199 3624; x_wconf 86' lang='lat' dir='ltr'><strong>quod</strong></span> <span class='ocrx_word' id='word_1_401' title='bbox 218 3576 257 3622; x_wconf 85' lang='lat' dir='ltr'><strong>es,</strong></span> <span class='ocrx_word' id='word_1_402' title='bbox 277 3576 331 3614; x_wconf 89' lang='lat' dir='ltr'><strong>non</strong></span> <span class='ocrx_word' id='word_1_403' title='bbox 350 3570 412 3616; x_wconf 87' lang='lat' dir='ltr'><strong>suut</strong></span> <span class='ocrx_word' id='word_1_404' title='bbox 433 3583 458 3625; x_wconf 72' lang='grc' dir='ltr'>η</span> <span class='ocrx_word' id='word_1_405' title='bbox 480 3564 567 3626; x_wconf 62' lang='lat' dir='ltr'><strong>cont,</strong></span> <span class='ocrx_word' id='word_1_406' title='bbox 588 3561 635 3613; x_wconf 86' lang='lat' dir='ltr'><strong>tib.</strong></span> <span class='ocrx_word' id='word_1_407' title='bbox 657 3561 716 3624; x_wconf 82' lang='lat' dir='ltr'><strong>VH,</strong></span> <span class='ocrx_word' id='word_1_408' title='bbox 736 3578 762 3615; x_wconf 89' lang='lat' dir='ltr'><strong>o.</strong></span> <span class='ocrx_word' id='word_1_409' title='bbox 785 3563 829 3625; x_wconf 86' lang='lat' dir='ltr'><strong>tt,</strong></span> <span class='ocrx_word' id='word_1_410' title='bbox 850 3578 876 3614; x_wconf 89' lang='lat' dir='ltr'><strong>n.</strong></span> <span class='ocrx_word' id='word_1_411' title='bbox 899 3563 942 3611; x_wconf 85' lang='grc'><strong>17.</strong></span> 
     </span>
    </p>

    <p class='ocr_par' dir='ltr' id='par_1_6' title="bbox 107 3630 418 3700">
     <span class='ocr_line' id='line_1_44' title="bbox 107 3630 418 3700; baseline 0.016 -17"><span class='ocrx_word' id='word_1_412' title='bbox 107 3630 120 3669; x_wconf 78' lang='lat'><strong>¹</strong></span> <span class='ocrx_word' id='word_1_413' title='bbox 140 3631 160 3693; x_wconf 93' lang='lat' dir='ltr'><strong>i,</strong></span> <span class='ocrx_word' id='word_1_414' title='bbox 180 3648 208 3700; x_wconf 85' lang='lat' dir='ltr'><strong>q.</strong></span> <span class='ocrx_word' id='word_1_415' title='bbox 229 3632 289 3695; x_wconf 80' lang='lat' dir='ltr'><strong>itti,</strong></span> <span class='ocrx_word' id='word_1_416' title='bbox 309 3650 335 3687; x_wconf 86' lang='lat' dir='ltr'><strong>a.</strong></span> <span class='ocrx_word' id='word_1_417' title='bbox 356 3639 373 3690; x_wconf 76' lang='lat' dir='ltr'><strong>t</strong></span> <span class='ocrx_word' id='word_1_418' title='bbox 392 3652 418 3690; x_wconf 84' lang='lat' dir='ltr'><strong>o.</strong></span> 
     </span>
    </p>
   </div>
   <div class='ocr_carea' id='block_1_4' title="bbox 0 0 1252 3909">
    <p class='ocr_par' dir='ltr' id='par_1_7' title="bbox 0 0 1252 3909">
     <span class='ocr_line' id='line_1_45' title="bbox 0 0 1252 3909; baseline 0 0"><span class='ocrx_word' id='word_1_419' title='bbox 0 0 1252 3909; x_wconf 95' lang='lat' dir='ltr'><strong> </strong></span> 
     </span>
    </p>
   </div>
  </div>
 </body>
</html>
