2475 3909
394 187 581 236 rurosocsa
603 186 795 236 usrvnasrs
1035 169 1095 238 391

57 266 149 354 quod
164 269 310 333 homines
323 271 423 334 etiam
444 271 672 355 superstitioso
688 268 832 334 Deorum
854 267 945 334 cuitu
961 269 1135 355 impiicati,

57 371 137 415 cum
159 353 204 415 im
229 351 344 415 eiiente
367 363 481 416 natura
505 352 732 437 loquebantur,
747 370 810 414 non
836 351 933 426 Deos,
950 348 1006 415 sed
1028 351 1137 417 Deum

60 372 289 497 inclamitant.
311 456 329 495 «
352 431 435 497 Gum
456 434 577 509 iurant,
592 434 700 517 inquit
713 433 910 508 Lactantius,
926 441 1047 498 etcum
1063 453 1138 517 gra-

58 515 123 578 tias
143 525 254 596 agunt,
278 533 341 578 oon
362 516 483 590 iovem,
498 525 555 579 aut
570 515 688 580 muitos
711 513 809 590 Deos,
833 512 889 578 sed
912 511 1016 578 Deum
1033 513 1136 578 uomi-

57 605 148 661 naot.
170 594 262 660 Adeo
286 596 357 679 ipsa
382 598 513 673 veritas,
528 607 664 682 cogente
687 608 814 673 natura,
837 597 939 662 etiam
961 594 1002 660 ab
1025 596 1136 662 invitis

58 676 248 761 pectoribus
267 679 413 763 erumpit
427 678 440 717 ¹
456 700 485 741 a.

319 807 386 856 iiar.
400 804 433 857 ii.
445 835 479 844 -
489 801 631 858 Reiutatur
650 803 872 856 Manichaeorum

99 908 171 974 aba.
195 909 405 976 Reieiieadus
419 911 471 976 hic
484 909 573 974 venit
594 929 687 975 error
714 909 922 995 turpissimus
944 908 984 974 de
1005 907 1135 976 duobus

56 991 245 1085 principiis,
260 990 345 1056 bono
360 991 474 1068 aitero,
489 991 591 1056 aitero
606 992 703 1068 maio,
725 1012 867 1076 quorum
888 990 969 1056 iiiud
985 992 1134 1056 omnium

59 1093 94 1134 m
109 1071 169 1135 hoc
189 1073 269 1138 orbe
291 1073 477 1150 bonorum,
500 1073 639 1138 aiterum
662 1073 823 1137 maiorum
844 1091 957 1138 caussa
979 1073 1031 1136 sit.
1052 1071 1134 1158 Opi-

56 1153 167 1218 nionis
180 1152 277 1218 huius
298 1155 457 1220 absurdae
480 1155 642 1238 originem
670 1153 790 1220 eruditi
813 1174 832 1217 a
854 1153 1024 1220 Zoroastro
1045 1165 1134 1219 vetu-

57 1236 202 1299 stissimo
235 1238 406 1302 Persarum
437 1235 571 1302 doctore
598 1248 758 1321 repetunt.
784 1236 957 1300 Persarum
986 1235 1133 1319 vestigiis

60 1317 207 1382 institere
229 1317 381 1383 haeretici
398 1317 600 1392 Manichaei,
624 1317 668 1382 ita
690 1315 770 1381 dicti
793 1337 811 1380 a
833 1315 973 1391 Manetc,
997 1315 1133 1380 insanis·

53 1398 158 1461 simae
180 1399 276 1463 huius
297 1411 402 1464 sectae
425 1412 567 1467 auctore.
591 1400 627 1463 in
650 1398 770 1464 recenti
793 1406 898 1463 aetate
927 1396 1133 1462 Manichaeo-

55 1499 132 1542 rum
147 1481 364 1564 patrocinium
387 1482 504 1549 Petrus
525 1480 663 1564 Bayieus
684 1479 839 1564 suscepit,
861 1476 1051 1564 uuiiumque
1068 1499 1132 1544 uon

56 1563 160 1626 movit
181 1562 336 1647 iapidem,
351 1571 387 1627 ut
401 1583 471 1626 earn
495 1564 539 1627 im
567 1565 698 1628 ietatem
721 1570 766 1626 tot
790 1568 981 1645 prostratam
1004 1557 1131 1625 vicibus

53 1653 236 1708 renovaret.
252 1644 370 1709 Statuit
384 1664 501 1729 nempe
558 1642 788 1708 aniohaeorum
810 1640 1012 1728 hypothesim
1032 1642 1131 1706 ratio·

53 1723 154 1789 nibus
167 1747 187 1788 o
196 1726 304 1808 priori
326 1723 501 1790 absurdam
523 1722 753 1798 demonstrari,
769 1720 825 1786 sed
839 1722 1038 1805 oporteriori
1052 1742 1128 1788 con·

52 1804 229 1872 sideratam
251 1806 486 1892 approbatione
508 1826 578 1871 esse
598 1803 733 1890 diguam
746 1806 771 1867 ².

376 1941 711 1958 m

53 2049 102 2100 iiei
120 2051 298 2102 existentiam.
320 2047 376 2100 iioc
395 2049 574 2100 adnotandum
589 2053 631 2099 est
644 2049 768 2100 adsersus
783 2045 962 2108 buchnerum,
977 2051 1023 2113 qui
1037 2049 1129 2119 (Forca

50 2130 75 2173 ct
89 2121 205 2182 muttire,
221 2137 248 2185 p.
267 2123 316 2172 tat
329 2134 387 2186 sqq,
403 2117 510 2186 Leipzig
525 2119 606 2188 1863)
624 2135 657 2172 ex
676 2123 859 2184 superstitioso
879 2123 1038 2186 popuiorum
1052 2121 1129 2174 cuitu

50 2207 211 2244 consensum
232 2208 279 2257 pro
299 2193 344 2243 iici
363 2195 503 2243 existentia
530 2206 582 2243 nou
607 2194 706 2244 reatem
727 2189 803 2244 iintis
837 2196 955 2256 supremi
976 2194 1128 2252 notionem,

50 2265 99 2315 sed
122 2266 219 2329 atiquid
239 2265 271 2314 ab
296 2267 359 2327 ipsis
377 2265 528 2316 hominihus
551 2265 731 2327 excogitatum
757 2266 922 2327 praeseferre
949 2265 1126 2326 blasphemat.

50 2335 137 2396 Sane,
160 2358 171 2384 a
194 2339 345 2387 inteiiectus
364 2343 465 2396 noster,
485 2339 606 2399 apposite
625 2337 708 2400 inquit
728 2351 750 2386 s.
773 2334 968 2394 bonaventura,
989 2337 1079 2388 deiicit
1100 2339 1127 2388 in

50 2410 211 2471 cogitatione
231 2407 339 2460 Divinae
358 2407 485 2462 Veritatis
503 2415 634 2473 quantum
654 2409 686 2458 aci
705 2410 905 2472 cognitionem.
926 2410 989 2473 quid
1016 2415 1067 2467 esi,
1088 2413 1129 2460 ta·

50 2495 113 2532 men
132 2495 185 2532 non
204 2483 294 2533 deficit
311 2488 442 2546 quantum
460 2481 494 2531 ari
521 2481 720 2544 coguitionem,
741 2482 762 2533 si
781 2486 832 2531 est.
843 2517 850 2532 .
862 2519 869 2532 .
883 2478 950 2546 Quia
969 2495 1032 2545 ergo
1049 2484 1128 2532 intei-

50 2555 138 2604 iectus
157 2562 247 2604 nester
274 2567 421 2618 numquam
439 2553 529 2604 deiicit
548 2555 574 2603 iu
601 2553 751 2616 cognitione
779 2550 846 2612 iiei,
867 2555 888 2604 si
906 2559 969 2611 est,
994 2554 1051 2604 idco
1076 2567 1128 2604 uec

49 2631 139 2689 potest
156 2628 278 2688 ignorare
305 2624 393 2688 ipsum
416 2639 495 2682 esso,
520 2626 644 2676 aimiiiter
668 2638 721 2674 nou
745 2626 863 2689 cogitare
887 2639 939 2676 nou
964 2638 1032 2675 esse.
1059 2622 1127 2690 Quia

49 2711 115 2747 reru
134 2698 223 2748 deficit
243 2700 269 2747 in
288 2699 448 2760 cognitione,
461 2697 524 2760 quid
543 2702 596 2756 eat,
611 2697 670 2747 ideo
689 2697 843 2760 frequenter
861 2697 961 2760 cogitat
979 2695 1064 2747 iterim
1084 2710 1127 2747 es·

47 2784 90 2829 se,
110 2771 179 2832 quoii
200 2784 251 2820 non
270 2776 321 2828 est,
342 2771 410 2819 sicut
430 2771 541 2824 idolum.
562 2771 603 2819 rei
624 2781 675 2818 non
696 2782 765 2828 esse,
785 2769 856 2833 quoti
875 2775 933 2830 est,
951 2769 1021 2819 sicut
1039 2766 1125 2820 Deum

47 2855 102 2892 uon
122 2841 241 2892 iustum:
261 2847 288 2890 et
307 2843 369 2904 quia
388 2843 434 2906 qui
453 2844 553 2901 coqiiat
571 2838 656 2891 Mum
676 2853 727 2890 non
746 2853 826 2900 esse,
850 2843 920 2904 qnod
940 2845 1000 2900 est,
1021 2845 1052 2890 ut
1071 2853 1125 2892 uon

47 2917 161 2970 iustum,
181 2927 229 2976 per
247 2926 410 2976 consequens
429 2915 528 2977 cogitat
549 2911 637 2975 ipsum
658 2925 710 2962 non
728 2925 798 2972 esso,
813 2913 871 2963 ideo
885 2915 990 2964 rationo
1003 2911 1124 2964 deiectus
1228 2931 1229 2946 2

47 2987 201 3037 intciiectus
221 2983 291 3035 Deus
310 2989 396 3048 potest
415 2984 526 3048 cogitari
545 2997 598 3034 uon
615 2997 673 3034 esse
687 3019 748 3045 ...,
770 2997 821 3034 nou
841 2989 931 3035 tamen
954 2985 1123 3045 simpliciter,
1227 3001 1228 3032 t

46 3060 105 3107 aire
123 3059 303 3119 geoaraiitcr,
326 3057 371 3106 sed
390 3051 423 3106 e'r
441 3057 636 3120 consequenti,
662 3058 730 3106 sicut
754 3057 799 3120 qui
826 3061 905 3120 negat
930 3057 1123 3107 beatitudinem
1226 3083 1227 3096 2

45 3142 106 3180 esse
126 3131 151 3179 in
172 3129 236 3189 lieo,
256 3133 335 3192 negat
352 3141 413 3178 eam
431 3125 578 3196 essu»(1n
595 3127 642 3178 to.
659 3130 672 3178 i
688 3130 770 3187 Sani„
791 3126 858 3179 iiist.
874 3124 945 3187 Viii,
967 3143 993 3192 p.
1011 3125 1031 3186 i,
1051 3143 1078 3178 a.
1097 3132 1122 3186 i,
1225 3159 1226 3176 2

46 3217 75 3266 q.
97 3201 113 3250 2
134 3198 235 3270 carot).
256 3199 386 3267 Quocirca
407 3203 436 3259 ii,
456 3204 501 3264 qui
523 3200 617 3251 iaisam
638 3199 802 3251 divinitatem
823 3200 995 3264 profitentur,
1015 3213 1043 3249 se
1063 3203 1122 3249 nui·
1224 3229 1225 3260 ,

46 3277 105 3324 ium
124 3271 209 3324 iicum
228 3273 343 3336 proiiteri
363 3272 433 3322 hauri
453 3278 557 3336 putant.
578 3269 650 3325 Unde
670 3273 757 3322 aiebat
777 3268 946 3323 Lactantiusz
970 3291 981 3317 a
1005 3268 1121 3323 osorum

44 3347 165 3396 cultores
177 3347 313 3409 reiigiosos
326 3357 355 3394 sc
368 3349 473 3408 putant,
487 3359 549 3396 cum
563 3345 615 3395 sint
628 3343 805 3407 superstitiosi
818 3361 842 3404 ις
855 3346 916 3396 Dic.
933 3342 1057 3402 tast.,iib.
1074 3341 1119 3401 tv,

44 3417 165 3551 ⁰'ii›’,.
186 3491 241 3545 m..
261 3487 309 3537 in.
331 3484 365 3547 ιι,
386 3501 412 3538 a.
433 3487 461 3538 r.

82 3559 184 3610 1υἱοί.
205 3561 264 3609 bist.
285 3563 355 3618 crit,
377 3563 442 3610 arti.
463 3557 646 3619 manuatim,
667 3561 853 3614 Marcionitas.
876 3555 1038 3617 Parilicium.
1060 3561 1119 3610 Ort·

40 3631 118 3706 qius,
137 3629 289 3698 Xiuopboa,
308 3635 336 3683 st
357 3633 384 3683 tu
404 3632 533 3699 Dtotoqts,
552 3634 581 3700 et
599 3629 627 3684 in
646 3633 711 3696 tien.
731 3627 749 3682 ri
768 3645 804 3683 oa
822 3629 984 3688 Prouinctui.
