2475 3909
136 165 178 230 et
530 183 737 244 socioso

136 265 305 332 Probatur.
329 266 507 354 Magister,
529 277 567 334 ut
588 270 655 333 iam
676 265 845 341 diximus,
868 283 933 329 nou
954 258 1051 330 aliter
1071 261 1173 330 docet

93 344 306 432 discipulum,
329 369 428 433 quam
441 348 527 435 quod
543 351 646 435 signis
660 346 868 434 quibusdam,
884 365 1000 431 nempe
1019 365 1172 422 sumone,
1200 373 1206 385 ·

98 426 188 489 illam
211 430 536 513 argumentationem,
559 451 624 516 qua
647 431 716 516 ipse
736 447 851 494 rerum
871 427 1048 512 cognoscit,
1072 425 1176 491 disci·

95 507 175 590 pulo
198 509 394 588 manifestae
410 522 443 576 et
463 512 643 596 discipulus
656 532 720 575 non
741 527 899 581 sermone,
921 506 976 572 sed
998 528 1177 592 argumen-

96 589 241 667 tatione,
264 610 386 674 quam,
409 612 472 677 ope
496 592 583 658 iilius
610 593 793 667 sermonis,
820 598 925 653 mente
953 609 1012 653 sna
1039 588 1174 673 repetit,

94 669 266 734 scientiam
289 670 444 756 adquirit.
468 675 584 760 Atqui,
608 675 637 740 si
658 671 840 757 discipulus
861 669 1030 735 scientiam
1052 691 1116 734 non
1138 689 1176 733 a·

95 749 172 845 liter
194 770 213 812 a
235 753 393 836 magistro
415 752 537 832 discit,
561 775 661 841 qnam
682 753 769 840 quod
790 750 937 817 eamdem
965 760 1177 834 argumenta·

95 843 231 907 tionem,
256 852 321 916 qua
342 833 395 900 hic
416 838 589 903 scientiam
611 837 749 912 invenit,
771 841 878 898 mente
900 851 960 895 sua
981 831 1110 916 repetit,
1134 830 1176 894 ti-

95 919 176 996 quet
197 913 347 978 scientias
369 937 431 982 non
460 919 526 983 alia
554 916 707 982 methodo
734 912 1003 982 ostentarem
1031 910 1072 975 ah
1101 910 1173 988 iiia,

96 1014 163 1078 qua
185 992 334 1060 inventae
356 1009 440 1064 sunt.
464 1001 511 1064 Er
533 1020 565 1064 o.
589 997 626 1062 ld
647 999 755 1084 ipsum
777 1018 803 1061 s.
825 995 964 1060 Thomas
996 993 1058 1058 hoc
1080 990 1174 1056 taciti

88 1086 289 1160 ¹argumento
310 1079 548 1164 comprobavit.
572 1079 661 1146 Inter
681 1078 762 1144 duas
782 1075 949 1144 methodos
963 1073 1173 1150 inventionis,

97 1169 128 1224 ct
149 1154 314 1222 doctrinae
334 1180 398 1225 uon
425 1161 514 1226 aiiud
539 1162 697 1238 interest,
719 1181 818 1246 quam
847 1159 932 1223 inter
953 1167 1116 1231 naturam,
1139 1167 1176 1221 et

97 1248 211 1314 artem,
225 1239 389 1322 siquidem
402 1242 571 1309 methodus
585 1243 746 1308 inventitia
759 1254 807 1307 est
818 1240 990 1315 naturalis,
1002 1235 1175 1302 methodus

97 1319 264 1417 doetrinae
286 1335 394 1389 antem
421 1333 471 1390 est
490 1323 678 1390 artificiosa.
702 1325 803 1408 Atqui
825 1322 905 1387 artis
931 1320 1103 1465 proqsrium
1124 1331 1177 1385 est

98 1411 220 1467 imitari
247 1413 407 1469 naturam.
423 1407 469 1470 Er
492 1427 511 1470 o
534 1403 677 1470 methodi
692 1404 861 1470 doctrinae
884 1401 971 1467 idem
1007 1400 1082 1466 ehet
1101 1421 1175 1466 csse

100 1503 282 1568 processus,
306 1505 343 1549 ac
366 1426 508 1552 methohi
531 1487 730 1552 inventionis
754 1487 777 1550 ¹.

139 1567 191 1632 t8.
216 1565 394 1632 Difficultas
415 1581 536 1644 autem,
558 1588 642 1653 quae
664 1568 764 1653 vulgo
786 1565 959 1642 creditur,
982 1562 1176 1629 addiscendi

99 1646 267 1745 scientiam
285 1649 406 1746 eadem
424 1648 574 1747 methodo
596 1649 822 1746 inventionis,
844 1647 934 1711 nulia
958 1657 1017 1712 est.
1041 1644 1176 1711 Etenim

99 1750 158 1875 qui
179 1740 333 1796 scientiae
356 1733 518 1830 principia
528 1751 600 1880 (ΕΘΓ
622 1752 655 1797 se
678 1741 819 1808 invenit,
842 1729 1035 1816 pierumque
1049 1728 1175 1813 piures,

122 1810 306 1898 iversasque
340 1833 409 1880 vias
432 1836 525 1900 ingre
583 1812 708 1889 dehet,
731 1823 768 1879 ut
789 1831 950 1897 quaenam
977 1809 1110 1876 illarum
1131 1807 1177 1872 ad

100 1913 253 1959 verorum
282 1896 521 1981 principiorum
543 1896 590 1962 rei
624 1894 791 1981 quaesitae
813 1892 1031 1958 inventionem
1062 1891 1176 1966 ducat,

100 1986 170 2043 tuto
192 1987 374 2061 cognoscat.
391 1980 449 2044 Ast
473 1979 511 2054 is,
527 1978 584 2064 qui
606 1977 777 2043 scientiam
797 1972 988 2058 amagistro
1009 1971 1179 2050 edocetur,

101 2058 166 2123 iam
188 2056 228 2122 ah
260 2059 356 2124 initio
379 2058 469 2125 itiam
490 2060 577 2124 viam
604 2069 693 2124 certe
714 2059 829 2133 novit,
851 2075 934 2153 quae
956 2055 996 2120 ad
1017 2055 1180 2140 cognitio·

101 2159 176 2203 nem
199 2139 438 2223 principiorum
460 2151 548 2207 recta
563 2139 664 2207 ducit.
681 2139 843 2217 Quocirca
863 2147 949 2202 inter
967 2159 1020 2202 ma
1046 2138 1177 2212 istrum,

101 2219 159 2308 qui
182 2241 224 2285 ex
245 2241 278 2284 se
299 2241 411 2287 verum
433 2222 567 2296 invenit,
589 2233 623 2286 et
643 2219 860 2306 discipulum,
882 2219 942 2304 qni
964 2158 1046 2286 ittuh
1067 2239 1087 2282 a
1108 2239 1180 2283 ma-

128 2302 206 2368 istre
226 2301 383 2370 edocetur
396 2301 510 2368 eadem
531 2302 697 2377 methodo,
712 2322 776 2387 qua
799 2304 966 2367 inventum
988 2301 1030 2365 ah
1050 2320 1091 2365 eo
1111 2313 1177 2376 est,

102 2324 183 2450 hlud
206 2384 351 2462 interest,
397 2383 463 2449 uod
484 2384 568 2450 inter
582 2386 754 2460 viatorem,
776 2384 832 2528 qui
855 2385 925 2448 sine
944 2382 1011 2446 utto
1032 2382 1128 2459 duce,
1144 2395 1180 2449 et

104 2469 273 2544 viatorem,
289 2473 346 2564 qui
369 2405 451 2532 duce
467 2463 576 2551 aliquo
594 2467 657 2532 iter
679 2485 776 2551 oggre
801 2466 876 2529 itur.
898 2465 960 2528 Hic
981 2465 1083 2540 enim,
1099 2483 1177 2528 cum

103 2547 144 2612 ah
167 2549 261 2612 initio
283 2571 368 2615 viam
390 2559 577 2634 cognoscat,
604 2569 690 2633 quoe
712 2545 753 2610 ad
769 2556 888 2613 metam
908 2555 1053 2629 optatam
1073 2543 1179 2620 ducit,

104 2628 182 2693 illuc
204 2639 290 2695 recta
312 2631 447 2716 pergit3
476 2627 530 2693 iile
551 2640 659 2695 autem
681 2629 741 2693 hac
764 2627 839 2692 illac
860 2627 1043 2691 discurrere
1064 2624 1176 2699 dehet,

106 2709 209 2776 donec
231 2712 327 2790 viam,
350 2733 433 2798 quae
455 2709 494 2776 ad
518 2722 638 2778 metam
660 2711 828 2794 perducit,
851 2709 997 2792 detegat,
1020 2706 1179 2792 illamque

104 2791 317 2878 ingrediatur.

486 2909 725 3022 senfin
740 2954 800 3020 ix

374 3079 610 3146 Praenotiouss
632 3079 673 3145 ds
694 3084 767 3144 arto
788 3076 911 3142 critice
943 3127 949 3142 .

146 3207 196 3272 te.
220 3204 384 3281 Quoniam
407 3200 447 3267 ad
469 3201 608 3268 alicuius
623 3199 776 3265 scientiae
795 3197 1003 3282 adeptionem
1025 3213 1120 3258 veros
1141 3191 1180 3258 ii·

108 3286 242 3352 hrornm
263 3295 411 3351 auctores
432 3303 626 3369 cognoscere
644 3328 653 3358 ,
674 3301 855 3364 eorumque
877 3279 948 3343 ioca
969 3275 1108 3368 ohscnra
1130 3275 1183 3339 in-

108 3369 282 3453 terpretari
305 3367 483 3453 plurimum
502 3363 641 3437 confert,
657 3360 830 3427 nonnullas
849 3358 890 3425 de
906 3360 980 3423 Arte
995 3358 1110 3420 critico
1124 3375 1182 3419 no·

108 3451 212 3515 tiones
235 3448 275 3513 ad
296 3449 418 3516 calcem
431 3449 528 3516 huius
543 3445 683 3531 Logicae
704 3462 866 3528 exponere
881 3442 987 3508 risum
1010 3435 1103 3502 nobis
1117 3447 1179 3501 est.

463 3586 791 3608 ...u-u*

145 3625 155 3665 ¹
176 3629 241 3678 itta.
