2475 3909
196 428 625 550 PltltuSuPlltuu
671 428 928 548 tlrvhhts

380 820 745 893 Eburonas

84 1462 300 1585 Christianae
317 1516 561 1608 Philosophiae
576 1516 820 1606 Compendium
842 1516 940 1586 hisce
960 1512 1097 1586 duobus

49 1618 268 1692 uoluminibus
297 1625 467 1696 inclusum
498 1626 590 1696 idem
620 1635 693 1707 est,
720 1623 829 1713 quod,
858 1623 1040 1713 Episcopis
1061 1637 1099 1691 et

48 1734 298 1822 quamplurimis
312 1736 425 1807 doctis
441 1738 529 1809 viris
543 1737 759 1820 suasoribus,
775 1734 959 1806 caietanus
974 1736 1099 1803 Sense-

49 1842 177 1927 vcrino,
203 1846 377 1937 principis
404 1848 580 1920 Ecclesiae
608 1848 850 1938 neapolitanae
877 1849 1094 1932 canonicus,

18 1960 19 1979 ³
50 1952 284 2033 perficiendum
306 1970 520 2048 susceperat.
540 1960 649 2039 Sane,
665 1967 847 2045 postquam
868 1955 977 2025 edidit
998 1960 1098 2046 qnin-
1218 1995 1219 2002 ι

49 2080 102 2145 que
121 2064 244 2152 priora
266 2065 446 2136 volumina
460 2066 674 2157 percelebris
687 2066 785 2137 illius
798 2068 926 2157 operis,
944 2070 1001 2138 oui
1017 2071 1098 2142 titu-

49 2166 103 2239 lus:
118 2172 340 2267 Philosophia
353 2179 547 2249 chrietiaao
561 2198 635 2249 cum
650 2178 795 2267 antiqua
813 2190 848 2249 et
862 2201 952 2248 notra
966 2200 1101 2271 compa»

49 2290 125 2365 rota,
148 2302 190 2353 ac
213 2284 251 2353 in
271 2286 506 2359 studiosorum
533 2287 806 2359 adolescentium
834 2290 1033 2373 utilitatem,
1061 2293 1102 2362 in

46 2406 135 2471 quum
148 2414 278 2465 revera
298 2417 399 2467 omne
421 2418 522 2468 snum
542 2397 652 2468 otium
666 2396 826 2482 contulit,
844 2398 1021 2469 Elementa
1033 2422 1098 2471 seu

27 2494 276 2586 ,tractantiam
291 2502 530 2599 Philosophiae
543 2506 755 2579 christianae
775 2508 1010 2592 concinnavit,
1027 2533 1099 2582 om-

39 2626 102 2707 nes
115 2610 226 2685 terme
241 2616 406 2705 Neapolis
426 2625 530 2703 atque
546 2614 690 2686 Siciliae
711 2635 891 2687 sacrorum
915 2616 1099 2689 Antistites

22 2741 41 2758 ··
52 2720 233 2799 hortatores
248 2728 382 2813 habuit,
395 2738 432 2798 ut
445 2727 711 2817 quamprimum,
726 2736 773 2812 et,
785 2749 854 2816 qua
868 2729 1034 2820 pollebat,
1047 2732 1100 2801 di-

38 2828 193 2939 §penda
215 2838 475 2929 philosophicas
497 2838 735 2909 institutiones
754 2848 826 2909 tam
847 2840 947 2913 docte
967 2864 1009 2915 ac
1031 2846 1100 2915 ele-

32 2940 160 3043 &anter
178 2970 254 3021 ase
269 2961 433 3023 exaratas
447 2952 485 3021 in
500 2950 742 3041 compendium
756 2952 947 3045 rediperet

36 3063 257 3157 ιςΙιἺοιιιιιιτα
277 3061 416 3153 quidem
438 3062 554 3152 ampla
573 3074 609 3132 et
629 3063 768 3134 erudita
786 3064 900 3136 forma
908 3087 1002 3155 ,qua
1017 3090 1103 3161 qau-

33 3095 137 3273 §lent
153 3175 247 3247 haud
262 3176 316 3245 illi
331 3175 497 3247 brevitati
509 3174 706 3257 consulunt,
719 3194 808 3261 quae
823 3180 1024 3252 necessaria
1034 3190 1100 3264 est,

34 3296 83 3397 Ι«ἕιι
97 3289 196 3359 unius
210 3308 291 3358 annu
281 3286 478 3358 'curriculo
491 3283 773 3355 adolescentibus
778 3286 978 3358 tradantur.
994 3290 1060 3359 At
1050 3313 1103 3360 ru-

31 3376 150 3479 {renes
165 3404 202 3473 in
216 3413 346 3475 sortem
361 3400 498 3473 Domini
514 3399 647 3482 vocati,
669 3399 738 3468 nisi
754 3420 773 3467 e
788 3398 945 3470 lontibus
965 3411 1103 3473 sancto·

33 3482 117 3592 {rum
131 3512 274 3583 Petrum
289 3520 323 3579 et
339 3508 636 3580 scholasticorum
652 3507 836 3577 Doctorum
855 3509 969 3596 prima
989 3509 1103 3597 philo-

34 3596 182 3730 {aptiae
197 3618 392 3692 rudimenta
405 3618 581 3701 hauriant,
598 3615 753 3704 impares
768 3633 913 3705 prorsus
933 3622 1027 3696 sunt,
1043 3613 1104 3701 qui

37 3738 55 3783 ι

32 3790 62 3872 i,
