2475 3909
151 195 214 263 958
513 209 788 259 aaruaoroaoats

114 294 260 363 lamrero
282 318 346 362 non
366 297 476 361 onmia
498 318 633 393 organa,
657 296 796 383 ideoque
824 316 887 361 non
913 318 1025 362 omnes
1049 297 1191 366 l'aculta·

115 391 163 441 tes·
185 382 267 466 ipsis
289 381 444 466 propriae
473 377 506 442 in
528 378 666 463 singulis
698 378 888 444 bominibus
920 388 1055 455 extant,
1077 404 1187 467 neque

112 480 248 545 organa,
270 482 354 546 quae
377 462 411 525 in
432 461 482 524 eis
502 470 626 535 extant,
649 458 763 523 eodem
787 460 883 525 modo
907 463 1132 547 explicantur,
1156 480 1188 529 et

112 542 319 620 evolvuntur3
344 542 545 628 proindeque
568 562 674 625 neque
696 542 842 625 aequalis
861 554 907 607 est
925 541 1189 628 protuberantia·

113 644 186 687 rum
210 646 365 690 numeras
389 625 420 688 in
443 623 582 708 singulis
604 624 770 699 calvariis,
794 646 833 687 ne
857 646 897 689 ue
919 623 1087 709 quaelibet
1111 647 1187 711 pro-

113 704 298 773 tuberantia
321 704 467 771 eiusdem
490 716 538 770 est
560 704 807 788 magnitudinis.
833 646 916 770 ilinc
939 708 993 784 lrt,
1009 717 1044 771 ut
1063 708 1090 770 si
1109 712 1186 793 quis

117 788 254 865 noverit,
272 790 304 853 in
320 785 441 873 quibas
457 786 619 851 calvariae
637 785 889 871 protuberantiis
911 790 960 851 sin
986 788 1056 852 ulae
1081 789 1189 855 lacul-

112 879 195 932 tates
217 870 323 934 locum
346 877 517 953 occupent,
542 870 568 931 is
592 878 698 951 posset
714 889 755 931 ex
771 867 931 933 calvariae
955 892 974 933 o
998 875 1186 938 servatione

113 949 317 1034 singulorum
339 951 508 1015 bominum
533 950 682 1033 ingenia,
704 960 735 1013 et
759 951 990 1034 propensiones
1012 950 1110 1016 facilc
1139 956 1189 1019 in-

96 1034 281 1116 ¹restiqare.
310 1034 459 1116 Namque
485 1029 630 1095 dubitari
655 1032 788 1115 nequit,
816 1034 895 1115 quin
922 1032 1061 1128 quilibet
1083 1034 1186 1100 homo

111 1111 185 1177 illas
207 1115 440 1199 [impensiones
453 1112 582 1188 babeat,
598 1132 683 1197 quae
699 1111 954 1196 protuberantirs
970 1116 1003 1178 in
1021 1114 1115 1179 calva
1131 1138 1189 1181 ex·

111 1193 255 1259 tontibus
277 1195 484 1293 respondent,
498 1216 621 1279 eaeque
645 1194 899 1291 propensiones,
908 1206 1005 1281 prout
1026 1198 1186 1281 protube-

110 1278 236 1341 rantiae
260 1297 363 1359 magis
385 1297 534 1341 minusve
557 1287 698 1359 pateant,
721 1276 988 1354 vehementiores,
1011 1294 1067 1343 aut
1088 1278 1186 1345 debi-

109 1354 209 1422 liores
231 1360 305 1423 sint.
323 1361 393 1423 lloc
414 1369 552 1445 systema
569 1357 774 1443 pbrenolopia
795 1370 852 1423 aut
873 1361 1085 1443 cranioscapia
1111 1362 1182 1426 dici

110 1438 203 1517 solet;
219 1460 357 1526 quarum
379 1460 495 1505 vocum
520 1443 625 1525 prima
650 1439 698 1503 illi
721 1440 889 1515 convenit,
910 1442 988 1524 quia
1011 1444 1114 1506 animi
1134 1443 1186 1507 la-

110 1520 246 1589 cultates
262 1524 374 1587 investi
401 1533 444 1598 at;
460 1522 573 1598 altera,
588 1523 665 1606 quia
682 1521 738 1585 has
753 1542 812 1607 per
827 1520 1002 1606 quamdam
1016 1523 1188 1591 calvariae

111 1602 344 1687 inspectionem
390 1602 575 1686 ignoscendi
598 1603 729 1688 regulas
752 1602 861 1668 tradit.
884 1603 1003 1681 Gallio,
1025 1618 1058 1669 et
1078 1607 1188 1692 Spur-

111 1684 252 1749 zbeimio
276 1685 394 1751 multos
416 1684 598 1749 adhaesisse
624 1696 764 1760 constat,
784 1706 825 1749 ex
846 1684 979 1769 quibus,
1002 1686 1077 1751 licet
1103 1710 1190 1753 uon·

110 1765 192 1830 nulli
216 1768 360 1831 animum
376 1788 393 1829 a
409 1766 544 1831 cerebro
565 1764 665 1832 distin
690 1776 779 1844 uant,
793 1776 898 1831 tamen
921 1788 984 1830 non
1006 1770 1185 1853 pauci,uti

109 1858 246 1932 uterque
267 1847 459 1924 Broussais,
483 1859 591 1932 pater,
613 1860 645 1915 et
666 1786 776 1925 ilius,
798 1846 877 1912 nibil
902 1862 1032 1933 praeter
1053 1870 1184 1937 organa

109 1930 144 1993 iu
166 1931 301 1995 cerebro
323 1930 507 1997 admittunt.

150 2012 219 2076 162.
244 2014 341 2099 Prop.
373 2011 591 2093 l’breaoloqiac
619 2019 752 2095 systema
777 2010 1045 2095 exploratissimis
1071 2026 1185 2078 anato-

107 2094 190 2236 padiae
211 2093 485 2170 obserratioaidas,
500 2104 591 2179 atquc
608 2094 790 2177 praecipuis
808 2092 1023 2177 psqcboloqiae
1045 2094 1183 2161 decretis

150 2190 303 2240 cereatar.

154 2258 311 2322 Probatur
333 2260 438 2344 prima
483 2278 544 2322 ars.
570 2256 658 2321 lnter
680 2256 912 2340 prominentias
933 2257 1050 2332 cranii,
1064 2266 1102 2323 et
1116 2260 1184 2324 cir·

108 2341 368 2405 cumrolutiones
388 2278 529 2413 cerebri,
548 2358 646 2423 quae,
669 2336 847 2433 secundum
868 2337 1104 2435 platanumque,
1127 2362 1181 2406 or·

108 2440 265 2503 genarum
288 2424 381 2487 sedes
403 2431 490 2497 sunt,
512 2440 700 2497 consensus,
716 2439 813 2502 quem
837 2438 900 2506 rpsr
924 2440 1183 2487 commimscun-

107 2514 185 2581 tur,
210 2506 346 2570 minima
367 2504 494 2579 existit;
516 2500 679 2584 siquidem
701 2510 833 2565 externa
857 2500 1047 2585 superficies
1069 2507 1179 2569 emnil

105 2604 171 2646 non
194 2586 354 2661 eamdem,
370 2605 408 2648 ac
422 2583 610 2670 superficies
632 2581 770 2659 cerebri,
795 2580 933 2645 lormam
949 2582 1096 2650 exbibet.
1114 2588 1183 2653 Ne-

106 2686 171 2750 que
193 2668 334 2734 existere
358 2686 449 2753 posse
471 2664 610 2730 ridetur.
628 2664 774 2749 Namque
797 2662 830 2727 1⁰
854 2663 1025 2729 cerebrum
1040 2686 1058 2729 a
1072 2668 1181 2732 thecis

107 2749 209 2811 osseis
231 2752 350 2826 cranii,
375 2750 409 2812 io
431 2746 550 2831 quibus
571 2746 772 2823 includitur,
795 2746 978 2811 seiunctum
1000 2758 1048 2811 est
1068 2749 1182 2825 tribus

105 2832 268 2913 meniapia,
292 2834 360 2895 sire
383 2827 593 2903 membranis,
614 2825 753 2912 quibus,
777 2828 878 2893 veluti
903 2827 1095 2906 involucris,
1120 2830 1184 2897 ob-

105 2912 241 3008 tegitur,
256 2925 353 3000 atque
376 2913 462 2976 inter
481 2910 551 2986 bas,
572 2920 605 2975 et
627 2909 735 2973 thecas
757 2928 866 2975 osseas
886 2909 1005 2974 humor
1023 2912 1183 2978 cerebro-

106 2994 239 3081 spmalis
254 2994 424 3061 interfluit.
439 2990 816 3066 &circumvolutiones
832 2992 901 3056 sive
923 2992 1179 3076 prominentiae,

34 3142 38 3150 ,
105 3097 214 3161 quae,
237 3088 402 3162 tamquam
431 3072 564 3158 quidam
608 3071 700 3150 ibbi,
724 3074 758 3137 in
781 3082 916 3137 externa
937 3073 1065 3139 cerebri
1088 3074 1180 3141 lacie

105 3160 299 3244 spectabiles
321 3168 415 3233 sunt,
438 3167 474 3221 ut
494 3156 564 3239 ipse
622 3154 717 3220 allius
739 3154 774 3219 ia
795 3155 864 3219 suis
885 3154 1040 3239 operibus
1061 3166 1181 3223 anato-

104 3242 200 3309 micis
222 3241 387 3328 probavit,
402 3261 467 3305 uon
489 3247 565 3301 sunt
586 3257 721 3321 organa,
737 3235 793 3301 sed
808 3234 932 3315 formae
953 3248 1107 3304 externae
1121 3259 1181 3303 or-

51 3342 56 3347 *
107 3342 280 3405 gadorum,
303 3342 386 3405 quae
408 3322 443 3385 in
465 3319 615 3383 interiori
640 3316 774 3382 cerebro
795 3316 916 3397 latebt,
938 3338 1086 3406 quaeque
1109 3319 1177 3388 late

108 3404 248 3488 expandi
271 3412 417 3501 possunt,
432 3398 510 3487 quin
532 3420 627 3464 sensu
644 3400 882 3485 percipiantur,
901 3402 1104 3486 multumque
1120 3424 1181 3468 ra-

104 3483 205 3559 riare,
226 3505 305 3567 qum
332 3482 514 3548 lunationes
536 3492 673 3556 cessent,
688 3493 744 3548 aut
765 3481 949 3549 turbentur.
964 3480 999 3550 ³⁰
1020 3484 1180 3550 Innume-

105 3562 154 3623 ris
174 3563 441 3648 Physiologorum
463 3564 701 3646 experimentis
725 3575 927 3649 compertam
949 3574 998 3631 est
1018 3564 1179 3632 laesioni-

109 3640 170 3710 bus
189 3640 331 3720 cerebri,
354 3665 437 3729 quae
459 3646 494 3713 in
516 3644 704 3731 pathologia
724 3656 955 3741 numerantur,
977 3666 1175 3735 nmquam,
