2475 3909
442 169 674 220 nrurnrnoarn
983 111 985 121 Ι
1018 158 1078 225 179

93 256 159 327 232.
181 256 245 323 Pro
271 251 350 320 .2⁸.
368 254 475 318 Posito
496 254 628 333 iudicio,
671 276 711 319 uo
733 254 903 320 intellectus
925 256 1051 343 aliquid
1071 259 1121 339 sc-

62 340 190 405 cimdum
213 277 267 405 cel
280 357 342 400 oon
361 336 536 415 faciendum
558 356 619 401 esec
641 274 796 413 alacrem,
820 338 962 402 voluntas
984 360 1046 403 ooo
1064 360 1121 424 po

60 432 108 485 test
127 442 247 487 mamre
274 418 450 504 indifferens
475 418 517 481 od
541 417 693 501 meldum
720 418 908 499 secundum,
939 420 986 485 rel
1011 432 1121 487 contro

60 502 140 568 illud.

93 584 247 650 Probatur
268 592 378 649 contra
406 589 666 666 propugnatores
692 580 850 647 secundae
872 583 1059 649 sententiae.
1084 585 1120 653 Si

58 677 219 751 postquam
241 664 425 731 intellectus
447 661 591 727 decrerit
610 662 734 749 aliquid
756 683 825 728 esse
847 662 1046 739 laciendum,
1069 664 1121 732 rel

59 768 114 812 non
135 746 334 820 laciendum,
357 745 505 811 voluntas
527 764 560 808 se
581 744 802 811 determinare
830 756 937 831 posset
958 747 998 812 ad
1019 768 1121 844 oppo-

55 828 158 907 situm,
173 826 360 897 huiusmodi
381 826 609 892 determinatio
630 827 862 893 destitueretur
884 829 972 894 omni
986 831 1122 895 rationis

57 923 224 989 momento,
247 910 314 976 sire
336 910 471 982 motivo,
492 908 570 992 quia
592 909 681 973 nulla
701 910 786 974 ratio
810 908 906 988 foret,
928 930 988 975 cur
1008 912 1121 978 volun-

58 1001 99 1055 tas
117 1014 150 1059 se
172 992 213 1058 ad
235 992 422 1077 oppositum
442 990 687 1057 determinaret.
710 990 824 1076 Neque
846 991 913 1057 dici
935 1003 1042 1077 potest
1062 993 1123 1058 hoc

57 1074 210 1143 motivum
231 1071 472 1159 agnoscendum
493 1091 562 1135 esse
585 1074 618 1137 in
640 1094 692 1150 eo,
709 1072 795 1157 quod
818 1074 967 1140 voluntas
981 1074 1026 1141 ita
1040 1075 1120 1141 vult:

57 1174 147 1235 nam,
191 1153 443 1225 uemadmodum
465 1174 491 1219 s.
515 1152 653 1219 Thomas
680 1173 721 1237 ap
744 1156 827 1221 osite
854 1155 1014 1235 advertit,
1038 1157 1121 1222 velle

56 1247 100 1304 est
136 1240 175 1302 ιι·
214 1259 246 1301 m
272 1235 520 1301 meliorandae
547 1235 582 1298 io
602 1236 703 1323 aliqui
733 1257 802 1313 ,ac
824 1237 962 1323 proinde
990 1240 1122 1303 stultum

56 1330 93 1382 ert
112 1260 216 1386 licere
237 1320 317 1404 quod
343 1319 461 1403 uliquis
485 1327 609 1403 oppetat
630 1339 675 1404 pr
716 1328 761 1382 ter
787 1331 925 1403 appetere
941 1320 977 1398 ¹,
1006 1341 1122 1406 nempe

57 1400 248 1469 voluntatem
269 1400 352 1466 velle
376 1409 510 1485 propter
532 1398 638 1483 ipsum
656 1399 749 1465 vele.
765 1402 879 1484 Atqui,
903 1403 952 1468 uti
974 1402 1008 1466 in
1030 1422 1123 1488 prae-

56 1482 176 1550 cedenti
196 1483 419 1629 propositione
445 1490 610 1547 ostensum
631 1491 691 1559 est,
714 1482 862 1547 voluntas
884 1504 948 1549 non
970 1492 1075 1568 potest
1088 1506 1122 1548 se

57 1563 92 1627 ad
112 1563 237 1649 aliquid
280 1564 478 1629 eterminare
500 1563 569 1628 sine
589 1565 723 1630 motivo.
742 1564 840 1649 Ergo,
857 1567 963 1649 posito
985 1565 1122 1641 iudicio,

55 1665 116 1730 qno
138 1646 322 1714 intellectus
342 1643 466 1730 aliquid
488 1643 687 1723 faciendum,
703 1646 756 1712 vei
778 1665 842 1709 non
864 1645 1050 1712 laciendum
1073 1668 1123 1712 es-

54 1728 261 1806 redemerit,
284 1727 433 1795 voluntas
453 1747 516 1791 nun
538 1734 644 1813 potest
664 1746 698 1791 se
720 1725 933 1793 determinare
960 1729 998 1792 ad
1021 1749 1124 1814 oppu-

55 1812 162 1877 situm.

90 1892 161 1961 233.
185 1890 349 1958 Relutatis
370 1887 498 1955 duabus
542 1887 690 1955 rioribus
711 1889 889 1968 sententiis,
903 1890 1033 1956 tertiam
1049 1911 1125 1976 pru·
1220 1940 1224 1947 .

56 1973 260 2061 pugnandam
286 1971 495 2058 suscipimus.
520 1908 565 2037 lu
591 1982 699 2037 autem
727 1971 951 2056 perspicuitati
978 1973 1125 2038 consula-

56 2076 146 2135 mne,
176 2056 333 2121 nonnulla
366 2051 607 2138 praemonenda
639 2072 708 2117 esee
735 2072 911 2118 censemus.
937 2051 970 2117 1⁰
991 2054 1126 2120 Certum

55 2148 100 2202 est
120 2137 323 2204 voluntatem
349 2154 415 2200 non
434 2154 528 2220 posse
549 2135 672 2220 eligere
699 2133 870 2230 quidpiam
896 2136 965 2201 sine
988 2137 1124 2221 praevio

55 2217 176 2286 iudicio
198 2218 347 2296 rationis,
362 2216 441 2302 quia
456 2216 527 2303 ipsa
545 2225 594 2281 est
606 2223 771 2302 appetitus
793 2217 973 2295 rationalis,
988 2217 1126 2303 eiusque

55 2299 220 2368 obiectum
247 2309 296 2366 est
316 2295 482 2384 quoddam
509 2296 656 2376 bonurn,
683 2297 771 2382 quod
798 2298 979 2365 intellectus
1001 2299 1126 2367 iudicat

54 2394 305 2451 consentaneum
325 2400 395 2445 esse
422 2390 551 2446 nostrae
572 2381 742 2445 naturae².

89 2464 125 2528 2⁰
148 2463 338 2541 Indicium,
361 2482 403 2526 ex
424 2482 490 2547 qno
511 2461 660 2527 voluntas
682 2460 722 2525 ad
745 2460 937 2527 electionem
960 2472 1124 2539 movetur,

54 2558 99 2615 est
121 2547 289 2614 iudicium
333 2545 503 2622 rusticum,
525 2564 589 2608 non
612 2562 690 2609 vero
712 2542 963 2629 speculativum
987 2564 1061 2608 nam
1077 2545 1127 2609 iu-

54 2626 180 2694 dicium
203 2564 440 2713 specntldtirum
465 2625 613 2690 consistit
640 2626 673 2689 in
696 2624 953 2709 apprehensione
974 2628 1067 2703 reri,
1090 2648 1127 2691 ac

55 2710 191 2794 proinde
215 2729 279 2773 non
352 2716 414 2773 test
438 2728 571 2773 morere
599 2706 820 2783 rotunutem,
843 2706 937 2772 cuius
963 2706 1127 2774 obiectum

55 2803 100 2858 eet
120 2791 263 2867 bonum,
284 2809 302 2852 a
347 2790 570 2873 operationem
591 2785 775 2883 eligendam
790 2786 813 2851 ⁸.

90 2874 126 2940 3ο
149 2870 328 2939 Huismodi
357 2870 519 2935 iudicium
547 2881 729 2955 practicum
761 2870 876 2956 nequit
902 2890 970 2935 esse
996 2874 1127 2937 univer·

54 2955 129 3032 sale,
153 2966 190 3022 et
212 2951 521 3028 indeterminatum,
543 2952 621 3047 quia
648 2951 819 3038 operatio,
842 2952 911 3017 sive
933 2952 1050 3017 electio
1072 2974 1128 3018 vo-

55 3034 189 3105 luntatis
212 3044 261 3102 est
281 3034 406 3119 aliquid
430 3034 692 3111 determinatum,
708 3043 741 3100 et
778 3034 962 3110 articulare,
986 3034 1128 3120 ideoque

54 3138 92 3184 ex
113 3116 246 3185 indicio
267 3114 528 3194 indeterminato,
544 3126 577 3181 et
596 3050 776 3182 universali
798 3117 880 3181 oriri
896 3138 959 3181 non
981 3126 1085 3202 potest
1101 3120 1125 3181 ⁴.

51 3335 194 3386 actionum
213 3328 345 3388 absoluta,
366 3331 394 3376 et
406 3325 536 3377 obiecttra
549 3324 663 3383 bonitas,
678 3328 725 3375 eut
738 3323 854 3385 pravitas
867 3329 937 3375 esset
949 3329 1127 3391 agnoscenda:

52 3407 88 3466 id,
108 3404 186 3470 quod
206 3400 391 3468 philosophiae
411 3398 506 3448 morati
525 3409 633 3460 prorsus
652 3396 817 3446 adversatur.
1072 3389 1098 3407 '⁸
1126 3390 1151 3406 '⁸

87 3481 97 3514 ¹
119 3480 154 3527 tn
173 3476 222 3526 ut.
243 3476 286 3526 ru
302 3468 342 3523 De
359 3474 463 3529 dmm..
483 3470 548 3520 tect.
569 3466 628 3520 XV.

86 3550 100 3587 ²
118 3545 159 3601 Cf
175 3562 205 3610 p.
228 3544 352 3597 roa-³
374 3544 401 3593 Ρ
418 3542 471 3602 2¹⁸,
490 3557 519 3606 q.
539 3537 611 3599 xlx,
631 3554 658 3591 a.
681 3542 692 3590 i
714 3540 748 3593 ad
767 3538 795 3589 d.

86 3620 99 3659 ⁴
118 3624 154 3674 ln
173 3620 222 3671 uo.
244 3620 287 3672 111
304 3617 465 3677 Delatus„
484 3614 548 3664 lect.
568 3609 641 3665 xvi.

1035 3435 1100 3480 ¹ntra
1119 3430 1152 3478 il-

1002 3517 1027 3555 ,ο
1047 3503 1153 3555 unirer-

929 3679 950 3719 *
964 3662 1023 3714 illd·
