2475 3909
285 239 288 242 ψ
378 175 564 223 nuscanum
586 175 775 223 nnnvnnnns
1010 155 1070 219 lbi

243 299 308 364 (lna.
324 299 359 352 ll.
372 325 405 341 —1
420 304 600 355 Pantbcismue
619 303 764 370 generatim
786 301 923 363 impetitur

86 408 163 476 234.
188 411 238 474 Ex
260 409 412 476 hactenus
425 409 521 477 dictis
535 411 701 478 evidenter
722 408 890 494 colligitur
909 427 1019 472 omnes
1037 427 1113 492 parn-

41 491 240 557 tlxeistarum
261 493 432 576 opiniones
454 494 487 558 in
508 515 548 559 eo
570 493 763 569 consentire,
779 490 866 575 quod
883 489 1005 566 omnia,
1027 511 1111 574 quae

41 584 150 650 sunt,
170 573 230 648 etsi
254 573 375 650 multa,
398 587 430 641 et
450 579 613 643 contraria
640 575 834 648 videantur,
857 593 959 638 unum
981 580 1111 646 tamen,

45 657 204 741 idemque
227 676 294 720 esse
316 668 467 733 statuant,
491 658 577 743 quod
600 679 699 723 unum
721 655 884 743 appellant
905 653 1034 731 Deum;
1058 655 1112 718 sed

44 751 158 803 tamen
181 737 314 803 differre
337 739 416 804 alias
438 741 478 805 ab
494 739 614 807 aliis1⁰
630 763 671 806 ex
687 749 800 805 natura
823 737 920 802 buius
934 737 1030 812 unius
1051 736 1111 811 rei,

45 822 121 885 sive
153 820 268 884 unicae
295 820 516 899 substantiee;
538 845 568 889 e.
592 845 644 910 g.‚
667 820 843 887 secundum
869 820 1019 904 aliquos,
1043 819 1113 901 ipsa

43 918 98 968 est
120 902 302 966 Absolutum
325 915 397 968 actu
421 907 588 982 existens,
611 903 698 991 quod
723 906 857 980 omnia,
888 920 1114 987 quaecumque

44 986 208 1058 existunt,
232 986 264 1048 in
288 1005 321 1050 se
343 987 581 1072 complectitur3
604 983 780 1054 secundum
802 983 896 1061 alios,
919 993 967 1048 est
988 980 1113 1066 aliquid

46 1068 267 1150 impersonale,
290 1078 321 1133 et
342 1070 434 1152 quasi
456 1071 492 1134 ia
512 1072 672 1152 potentio,
694 1067 781 1153 quod
810 1088 868 1153 per
892 1063 1113 1138 successivos,

45 1158 82 1212 et
104 1148 288 1225 indefinitas
310 1162 415 1214 motus
437 1153 579 1250 seipsum
600 1149 781 1226 constituit,
801 1159 832 1215 et
848 1147 985 1233 perlicit.
1007 1143 1041 1210 2⁰
1061 1147 1115 1216 ,Ex

50 1245 168 1298 nature
191 1253 316 1305 rerum,
338 1253 419 1316 quas
440 1254 556 1300 unicae
580 1235 778 1300 substantiae
801 1229 912 1294 modos
934 1238 1059 1304 vocant;
1083 1250 1115 1292 a·

50 1313 88 1376 lii
113 1314 199 1376 enim
227 1334 282 1377 eas
309 1323 471 1411 tamquam
504 1315 628 1393 reales,
657 1317 715 1381 etsi
742 1334 760 1376 a
786 1310 905 1376 Divina
936 1310 1113 1376 substantie

48 1416 116 1458 non
137 1393 317 1471 distinctas;
340 1396 396 1460 alin
421 1407 584 1482 tamquam
602 1398 825 1482 phaenomena,
848 1414 903 1459 seu
919 1393 1040 1458 formas
1062 1411 1117 1474 ap-

50 1488 212 1560 parentes,
235 1475 295 1541 sub
316 1477 438 1561 quibus
459 1480 653 1546 Absolutum
676 1480 819 1562 seipsum
842 1474 1039 1549 manifestat,
1062 1473 1117 1536 ed-

50 1559 195 1624 mittunt.
219 1557 253 1626 3⁰
276 1560 325 1624 Ex
346 1566 484 1637 ratione,
507 1583 572 1647 qna
593 1582 645 1627 res
668 1558 847 1644 singulares
868 1579 908 1622 ex
924 1559 1019 1622 unica
1040 1553 1117 1619 snb-

48 1641 168 1706 stantia
188 1652 349 1716 emmanu
372 1663 401 1707 e.
425 1664 471 1728 g..
487 1664 529 1708 ex
544 1646 702 1711 sententia
724 1640 921 1726 aliquorum,
943 1637 1117 1726 productio

51 1721 165 1787 mundi
188 1731 237 1788 est
256 1723 417 1806 quaedam
438 1728 617 1792 necessaria
639 1723 792 1790 emanatio
814 1721 966 1788 transiens
989 1741 1006 1785 e
1027 1719 1117 1783 Divi·

51 1824 93 1867 na
114 1803 315 1881 substantia;
337 1805 393 1870 alii
416 1828 585 1874 ueroeam
615 1809 649 1873 in
672 1815 851 1894 perpetue,
875 1813 907 1870 et
930 1801 1116 1868 necessaria
1204 1875 1209 1894 ι

50 1886 221 1950 evolatione
242 1888 424 1952 inimaaaate
457 1889 548 1955 illius
578 1890 695 1955 unicae
717 1885 915 1952 substantiae
942 1886 1116 1950 consistere

50 1979 231 2033 autument.
254 1969 321 2033 lam
343 1989 401 2034 nes
424 1972 530 2054 primo
550 2002 555 2014 =
578 1970 747 2037 anibeismi
773 1968 952 2053 generatim
981 1965 1116 2062 inspecti

51 2048 299 2118 abnormitatem
326 2052 534 2131 evincamus,
556 1990 673 2120 deinde
695 2051 854 2140 quaedam
879 2058 990 2115 contra
1013 2047 1118 2113 diver-

51 2153 103 2196 sas
124 2133 196 2196 eius
218 2131 342 2197 formas
363 2131 599 2202 adnotabimus.

92 2214 163 2280 235.
187 2215 284 2300 Prop.
310 2215 531 2280 Ponticismaa
545 2228 588 2281 est
602 2227 753 2302 systema,
795 2214 857 2278 aad
875 2233 946 2278 cum
961 2213 1118 2298 esperim-

51 2296 169 2440 tdiaze't
189 2318 260 2362 cam
281 2296 401 2360 ratione
423 2308 567 2382 puqaot,
595 2300 731 2386 quodque
818 2297 970 2381 pessimas
998 2315 1117 2359 errores

72 2399 123 2442 aar
167 2425 176 2442 .

54 2628 208 2678 Potentiam,
225 2623 419 2686 insinuantium
437 2625 465 2669 et
483 2621 618 2680 Amorem,
634 2619 759 2671 limitibus
778 2620 995 2684 circumscriptas
1013 2620 1116 2673 diversa

54 2699 155 2748 ratione
174 2695 308 2746 exhibent.

89 2771 99 2807 ¹
119 2768 179 2820 Pius
199 2766 246 2818 PP.
268 2763 302 2817 lli
322 2768 391 2816 inter
409 2764 738 2828 potissimostristissiruae
756 2771 862 2816 nostrae
879 2767 992 2820 aetatis.
1011 2779 1079 2831 qnos
1092 2767 1117 2817 in

53 2843 157 2906 Syllaba
176 2841 339 2905 proscripsit,
359 2849 462 2888 errores
482 2835 679 2898 pentheiemum
699 2841 834 2888 recensuit
852 2833 895 2906 (ci
904 2840 961 2890 Atti
980 2835 1117 2904 Pontifieii,

55 2929 81 2977 ρ.
103 2914 145 2971 13,
165 2909 259 2975 Nepoti
279 2906 372 2974 tediis
392 2924 441 2960 nee
455 2922 506 2958 non
521 2911 547 2958 in
561 2904 755 2961 Constitutione
774 2911 923 2974 dogmatica
942 2913 973 2961 de
991 2912 1051 2962 Fide
1070 2912 1117 2962 Ca·

54 2987 164 3043 motam,
187 2987 257 3034 edite
288 2984 313 3032 in
332 2979 402 3033 Sess.
423 2979 457 3031 ΙΙΙ
478 2980 645 3031 Seeromneti
674 2984 839 3033 oecumenici
864 2976 976 3034 Concilii
996 2981 1117 3036 Vaticani

55 3065 145 3109 contra
164 3058 279 3108 diversas
298 3054 456 3118 pantheismi
476 3051 574 3103 tarmes
594 3058 641 3103 boe
660 3056 819 3106 auctoritate
838 3069 885 3104 sua
898 3056 1013 3106 tirmerit
1033 3049 1119 3106 Cauo-

56 3145 112 3181 nes:
133 3151 144 3177 ι
167 3127 193 3180 Si
212 3130 272 3193 quir
289 3129 396 3186 dixerit,
411 3141 491 3176 unam
511 3125 686 3192 eamdemque
706 3141 764 3178 eme
778 3125 834 3186 Dei,
849 3133 876 3177 et
889 3141 978 3178 rerum
997 3127 1118 3178 omniurn

56 3203 238 3258 substantiam,
259 3200 301 3249 vel
320 3203 462 3253 essentiam
482 3197 623 3248 anathema
644 3201 679 3250 rit
700 3219 725 3250 ι.
748 3219 759 3246 ι
782 3197 808 3250 Si
827 3200 886 3264 quis
905 3202 1011 3261 dixerit,
1033 3199 1118 3250 retii-

56 3278 133 3331 nites.
153 3281 208 3324 tum
228 3286 381 3335 corporeas,
402 3277 457 3322 tum
474 3271 634 3332 spirituales,
655 3278 701 3322 sut
713 3273 808 3322 saltem
828 3273 993 3335 spiritualer,
1014 3282 1035 3340 e·
1047 3265 1118 3322 liitt-

57 3361 89 3397 na
107 3347 253 3398 substantia
271 3357 432 3403 emanasse,
456 3348 504 3392 ent
525 3339 645 3394 Divinam
670 3347 812 3395 essentiam
837 3345 878 3396 sui
907 3345 1119 3396 manifestatione
1228 3341 1229 3346 ’

58 3422 98 3469 ret
115 3420 264 3470 evolutione
281 3417 339 3468 fleri
358 3416 467 3475 omnin
499 3419 546 3464 ant
565 3416 680 3480 deniqne
698 3416 782 3467 Deum
801 3430 860 3468 eme
878 3430 925 3468 ene
950 3418 1116 3475 universale,

58 3505 103 3542 sen
122 3491 305 3547 indefinitum,
325 3488 395 3551 qnod
413 3501 470 3538 sere
489 3486 689 3539 determinanda
708 3491 853 3540 constituet
879 3504 970 3542 rerum
989 3489 1116 3541 universi·

59 3570 137 3614 taient
158 3566 183 3614 in
199 3576 315 3626 genera,
336 3563 458 3623 speeies,
478 3563 506 3608 et
526 3558 659 3611 individua
683 3562 835 3612 distinctam
846 3584 855 3624 t
875 3563 1017 3616 anatliema
1036 3561 1069 3614 tit
1091 3579 1115 3621 ‘t

59 3631 122 3691 tan.
140 3638 172 3689 ie
188 3637 243 3690 noo·
261 3647 348 3689 rerum
367 3636 482 3686 omnium
502 3633 599 3694 cient,
621 3627 687 3686 Gen.
708 3625 724 3686 3
743 3640 770 3686 et
789 3635 816 3688 l.
