2475 3909
158 133 218 197 lta
447 147 631 194 rarescocrs
658 145 843 192 marsacis

159 230 193 298 4⁰
217 227 400 297 Secundum
426 230 619 316 pantbeismi
644 228 770 313 placita,
793 227 889 292 homo
912 223 1068 290 libertate
1094 247 1182 312 expo

119 314 244 388 liatur;
267 311 431 396 siquidem
465 314 574 376 omnia
600 333 642 375 ex
670 311 858 375 necessitate
887 309 1029 373 Divinae
1058 325 1181 376 naturae

121 395 345 470 determinari,
369 393 481 468 liuere,
506 415 657 457 emanare
679 393 842 458 dicuntur.
867 393 918 456 Ex
938 413 1006 475 quo
1021 395 1183 477 consequi-

118 489 174 542 tur
199 477 296 542 etiam
318 474 442 541 nullam
464 497 532 541 esse
554 495 644 559 posse
660 474 902 541 distinctionem
920 478 1007 540 inter
1023 477 1184 550 virtutem,

116 573 151 624 et
177 559 316 633 vitium,
340 557 464 624 sublata
486 560 573 624 enim
596 558 759 632 libertate,
783 579 878 622 omne
901 557 1083 622 discrimen
1109 561 1184 624 inter

122 641 260 715 bonum,
283 653 315 704 et
336 638 459 704 malum
481 639 601 705 morale
625 639 760 706 tollitur.

160 719 194 786 5⁰
218 721 376 806 Denique,
400 743 438 786 ne
459 736 574 788 cuncta
598 743 831 808 persequamur
846 722 870 796 ¹,
895 721 1122 805 pantheismus
1144 745 1185 788 so

118 806 269 871 cietatem
302 805 431 868 civilem
461 801 607 871 funditus
635 808 760 870 evertit.
793 805 922 870 Etenim
952 805 1095 870 societas
1124 808 1186 870 sine

119 886 247 972 legibus
274 888 450 952 consistere
484 910 547 954 non
579 899 693 974 potest.
718 888 784 951 lam
808 888 893 970 leges
926 887 958 949 in
985 887 1186 972 pantheismo

120 969 227 1034 locum
251 969 374 1032 nullum
396 967 526 1048 babent,
550 984 617 1036 tum
638 972 713 1054 quia
753 969 783 1030 ui
801 968 904 1054 legem
921 967 996 1041 lert,
1016 968 1058 1033 ab
1082 971 1125 1034 iis
1145 969 1187 1032 di-

120 1055 306 1134 stinguatur
326 1064 466 1136 oportet,
487 1053 607 1137 quibus
630 1053 682 1116 lex
698 990 865 1126 iddicitur,
889 1051 1094 1134 pantbcistae
1116 1073 1187 1116 rero

120 1137 246 1198 entium
270 1134 513 1230 pluralitatem,
540 1149 573 1200 et
594 1134 853 1221 personalitatem
883 1133 1101 1212 inficiantur3
1125 1147 1185 1199 tum

120 1218 198 1302 quia
221 1238 278 1300 qur
301 1216 406 1300 legem
433 1219 612 1293 constitui,
634 1237 761 1280 necesse
783 1227 851 1292 est,
875 1225 911 1279 ul
933 1216 998 1280 illis
1025 1229 1185 1300 praestet,

121 1301 177 1384 qui
202 1298 267 1382 legi
290 1319 404 1383 parere
426 1297 561 1377 debent;
585 1299 617 1364 id
640 1295 726 1382 quod
749 1319 822 1362 cum
845 1298 959 1363 unicae
974 1299 1183 1373 substantiae,

121 1384 189 1446 sive
212 1381 310 1445 unius
330 1381 423 1446 Entis
450 1381 598 1466 dogmate
614 1403 684 1446 -non
708 1382 896 1445 couvenit².
920 1379 995 1446 lnde
1010 1383 1115 1448 etiam
1140 1403 1188 1468 pa-

122 1477 179 1541 tet,
201 1462 370 1559 quodlibet
397 1466 598 1530 auctoritatis
622 1464 834 1547 principium,
856 1464 1027 1560 omnisque
1057 1465 1143 1530 iuris
1162 1479 1188 1528 et

121 1546 219 1614 officii
242 1545 400 1640 regulam,
424 1545 563 1629 ideoque
586 1545 813 1692 quodcumque
836 1545 999 1611 societatis
1024 1547 1187 1612 vinculum

122 1633 159 1696 in
170 1627 370 1713 panthersmo
384 1628 423 1692 de
439 1628 547 1693 medio
563 1630 645 1694 toli.
661 1627 864 1704 Quinimmo,
880 1641 1110 1694 creaturarum
1126 1651 1189 1694 rea·

121 1712 211 1778 litate
233 1722 265 1775 et
286 1712 450 1776 activitate
473 1710 654 1788 destructa,
679 1709 879 1776 Pantheistae
901 1731 996 1774 conse
1020 1723 1143 1778 uenter
1162 1733 1189 1774 e
1228 1759 1229 1790 3

122 1797 204 1861 tiam
224 1791 390 1876 legitimae
413 1795 572 1879 cuiusque
596 1794 804 1880 proprietatis
826 1796 897 1858 iura
921 1733 1094 1869 invadunu
1117 1806 1149 1860 et
1167 1795 1189 1858 i·
1228 1791 1229 1868 ξ

122 1875 184 1942 deo
207 1873 288 1939 illud
311 1896 442 1973 quoque
463 1878 642 2022 pessimum
664 1876 827 1940 societatis
852 1876 996 1952 malum,
1024 1875 1115 1960 quod
1138 1897 1188 1940 no
1228 1873 1229 1888 ¹

124 1961 212 2055 mine
228 1958 407 2075 sociatisque,
424 1980 460 2023 ve
488 1959 675 2023 comunisrni
689 1955 884 2043 appellatur,
897 1979 938 2022 ex
954 1956 1087 2022 illorum
1106 1961 1187 2026 theo

124 2041 183 2106 riis
205 2062 294 2104 emer
319 2041 343 2103 it
372 2089 379 2103 .

163 2111 234 2188 ΞΜ.
258 2061 367 2189 odite.
391 2120 424 2186 1⁰
447 2123 480 2189 Si
502 2133 608 2186 essent
630 2121 713 2186 aliae
728 2118 937 2198 substantiae,
961 2130 1091 2206 praeter
1114 2119 1185 2190 sub·
1228 2123 1229 2184 l

124 2205 272 2272 stantiam
298 2201 478 2281 infinitam,
503 2203 591 2289 ipsae
613 2224 690 2267 sane
713 2201 925 2286 perfectiones
953 2203 1114 2288 quasdam
1136 2206 1186 2270 ba·
1228 2203 1229 2252 t

124 2287 248 2363 berent,
270 2284 388 2373 quibus
411 2284 590 2352 substantia
613 2285 740 2350 infinita
759 2295 893 2350 careret.
918 2288 1019 2372 Atqui
1041 2285 1186 2353 substan
1228 2363 1229 2368 γ

125 2370 189 2437 tiae
210 2367 354 2436 infinitae
376 2371 502 2435 notioni
524 2379 686 2452 repugnat
705 2389 775 2432 eam
820 2365 989 2433 uibusdam
1012 2371 1187 2456 perlectio-
1228 2371 1229 2430 ἲ

125 2451 222 2518 nibus
243 2473 365 2516 carere.
383 2453 471 2550 Ergo
484 2463 645 2534 repugnat
658 2461 769 2515 extare
785 2389 866 2515 alias
880 2451 1074 2517 substantias
1099 2473 1187 2540 prae
1228 2453 1229 2504 ἶ

126 2545 176 2600 ter
195 2534 408 2600 substantiam
430 2533 602 2599 infinitam.
1228 2537 1229 2542 ’

165 2618 236 2683 242.
259 2617 358 2702 llesp.
384 2617 464 2680 oisc.
490 2615 581 2691 mat,
607 2616 651 2679 ita
674 2623 708 2681 ut
725 2614 798 2678 illae
813 2614 1027 2699 perfectiones
1050 2636 1114 2680 non
1129 2615 1187 2679 sint
1228 2615 1229 2674 3

126 2699 160 2763 in
175 2698 245 2765 Deo
268 2698 384 2764 eodem
405 2697 601 2782 modosque
624 2699 656 2762 in
679 2695 868 2763 substantiis
890 2696 930 2761 ab
953 2699 1001 2764 Eo
1017 2696 1186 2768 distinctis,
1228 2691 1229 2764 i

126 2803 208 2848 coac.
231 2783 322 2858 moi„
337 2783 480 2848 nonsint
501 2781 536 2845 in
558 2779 626 2846 Deo
650 2780 745 2846 modo
759 2781 983 2856 eminentiori,
1007 2801 1074 2863 nep.
1095 2783 1185 2850 anais

499 2906 849 2924 mum

164 3000 171 3032 ¹
193 2995 229 3046 lle
250 2996 309 3046 allis
329 2995 487 3057 pantheismi
508 2997 679 3046 consectariis
700 2996 729 3047 cl
747 2997 840 3054 lieret,
857 2998 950 3061 suppio
968 2999 1009 3049 sul
1030 2998 1186 3052 Ραπωὺιπο,

129 3085 197 3122 vrrs.
219 3070 275 3118 ltal.
296 3069 363 3118 mot.
386 3071 453 3123 Cot..
474 3082 499 3116 c.
521 3065 567 3125 Vl,
590 3084 617 3132 p.
643 3069 686 3118 161
711 3084 770 3134 sqq,
790 3067 882 3131 Napoli
907 3070 985 3119 1850.
1228 3115 1229 3136 ,

163 3143 175 3178 ²
197 3141 261 3192 llinc
282 3140 325 3190 illa
347 3140 558 3203 pantheislarum
579 3143 728 3200 enuntiata,
747 3157 814 3206 qnae
830 3145 855 3191 in
869 3143 974 3206 Syllaba
988 3141 1016 3205 (s
1031 3139 1088 3198 Vll,
1102 3157 1131 3192 u.
1145 3143 1187 3200 59,
1228 3145 1229 3202 l

130 3218 176 3273 60,
197 3211 243 3280 ot)
264 3216 408 3276 proscripta
430 3214 610 3270 inveniuntur,
633 3227 742 3278 nempe:
767 3219 809 3265 lus
829 3219 856 3262 tn
876 3216 1004 3264 'putaciola'
1021 3216 1088 3277 sueto
1106 3219 1187 3265 conn'-
1228 3217 1229 3228 ¹

128 3291 182 3342 stit,
201 3294 225 3336 ot
243 3289 331 3335 omnin
351 3287 484 3333 bominum
509 3286 591 3352 officio
618 3295 677 3337 sunt
695 3301 788 3336 nomen
806 3292 902 3344 inune,
924 3294 946 3335 et
965 3290 1052 3336 omnia
1077 3288 1187 3338 bumana

127 3361 197 3420 {aeta
216 3359 281 3406 turta
300 3359 352 3406 uim
371 3357 472 3405 liabent.
493 3359 639 3407 Auctoritas
657 3359 723 3408 nitati
741 3361 815 3410 allud
834 3357 889 3417 asel,
911 3362 962 3408 nisi
975 3361 1076 3408 numeri
1093 3367 1116 3408 et
1135 3375 1188 3408 nea·

126 3430 258 3477 tertullum
276 3431 367 3477 utrium
382 3429 712 3492 minmo.1¹'ortunatasoctt
726 3434 849 3482 i'ni'mttti'c
863 3432 965 3480 nailliim
984 3434 1048 3482 luris
1060 3436 1187 3482 sarmatan

129 3500 308 3547 detrimentum
326 3501 412 3563 affert.
1228 3493 1229 3540 l

167 3565 256 3615 lvid.
278 3571 386 3618 atinent.
408 3568 443 3618 en
464 3568 512 3618 Pl‘.
536 3567 581 3629 lx,
602 3574 723 3626 ,tiammo
743 3577 852 3642 quidem,
874 3573 889 3624 9
912 3571 970 3626 lun.
992 3574 1069 3636 taos,
1091 3576 1118 3626 in
1138 3573 1182 3644 Op.
1228 3589 1229 3594 ’

130 3637 177 3686 cit,
198 3640 250 3689 aare
270 3642 404 3704 concipere,
425 3654 452 3704 p.
473 3639 535 3692 378.
