2475 3909
488 192 740 239 carrenrocoom
1041 170 1101 235 :idi

75 273 204 341 dotibus
232 271 368 359 gaudet,
391 286 594 359 compertum
616 287 665 340 est
687 273 809 339 nuliam
829 273 948 337 iineam
972 269 1143 336 traditioni

75 356 261 441 refragari,
283 355 339 421 sed
361 357 443 421 hanc
471 356 512 420 ab
540 358 693 422 omnibus
716 355 831 453 quevis
853 362 955 418 aetate
979 365 1144 437 acceptam

73 461 155 504 esse.
179 442 223 504 At
245 439 279 502 ui
303 438 342 503 de
365 438 549 504 huiusmodi
571 449 770 513 testimonio,
785 446 820 501 ut
858 435 932 499 auio
948 444 1021 499 ante
1037 448 1142 503 osten-

73 521 200 597 dimus,
222 460 372 586 duhitare
394 518 599 587 nullomodo
621 520 715 586 nobis
738 520 823 585 iicet.
871 538 928 663 ipo
952 516 1142 582 traditiones

73 602 214 684 amplae,
238 612 270 666 et
290 614 469 668 constantes
487 625 545 688 pro
567 606 664 669 certis
686 605 822 667 omnino
843 602 882 665 ha
908 597 1010 663 cudae
1032 610 1117 664 sunt.

110 686 163 750 88.
188 686 302 770 Neque
330 685 419 749 dicas
448 682 555 761 sacta,
579 707 654 750 cum
682 705 740 769 per
769 684 855 767 vulgi
879 703 935 746 ora
958 690 1138 755 transeunt,

72 768 254 852 corrumpi.
289 768 418 833 Etenim
451 767 531 831 haec
564 769 734 854 corruptio
767 765 897 830 evenire
926 774 1030 848 potest
1055 765 1142 829 eirca

70 847 233 935 quaedam
249 848 334 913 levia
351 848 516 925 adiuncta,
533 871 710 935 numquam
731 860 839 913 tamen
862 849 948 910 circa
965 866 1138 921 summam,

70 943 104 997 et
127 934 254 1016 potiora
282 930 435 996 adiuncta
462 930 647 1009 sactorum,
672 930 852 1028 praecipue
877 929 902 993 si
924 928 1002 992 haec
1030 930 1141 1013 magni

70 1014 228 1078 momenti
244 1014 319 1088 sint;
335 1034 410 1077 cum
425 1016 513 1078 enim
535 1025 703 1098 corruptio
726 1012 916 1097 contingere
939 1032 1001 1074 uon
1019 1022 1139 1095 posset,

69 1096 134 1159 nisi
152 1115 193 1159 ex
209 1094 339 1159 testium
362 1096 585 1170 conventione,
601 1094 775 1161 dicendum
801 1092 883 1158 soret
898 1094 1045 1157 homines
1061 1090 1140 1156 dua-

71 1198 144 1240 rum
170 1176 281 1240 saitem
298 1178 546 1260 generationum
562 1179 573 1215 ¹
591 1179 623 1241 in
641 1178 726 1242 iacto
748 1172 985 1271 corrumpendo
1007 1194 1140 1239 concor-

69 1258 175 1334 dasse3
199 1256 299 1343 quod,
321 1271 358 1323 ut
381 1259 539 1337 vidimus,
563 1261 759 1326 constantiae
788 1255 913 1321 ordinis
937 1256 1068 1320 moralis
1091 1278 1138 1320 re-

69 1351 204 1425 pugnat.
230 1338 410 1404 Diversitas
433 1352 540 1406 autern
563 1340 789 1407 adiuncturum
814 1360 877 1402 non
900 1337 1005 1402 sotum
1028 1358 1090 1401 non
1105 1361 1139 1404 e-

67 1423 190 1497 vertit,
214 1419 269 1485 sed
292 1422 419 1506 magis,
449 1423 618 1508 magisque
652 1421 820 1486 confirmat
846 1422 1015 1485 veritatem
1044 1418 1136 1496 iacti;

67 1504 248 1567 certissima
273 1504 361 1569 enim
391 1506 525 1574 veritate
557 1506 674 1571 nititur
696 1502 875 1575 substantia
902 1501 1003 1578 iacti,
1037 1522 1138 1584 quarn

65 1584 215 1651 homines
236 1584 439 1650 diversarum
467 1588 735 1671 generationum,
759 1586 927 1659 iocorum,
952 1595 985 1649 et
1007 1603 1137 1647 morum

64 1666 226 1742 eamdem,
242 1668 318 1731 iicet
332 1666 471 1732 diversis
492 1670 654 1734 adiunctis
675 1677 876 1740 exornatam,
894 1672 1061 1731 testantur.
1077 1665 1136 1730 Ce-

65 1759 183 1824 terum,
200 1749 226 1811 si
243 1747 312 1832 ipsa
328 1749 505 1824 substantia
529 1751 605 1816 sacti
628 1758 903 1832 corrumperetur,
922 1758 999 1813 tuuc
1014 1746 1136 1823 sactum

64 1852 100 1895 re
124 1832 193 1915 ipsa
213 1828 453 1906 destrueretur;
477 1832 563 1897 unde
586 1832 720 1898 traditio
745 1830 785 1893 ad
809 1828 884 1892 iacti
910 1828 1013 1913 ipsius
1035 1830 1137 1913 origi-

64 1933 140 1976 nem
162 1931 226 1976 non
249 1910 458 1988 ascenderet,
483 1914 542 1979 hoc
563 1924 622 1988 est,
646 1934 709 1977 non
731 1921 815 1977 esset
836 1922 1006 1987 constans,
1029 1931 1134 1997 neque

63 1992 188 2058 idcireo
209 2016 248 2058 ex
273 1995 326 2069 iis,
348 2015 431 2078 quae
454 1994 550 2061 iidem
573 2006 748 2060 merentur.

101 2076 155 2143 89.
179 2075 274 2153 Quod
290 2073 329 2139 ad
345 2093 539 2143 monumenta
562 2087 696 2160 spectat,
722 2069 998 2161 praemonendum
1014 2082 1062 2139 est
1076 2094 1134 2138 nos

61 2178 126 2219 non
151 2157 185 2221 in
207 2158 282 2223 aliis
309 2162 526 2226 monumentis
554 2162 618 2223 cim
646 2156 805 2243 probandi
834 2154 918 2221 iacta
945 2154 1132 2239 agnosc'ere,

62 2259 162 2323 quarn
185 2239 218 2303 in
242 2241 306 2313 iis,
334 2259 418 2324 quae
440 2251 514 2305 sunt
546 2242 626 2326 ipsis
650 2241 744 2305 iactis
770 2259 900 2313 coaeva,
922 2246 955 2301 et
976 2259 994 2301 a
1017 2250 1133 2304 cuncto

61 2318 186 2415 populo
208 2320 248 2384 ad
272 2321 404 2405 aliquod
427 2322 582 2399 solemne,
606 2332 637 2386 et
683 2321 830 2386 ubiicum
853 2318 973 2384 iactum
999 2322 1134 2404 posteri·

60 2412 117 2467 tati
143 2402 434 2469 commendandum
455 2406 639 2489 eriguntur.
695 2425 733 2468 oc
755 2424 850 2467 sensu
874 2401 1061 2484 accipienda
1085 2416 1134 2469 est

59 2504 95 2547 se
122 2504 205 2547 nens

132 2586 202 2649 rop.
222 2566 423 2629 irritamenta
443 2578 559 2631 certam
579 2568 728 2631 notitiam
749 2569 902 2651 sociorum
926 2565 972 2629 cei
992 2566 1132 2631 remotis-

57 2647 161 2709 rirnoe
182 2648 383 2731 antiquitatis
403 2649 491 2713 nobis
512 2660 703 2733 comparant.

101 2728 271 2791 Probatur.
286 2729 496 2796 Monumenta
513 2741 669 2796 testantur
681 2730 805 2795 iactum
820 2726 981 2814 quoddam
996 2750 1034 2793 co
1050 2742 1130 2794 tern-

55 2829 152 2954 pore,
167 2829 233 2895 quo
258 2810 312 2874 iiia
334 2822 440 2877 erecta
463 2823 549 2889 sunt,
570 2812 611 2875 ab
626 2812 778 2877 omnibus
800 2831 860 2896 pro
881 2830 958 2875 vero
980 2809 1130 2877 habiturn

73 2894 174 2956 uisse.
196 2893 296 2976 Atqui
319 2892 534 2959 dubitandum
556 2914 619 2958 non
642 2904 702 2970 est,
726 2904 763 2960 ut
784 2892 996 2971 ostendimus,
1019 2892 1058 2957 de
1083 2894 1131 2957 ia-

54 2973 128 3049 ctis,
152 2994 237 3058 qaae
259 2994 371 3039 omnes
397 2976 507 3041 coaevi
531 2998 596 3123 pro
617 2977 716 3041 certis
736 2974 863 3041 habent.
888 2977 977 3060 Ergo
998 2997 1040 3040 ex
1062 2996 1131 3039 mo-

53 3057 223 3120 numentis
243 3065 332 3119 certa
359 3059 502 3144 cognitio
545 3070 691 3126 actorum
714 3057 854 3123 obtineri
878 3068 993 3143 potest.
1017 3061 1059 3124 Et
1081 3078 1130 3122 sa-

53 3158 115 3214 ue,
141 3138 261 3202 nemini
286 3140 337 3202 sui
361 3141 504 3225 compoti
528 3140 562 3204 in
584 3150 723 3205 mentem
746 3140 855 3205 venire
878 3151 985 3225 potest
1007 3139 1129 3205 ineoias

52 3217 228 3285 cuiusdam
255 3217 397 3287 civitatis
419 3222 453 3285 in
474 3243 514 3287 eo
536 3224 723 3309 conspirare
747 3224 910 3309 potuisse,
936 3232 973 3288 ut
995 3221 1127 3309 publico

88 3434 96 3467 ¹
119 3428 241 3481 Diximus
269 3432 380 3480 duorum
408 3434 498 3483 radam
525 3436 742 3497 pancratianum,
768 3432 830 3496 quia
861 3432 1067 3495 generationes,
1093 3448 1125 3483 aa

48 3504 162 3568 proinde
183 3500 271 3552 tineae
291 3504 439 3555 traditionis
463 3519 514 3555 non
533 3506 627 3555 eodem
648 3505 776 3567 temporis
796 3509 931 3555 memento
951 3513 1124 3563 evanescunt,

46 3579 95 3629 red
116 3578 218 3625 aenaim
238 3576 294 3624 sine
314 3588 392 3625 senru
413 3576 462 3627 ribi
481 3578 641 3637 succedunt,
663 3592 724 3629 uam
744 3590 831 3641 senes,
849 3578 909 3636 riri,
922 3578 1040 3637 iuvenes,
1062 3592 1126 3642 pue·

45 3652 70 3705 ri
88 3648 191 3703 codem
211 3652 331 3712 temporo
352 3648 452 3702 riruat.
