2475 3909
492 172 767 234 anrunonouoom
1052 138 1112 201 ΞΠ

85 300 144 344 eas
163 274 300 348 animas,
323 290 406 354 quac
429 268 553 331 ratione
573 269 695 334 carent,
719 248 911 339 corporibus
931 239 1083 335 humanis
1105 235 1154 297 in-

88 354 268 425 formandis
289 352 464 417 destiuatas
490 368 553 411 non
578 343 690 416 luisse;
713 357 787 401 nam
802 354 842 397 ex
856 331 917 395 hoo
932 328 1012 391 istae
1027 338 1154 385 ammae

87 464 105 506 a
128 438 244 505 ceteris
266 428 541 501 discriminandae
569 446 633 490 non
657 432 774 494 esseut,
797 434 899 499 aeque
920 430 957 473 ac
971 406 1155 498 plantarum

87 522 225 595 semina,
246 538 331 603 quae
354 533 530 600 numquam
555 509 589 574 in
610 505 736 594 plantas
759 496 907 570 evadent,
929 514 948 557 a
969 496 1092 578 celeris·
1109 502 1157 545 se-

88 603 253 676 minibus,
276 618 360 685 quae
385 619 419 660 ru
443 592 567 681 plantas
587 593 814 657 succrescunt,
838 577 973 643 minime
995 564 1158 633 discrimi-

88 694 210 749 uantur
224 683 247 743 ¹.

125 766 204 910 ἐξ».
228 764 326 879 Ppop.
348 759 395 826 3³.
418 757 534 820 Animo
558 754 696 817 humanu
719 756 854 817 crentur,
870 756 939 804 cum
962 729 1085 816 corpori
1109 734 1157 790 in-

104 872 122 912 u
169 849 235 911 itur
267 894 273 906 .
1025 870 1031 879 .

87 851 108 929 s
136 926 304 992 Probatur.
320 923 438 986 Anima
451 920 604 994 humana,
621 905 896 999 quemadmodum
918 906 1081 965 ostensum
1097 898 1147 957 est

93 1011 227 1076 initium
255 1008 306 1071 sui
330 1024 391 1069 ease
412 999 530 1066 habere
560 998 699 1081 nequit,
722 1002 894 1075 antequam
924 1002 998 1045 cum
1020 936 1159 1073 coppoii

89 1094 322 1175 coniungatur,
347 1106 451 1169 neque
481 1086 514 1148 in
537 1078 729 1168 corpusculo
762 1069 916 1159 organico
938 1068 1161 1161 praeexistere.

92 1185 208 1260 potest.
234 1173 321 1252 Ergo
348 1179 418 1235 tum
447 1178 603 1238 creatur,
626 1184 698 1227 eum
721 1153 850 1243 corpori
876 1149 1101 1239 coniungitur.
1124 1132 1159 1201 ld

90 1275 135 1320 ex
155 1276 196 1320 eo
217 1252 445 1325 confirmatur,
467 1246 554 1331 quod
577 1246 700 1320 anima,
724 1251 760 1306 ut
780 1260 806 1303 s.
822 1234 960 1298 Thomas
983 1246 1015 1288 ιιι
1040 1226 1102 1297 uit,
1117 1229 1162 1282 rat

88 1356 168 1422 pura
189 1336 300 1419 rpecr'ci
321 1332 509 1405 dumonoc'3
530 1339 565 1395 et
584 1326 742 1412 quoniam
763 1338 838 1408 pars
859 1322 907 1381 est
931 1310 963 1374 in
985 1244 1098 1403 ordine
1121 1300 1161 1363 ad

92 1430 223 1493 lotum,
246 1419 387 1482 animaru
414 1424 484 1479 tum
510 1409 614 1477 creari
638 1413 790 1494 oportet,
814 1419 888 1464 cum
915 1392 1058 1457 homrnrs
1087 1402 1161 1469 pro-

90 1497 223 1566 creandi
248 1508 374 1597 tempus
396 1494 535 1561 advenit.
560 1491 659 1575 Atqui
680 1490 778 1555 homo
800 1485 1006 1569 procreatur,
1029 1487 1103 1531 com
1129 1484 1161 1525 a·

92 1583 180 1647 nima
202 1601 332 1667 corpori
350 1578 573 1660 coniungitur.
589 1576 677 1659 Ergo
699 1570 806 1635 anima
830 1574 906 1629 lunc
929 1562 1072 1625 creatur,
1088 1565 1163 1609 eum

90 1685 151 1730 cor
174 1664 224 1727 ori
245 1661 456 1746 coniungitur
470 1663 495 1722 ⁸.
1020 1712 1027 1727 ι
1139 1707 1145 1720 ¹

176 1746 204 1811 1.
227 1745 323 1812 Circa
345 1757 475 1826 tempus
497 1751 625 1814 autem,
669 1756 712 1801 uo
735 1729 842 1796 anima
864 1716 994 1806 corpori
1018 1705 1164 1809 mluudr-

93 1839 173 1904 tur,
196 1828 342 1894 nonnulli
367 1823 482 1891 docent
503 1821 534 1887 id
558 1820 629 1885 lieri
655 1839 687 1881 in
711 1817 782 1900 ipso
807 1807 900 1872 initio
924 1803 1162 1887 generationis,

93 1926 171 1975 cum
194 1931 324 1997 germen
347 1906 578 1980 foecundatur,
596 1900 645 1964 vel
669 1898 783 1963 saltem
805 1889 912 1955 statim
936 1903 973 1946 ac
995 1870 1165 1967 loetusad

95 1992 208 2069 aliqua
230 2013 331 2077 opera
359 1991 446 2055 ritae
469 1982 651 2073 peragenda
679 1977 817 2044 idoneus
846 1970 899 2033 sit.
924 1969 966 2030 nt
986 1965 1164 2047 sententiae

94 2074 136 2139 D.
152 2076 293 2150 Thomae
317 2073 456 2158 potiores
478 2078 585 2154 partes
605 2055 803 2128 deferendae
820 2050 914 2118 uobis
928 2044 1164 2133 ridenturrqur

93 2158 191 2223 docet
213 2157 355 2221 animam
378 2149 610 2217 intellectivam
633 2141 755 2215 creari,
772 2147 805 2203 et
825 2131 954 2218 corpori
978 2119 1106 2191 iniundr
1132 2137 1165 2179 ιιι

96 2240 162 2306 tine
186 2234 403 2325 generationis
417 2235 444 2310 ’ς
465 2251 582 2316 nempe
604 2246 678 2291 cum
701 2240 819 2303 corpus
841 2214 881 2280 ad
904 2209 1051 2276 debitum
1072 2219 1166 2287 orga-

437 2394 801 2419 m*-

133 2512 142 2548 ¹
162 2509 320 2561 Animarum
340 2504 544 2571 praeexistentia
565 2505 591 2551 in
609 2495 775 2561 corpusculis
794 2491 924 2555 organicis
944 2476 1104 2551 propugnari
1118 2476 1167 2529 url-

94 2585 169 2636 ulme
188 2596 263 2645 posse
282 2581 403 2638 ridetur,
424 2579 488 2641 qrrin
508 2570 629 2625 Concilio
648 2565 817 2620 lateranensi
838 2560 860 2615 V
881 2562 928 2612 eutr
948 2555 1034 2608 Leone
1053 2547 1078 2601 ll
1097 2549 1168 2598 cele.

93 2659 173 2708 brata
190 2659 283 2717 aperte
300 2651 508 2704 contradicatur.
531 2644 662 2709 Expressa
676 2650 791 2702 namque
811 2638 836 2685 in
858 2636 904 2685 illo
922 2632 1036 2682 habetur
1049 2624 1167 2675 animum

92 2728 252 2779 rationalem
268 2740 318 2790 pro
336 2736 494 2788 corporum.
521 2721 610 2783 pullus
635 2714 800 2777 infunditur.
824 2706 984 2758 multitudine
1010 2694 1168 2759 rinpulurcm

93 2816 171 2858 auc,
191 2797 430 2861 multiplicantium,
457 2792 674 2854 multiplicatum,
695 2793 717 2835 et
736 2780 970 2842 multiplicandum.
990 2770 1017 2823 st
1037 2780 1100 2829 ertio
1121 2782 1168 2829 pro

94 2886 239 2934 corporum
260 2868 429 2919 multitudine
447 2864 584 2915 rationalia
608 2860 696 2911 anime
717 2850 916 2917 multiplicanda
937 2853 994 2903 est,
1016 2844 1121 2895 animae
1140 2859 1171 2894 0-

96 2946 199 2995 mnium
213 2942 366 2998 homiuum,
380 2940 426 3004 qui
439 2936 472 2987 ad
485 2936 564 2986 duem
584 2930 669 2996 usque
689 2928 779 2979 muudi
799 2925 928 2977 nascituri
941 2923 1013 2977 eunt,
1027 2928 1080 2967 nou
1094 2917 1170 2967 inere

94 3018 172 3074 initio
191 3015 317 3076 temporis
335 3026 350 3062 a
371 3010 424 3062 [leo
442 3013 559 3060 creatae.
578 3004 680 3070 Quippe
699 3002 720 3051 si
734 2998 812 3050 simul
826 3002 878 3051 iam
893 3004 954 3050 suut
966 2997 1083 3049 creatae,
1100 2991 1169 3040 mui-

96 3091 233 3154 tiplicatae
251 3086 359 3150 quidem
378 3087 439 3134 suut
458 3094 507 3144 pro
526 3080 679 3131 iuturorum
699 3074 836 3123 hominurn
857 3084 979 3125 numero,
994 3072 1021 3117 al
1034 3078 1086 3113 uon
1101 3062 1172 3113 mul-

58 3272 61 3277 .
96 3159 337 3283 t¹pl!ligirldrliniuru
351 3224 529 3291 augustinum
542 3212 659 3288 (animal
671 3220 698 3266 et
711 3216 872 3267 infundendo
886 3220 1003 3269 creatur,
1015 3216 1042 3261 el
1054 3208 1171 3259 creando

98 3305 249 3359 tniuudilur
271 3320 295 3361 ις
317 3305 348 3350 ln
366 3300 411 3349 lib.
434 3298 460 3347 li
478 3296 562 3353 Sent,
583 3290 650 3341 llisl.
672 3287 718 3347 lll,
739 3304 768 3353 q.
789 3287 810 3348 l,
831 3303 858 3339 a.
878 3289 896 3338 l
914 3286 947 3336 ad
969 3286 994 3334 i.

134 3378 255 3429 ’Contu
275 3374 361 3429 Geni..
381 3370 434 3420 loc.
455 3369 502 3418 cit.

134 3448 147 3487 ὅ
166 3448 285 3499 Praestat
299 3449 384 3494 totum
397 3440 541 3491 articulum
555 3436 596 3485 iria
608 3448 631 3484 s.
646 3430 741 3484 Leonis
753 3430 792 3485 Μ.
807 3432 893 3482 verbis
906 3428 1076 3481 concludere:
1094 3446 1104 3468 ι
1119 3421 1169 3477 Ca-

99 3522 199 3573 tlmiica
219 3516 296 3569 Fiden
314 3518 466 3567 constanter
484 3510 632 3574 praedicat,
652 3512 731 3569 utque
752 3506 893 3561 ueraciter,
908 3502 978 3565 qnod
999 3501 1103 3550 animae
1122 3499 1176 3553 ho,-

98 3597 215 3649 minum,
227 3590 379 3654 priusquam
394 3588 448 3635 ruis
462 3584 656 3647 inspirarentur
668 3580 834 3642 corporibus.
846 3590 897 3625 nou
912 3576 987 3625 luere
998 3592 1022 3633 ις
1032 3574 1111 3637 Epiri.
1124 3566 1172 3624 xv

98 3668 136 3722 ad
155 3662 303 3719 tumulum
320 3660 522 3717 Arturlccnrem
542 3670 570 3707 u.
589 3653 607 3704 o
625 3656 653 3703 el
675 3650 778 3703 ro.-³
798 3646 834 3704 Ci
849 3663 876 3715 p.
897 3646 961 3699 aii.
