2475 3909
494 158 575 230 raus
596 159 716 206 rrnrm
1046 145 1089 210 75

67 239 191 325 quihus
211 241 598 340 scientiauproiiciseitnr,
622 264 819 342 processum,
835 265 951 331 nempe
965 246 1129 324 ordinem,

66 344 133 407 quo
154 346 244 390 mens
257 346 298 390 ex
312 325 483 422 principiis
498 326 538 392 ed
554 327 715 395 illationes
734 326 953 413 progreditur,
970 340 1002 395 et
1015 330 1127 404 finem,

65 407 123 492 qui
146 417 195 476 est
214 409 368 484 scientiae
390 409 574 491 acquisitio.
599 413 642 474 ht
662 431 738 476 vero
754 411 842 475 notio
865 411 1005 477 methodi
1021 433 1127 497 neque

65 510 107 552 ex
129 489 314 575 principiis,
337 511 441 576 neque
456 513 497 556 ex
510 491 723 578 acquisitione
741 493 892 558 scientiae
907 495 1124 571 constituitur,

66 570 185 636 sodex
207 571 327 650 modo,
352 595 416 658 quo
443 593 462 636 a
490 575 660 660 principiis
687 573 728 639 ad
756 574 920 642 illationes
941 577 1127 662 progressio

68 652 125 732 iit,
149 655 224 739 quia
247 655 410 741 principia
436 659 665 742 praecognosci
693 655 833 736 dehent,
856 666 889 725 et
910 660 1055 726 veritatis
1075 678 1131 724 eo·

70 737 174 820 guitio
197 737 301 822 ipsam
321 737 503 804 methodum
527 740 747 824 consequitur.
867 800 870 809 .

106 823 141 884 d.
162 817 230 883 lam
252 819 458 906 intelligitur,
474 833 610 906 quantoe
634 823 797 896 utilitatis,
813 821 913 888 immo
929 824 1128 888 necessitatis

68 900 108 966 sit
131 900 164 965 iu
185 923 377 987 unaquaque
399 905 534 970 scientie
556 902 740 971 methodum
762 902 895 980 callere,
910 915 1006 991 atque
1021 926 1080 970 cur
1095 906 1129 969 in

68 980 215 1068 qualibet
236 995 339 1052 aetate
362 985 583 1052 nobilissimus
601 987 738 1072 quisque
747 985 959 1133 philosophus
973 988 1079 1052 nullos
1095 987 1131 1050 in>

68 1065 213 1132 scientiis
235 1088 422 1153 progressus
445 1070 514 1134 sine
537 1069 685 1136 methodo
706 1071 744 1135 ha
769 1069 818 1133 eri
864 1091 934 1135 osse
955 1071 1127 1135 censuerit.

70 1149 174 1233 Perop
218 1163 312 1216 rtuua
344 1153 584 1234 comparatione
616 1152 698 1216 hanc
728 1089 869 1216 methodi
907 1153 1131 1218 necessitatem

69 1252 178 1296 neuun
204 1233 213 1296 i
237 1236 381 1298 veteres¹
404 1233 623 1310 declararunt,
639 1254 766 1316 nempe,
804 1233 1053 1300 uemadmodum
1074 1255 1130 1298 re-

68 1325 208 1390 natores,
234 1315 295 1379 nisi
317 1328 420 1382 certas
442 1317 522 1390 vias,
544 1337 628 1400 quae
649 1315 689 1379 ad
711 1253 819 1380 cuhiie
840 1315 975 1390 ducunt,
995 1335 1132 1399 sequan-

70 1405 137 1469 tur,
157 1396 258 1460 leram
275 1419 449 1483 numquam
465 1398 622 1476 viderent,
639 1419 697 1462 nec
711 1407 872 1484 capereut;
888 1399 932 1464 ita
947 1399 1129 1465 litterarum

69 1477 219 1555 studiosi,
242 1479 304 1544 nisi
327 1479 478 1558 methodi,
498 1491 662 1567 tamquam
685 1481 756 1546 viee
778 1478 947 1546 cuiusdam
969 1481 1009 1545 ad
1030 1477 1132 1543 scien—

69 1562 132 1626 tias
153 1560 379 1646 assequendas,
395 1562 527 1628 ductum
543 1564 632 1648 sequi
653 1562 765 1640 velint,
781 1564 1000 1649 cognitionem
1014 1561 1133 1628 verita-

68 1645 110 1710 tis
132 1665 310 1729 numquam
332 1645 523 1732 arriperent.
553 1699 557 1712 .

266 1769 333 1822 hur.
354 1770 473 1824 ll.-De
493 1773 590 1836 regulis
609 1773 635 1822 in
655 1771 779 1823 methodo
798 1772 932 1824 servandis

107 1881 140 1948 5.
164 1879 273 1945 Prima
287 1880 340 1946 lex
354 1881 492 1946 methodi
510 1882 680 1967 praecipit,
696 1894 735 1947 ut
749 1883 781 1946 in
797 1882 865 1948 veri
880 1882 1128 1966 investigatione

69 1985 88 2027 o
111 1963 198 2026 uotis
219 1962 259 2026 ad
282 1965 412 2049 ignota,
434 1965 522 2040 sive,
546 1975 581 2031 ut
603 1965 669 2030 dici
692 1965 794 2041 solet,
816 1985 834 2028 e
856 1963 956 2045 megin
983 1967 1065 2028 notis
1091 1961 1131 2027 ad

70 2045 177 2110 minae
200 2057 272 2108 noto
294 2044 550 2130 progrediamur.

109 2126 142 2192 c.
166 2124 217 2189 hd
245 2128 326 2193 hanc
353 2128 501 2214 regulam
530 2127 774 2214 intelligendam
807 2123 966 2212 quaedam
999 2148 1131 2192 monere

113 2216 212 2272 rest.

70 2228 147 2355 pa1⁰
165 2287 327 2357 Veritates
348 2291 448 2374 mopis
468 2301 557 2356 notor
580 2301 713 2377 possunt
737 2311 805 2355 esse
833 2290 884 2356 vel
912 2291 1015 2372 magis
1039 2288 1152 2357 notae*

71 2381 288 2450 tutoresne,
310 2373 377 2437 sive
404 2371 560 2452 obsolute,
582 2373 634 2438 vel
655 2373 759 2458 magis
783 2381 877 2438 notae
904 2367 1003 2436 nohis.
1027 2371 1133 2456 Magis

74 2465 167 2522 uotae
187 2466 300 2518 amaru
320 2475 377 2520 suo
397 2467 553 2522 vocentur
574 2455 667 2532 illae,
693 2475 775 2552 qnae
799 2455 831 2519 in
853 2474 887 2518 se
909 2473 1038 2518 cansam
1059 2473 1136 2517 con·

75 2537 200 2610 tinent,
221 2557 348 2621 exque
371 2537 453 2602 aliae
478 2537 632 2604 veritates
660 2545 822 2613 emstunt3
851 2544 884 2600 et
908 2535 1013 2619 magis
1039 2543 1133 2599 netee

73 2617 161 2682 nohis
183 2617 337 2684 dicuntur
360 2619 453 2694 iliae,
472 2640 552 2704 quae
575 2616 668 2684 nohis
690 2618 869 2682 inserviunt
889 2625 1053 2700 tamquam
1068 2635 1134 2681 me-

75 2699 168 2766 dium
195 2699 235 2766 ad
267 2699 405 2768 aliarum
433 2703 606 2767 veritatum
639 2700 856 2787 coguitionem
887 2696 925 2761 ad
948 2694 1133 2763 uirendam.

77 2781 144 2846 lam
164 2803 206 2848 ex
227 2782 423 2868 philosophis
442 2783 587 2848 nonnulli
611 2792 725 2869 putant
745 2780 839 2858 illud,
858 2800 901 2877 qu
964 2791 1011 2846 est
1029 2780 1133 2844 notius

76 2874 188 2928 notura
208 2886 285 2942 een,
307 2885 375 2930 esse
397 2886 525 2949 quoque
546 2867 648 2930 notius
673 2864 769 2940 nohis,
791 2875 824 2932 et
845 2862 1005 2939 vicissim3
1027 2883 1057 2928 e.
1081 2882 1131 2947 g.,

80 2944 178 3023 Deus,
200 2946 258 3033 qui
279 2958 327 3016 est
346 2959 461 3011 notura
480 2946 583 3031 magis
606 2957 711 3023 notus,
726 2966 823 3033 quam
844 2965 895 3010 res
915 2944 955 3009 ah
978 2947 1026 3011 Eo
1047 2964 1135 3008 crea-

79 3037 141 3106 tae,
163 3037 357 3114 estquoque.
371 3029 474 3114 magis
495 3039 590 3093 notus
610 3028 714 3106 nohis,
729 3048 825 3114 quam
843 3047 895 3092 res
916 3026 956 3092 ab
978 3027 1026 3092 Eo
1047 3045 1135 3091 crea·

80 3119 140 3174 ue.
162 3110 271 3186 Quare
293 3108 468 3176 seeundum
492 3111 579 3194 ipsos
599 3131 688 3175 mens
709 3118 817 3175 nostra
830 3107 936 3174 Deum
955 3111 1062 3194 ipsum
1077 3127 1135 3192 per

80 3209 134 3268 se,
157 3200 189 3256 et
208 3213 259 3257 res
289 3201 410 3257 creatas
438 3212 498 3278 per
523 3192 627 3256 [lenm
650 3192 824 3276 cognoscit.
847 3191 913 3256 lilii
934 3213 951 3256 e
972 3188 1141 3254 contrario.

79 3271 196 3340 docent
218 3273 263 3352 id,
286 3274 371 3372 quod
393 3285 442 3340 est
466 3277 703 3338 nocimentum
727 3295 795 3352 ron,
817 3293 885 3338 esse
906 3275 939 3339 in
962 3273 1059 3338 initio
1079 3291 1137 3336 no-

80 3365 165 3422 strae
185 3355 381 3440 cognitionis
403 3355 512 3422 minus
532 3369 645 3422 notum
664 3355 773 3430 nohis,
795 3368 828 3422 et
847 3355 1011 3432 vicissim;
1036 3375 1066 3418 e.
1089 3375 1135 3435 g..

81 3436 185 3517 Deus,
207 3440 265 3524 qui
286 3449 335 3504 est
355 3439 459 3524 magis
479 3447 573 3503 notus
595 3447 707 3502 natura
728 3456 809 3514 sua,
829 3456 928 3520 quom
953 3457 1003 3507 res
1025 3436 1066 3504 ab
1087 3439 1139 3506 Eo

114 3631 123 3669 ¹
145 3622 181 3683 et
196 3639 261 3694 prae
279 3627 376 3680 ceteris
395 3622 480 3681 Ctem.
501 3625 590 3689 Alex„
610 3628 719 3690 strom„
739 3629 785 3680 tth.
805 3626 827 3690 t,
847 3642 873 3682 e.
892 3627 923 3688 ἓ.
