2475 3909
167 177 207 241 36
562 192 766 242 sourcns

123 286 182 341 est.
207 276 303 339 Ratio
324 284 394 350 est,
417 273 494 361 quia
517 276 544 339 si
567 274 731 361 quoddam
754 277 946 343 attributum
969 274 1105 342 vereda
1129 290 1210 344 toto

123 359 275 421 universe
299 356 489 432 affirmatur,
513 376 576 421 nou
599 366 706 440 potest
726 358 840 443 negari
861 357 902 421 de
925 369 1034 441 parte,
1055 381 1141 443 quae
1168 362 1208 422 in

123 447 191 501 toto
213 438 410 513 continetur;
431 446 476 513 et,
498 438 526 501 si
550 438 715 521 quoddam
730 439 923 505 attributum
945 460 1021 504 vere
1042 440 1082 504 de
1106 452 1210 523 parte

124 520 314 596 affirmatur,
338 540 401 582 non
424 526 530 604 potest
550 520 584 583 in
609 521 799 584 universum
821 518 861 582 de
884 530 951 584 toto
973 522 1099 605 negari,
1116 520 1213 584 atio·

122 601 203 682 quin
227 599 314 664 idem
335 598 375 662 de
397 598 510 663 eodem
531 600 629 663 simui
652 600 884 675 affirmaretur,
907 612 939 666 et
963 612 1152 686 negaretur.

163 680 214 745 85.
238 681 492 746 Enunciationes
514 682 690 744 contrariae
711 681 809 745 simui
831 702 926 745 verae
948 702 1017 745 esse
1039 705 1104 747 non
1127 702 1214 765 pos-

123 769 219 835 sunt;
242 782 338 835 nam,
362 783 436 826 cum
459 762 493 826 in
515 782 580 826 una
604 761 734 827 iliarum
761 760 954 826 attributum
982 762 1022 827 de
1050 763 1212 829 subiecto

121 841 275 906 universe
297 843 489 918 affirmetur,
513 843 548 907 in
571 843 672 909 altera
693 843 844 906 universe
866 851 1022 925 negetur,
1046 866 1110 907 non
1133 847 1211 910 nisi

124 921 279 987 alterutra
304 934 500 1009 potestesse
523 944 614 1001 vera,
629 925 707 1009 quia
729 921 815 987 idem
835 921 876 987 de
899 922 1015 987 eodem
1037 935 1093 989 aut
1114 926 1213 990 affir-

122 1012 252 1079 metur,
277 1014 334 1070 aut
354 1016 493 1090 negetur
512 1014 652 1089 oportet.
676 1005 743 1068 Eae
765 1015 875 1068 autem
902 1002 954 1067 vei
980 1013 1055 1069 sunt
1079 1006 1211 1073 ambae

121 1081 236 1159 falsae,
259 1088 287 1151 si
310 1106 425 1181 nempe
447 1087 642 1152 attributum
663 1085 707 1148 sit
727 1087 929 1168 contingens,
953 1088 1001 1150 uti
1026 1087 1060 1149 in
1081 1086 1145 1150 hoc
1172 1110 1213 1151 e-

122 1166 278 1249 xemplo,
303 1169 414 1232 Omnes
436 1167 526 1231 homo
547 1179 589 1231 est
612 1168 739 1243 iustus,
760 1165 878 1229 Notius
899 1166 988 1232 homo
1010 1179 1054 1230 est
1075 1170 1211 1243 iustum

82 1258 88 1276 t
121 1245 173 1307 vet
195 1267 260 1309 una
284 1248 413 1314 iliarum
435 1258 484 1314 est
504 1270 599 1325 vera,
621 1247 722 1311 attera
743 1245 843 1322 falsa,
866 1248 914 1311 uti
937 1248 970 1311 in
993 1248 1051 1312 hoc
1074 1248 1143 1312 atio
1171 1274 1213 1315 c-

121 1328 273 1411 xcmplo.
298 1331 410 1395 Omnis
437 1331 526 1395 tomo
547 1341 591 1395 est
612 1329 733 1392 ratione
750 1327 935 1409 praeditus,
958 1329 1076 1396 Nullus
1104 1330 1212 1396 homo

122 1418 166 1468 est
188 1411 304 1472 ratione
320 1411 494 1496 praeditas.

161 1488 211 1552 86.
237 1490 404 1576 Denique,
425 1492 513 1577 quod
535 1489 575 1555 ad
598 1490 831 1555 subcontrarias
854 1490 991 1568 attinet,
1014 1490 1072 1555 hae
1095 1492 1210 1558 simul

120 1564 220 1633 falsae
243 1592 312 1636 esse
334 1593 398 1636 non
421 1583 565 1657 possunt,
588 1592 663 1635 nam
683 1570 733 1635 vei
748 1582 823 1634 sunt
840 1569 954 1635 ambae
968 1591 1077 1645 verae,
1096 1571 1210 1658 idque

120 1651 241 1725 evenit,
264 1652 292 1716 si
314 1652 508 1719 attributum
529 1663 578 1717 est
599 1655 806 1736 contingens,
821 1673 850 1715 e.
868 1673 914 1736 g,
929 1652 1037 1737 Aliqui
1053 1652 1210 1721 turnines

121 1743 195 1793 sunt
216 1734 380 1819 rapientes,
401 1736 511 1822 Aliqui
533 1734 670 1799 homines
695 1753 758 1796 aon
777 1745 848 1796 sunt
870 1736 1035 1815 sapientem
1057 1734 1108 1798 vei
1131 1756 1211 1801 nna

120 1829 236 1876 aarum
256 1824 305 1881 est
324 1837 418 1895 vcra,
440 1829 472 1883 et
494 1818 593 1882 attera
614 1814 707 1890 falsa,
721 1811 822 1898 idque
835 1815 956 1892 evenit,
978 1816 1006 1878 si
1028 1813 1211 1908 praedica-

119 1900 192 1954 tum
212 1905 261 1961 est
282 1901 514 1975 necessarium,
537 1918 566 1963 e.
585 1918 635 1982 g„
659 1896 782 1979 Aliquis
796 1896 884 1959 domo
905 1907 949 1958 est
969 1904 1090 1960 rotrone
1101 1915 1213 1979 prue-

119 1971 217 2053 ditus,
240 1978 366 2064 Aliquis
387 1980 477 2044 horno
497 2000 559 2044 noa
583 1989 628 2042 cst
649 1982 768 2040 ratione
785 1975 962 2060 praeditus.

159 2055 212 2119 87.
235 2058 412 2125 Conversio
433 2071 541 2125 autem
562 2059 802 2124 enunciationis
823 2067 873 2122 est
893 2058 965 2120 eius
988 2058 1125 2122 mutatio
1153 2061 1212 2123 ef·

119 2132 207 2198 fecta
229 2159 293 2223 per,
312 2143 594 2225 transpositionem
616 2142 843 2213 terminorum,
867 2158 940 2201 nem
965 2159 983 2201 e
1005 2140 1149 2203 subiecti
1169 2143 1210 2205 in

117 2212 228 2282 lucum
250 2220 442 2307 praedicati,
464 2232 496 2287 et
545 2219 700 2287 raedicati
721 2221 756 2283 in
777 2221 886 2284 locum
906 2159 1057 2284 audienti.
1081 2220 1121 2287 Ε.
1150 2242 1208 2305 g„

117 2294 199 2363 haec
225 2304 438 2381 enuncians,
470 2240 589 2368 Noites
614 2302 704 2367 homo
731 2312 774 2365 est
797 2300 900 2383 lepis,
929 2300 1132 2366 convertitur
1169 2305 1224 2390 ing

118 2376 223 2457 hanc,
250 2382 367 2450 Nullas
394 2385 475 2469 lapis
501 2397 546 2449 est
575 2384 674 2448 temo.
706 2383 917 2469 Perspicuum
945 2393 1054 2448 autem
1081 2392 1132 2445 est
1168 2384 1222 2454 int

119 2466 330 2530 conversione
356 2466 594 2532 enunciationis
619 2464 807 2550 qualitatem
827 2460 1018 2527 mutandam
1032 2482 1095 2526 non
1109 2473 1221 2542 esse,t

119 2541 266 2627 alioquin
280 2568 345 2612 non
362 2548 546 2625 conversio,
562 2546 619 2613 sed
632 2546 794 2632 oppositio
808 2544 992 2610 haberetur.
1008 2541 1221 2629 Aliquandot

107 2633 239 2703 autem,
257 2640 295 2695 ut
315 2629 554 2695 enunciationis
573 2628 692 2694 veritas
706 2636 845 2702 maneat,
860 2626 1022 2708 quantitas
1036 2627 1210 2695 mutanda

119 2715 189 2782 est,
214 2707 313 2794 idque
335 2712 466 2785 evenit,
488 2731 562 2775 cnm
585 2708 809 2796 praedicatum
835 2705 933 2770 iatius
953 2715 1064 2803 patet,
1091 2726 1208 2789 quam

119 2787 314 2857 subiectum.
333 2792 411 2857 Inde
431 2792 539 2856 oritur
551 2791 595 2855 du
621 2791 675 2854 lex
688 2790 813 2875 speeies
828 2788 1059 2861 conversionis,
1075 2807 1208 2875 nempe

118 2869 265 3013 snndptcm,
288 2883 322 2940 et
338 2894 397 2957 per
417 2872 569 2936 occidens.
592 2810 770 2937 Eonversio
793 2867 928 2963 simplex⁸
947 2889 986 2933 ea
1000 2878 1061 2945 est,
1076 2869 1111 2931 in
1126 2890 1207 2954 qua

118 2970 158 3014 ca
180 2973 232 3016 em
251 2956 416 3040 quantitas
437 2954 608 3031 retinetur,
631 2974 660 3016 e.
682 2973 729 3036 g„
752 2950 870 3017 Nullas
891 2950 1029 3015 careatus
1051 2960 1095 3012 ert
1116 2971 1207 3033 qun-

118 3032 257 3113 dratnm‚
281 3035 415 3099 Nullum
437 3034 625 3119 quadratum
646 3046 690 3098 ert
711 3032 871 3108 circutos,
893 3030 944 3095 vel
965 3032 1083 3116 Aliqua
1105 3036 1206 3098 votu-

114 3130 187 3196 μοι
210 3130 254 3182 est
276 3118 410 3194 bonum,
431 3116 556 3200 aliquod
583 3116 698 3179 donum
719 3124 762 3178 est
784 3112 939 3197 uoluptas.
963 3114 991 3177 E
1012 3117 1203 3194 contrario,

119 3201 285 3264 conversio
303 3218 362 3281 per
383 3198 522 3262 occidens
545 3196 602 3262 illa
623 3205 684 3272 est,
707 3195 743 3259 in
764 3214 829 3279 qna
850 3194 1012 3278 quantitas
1031 3204 1203 3275 mutatur,

119 3301 149 3342 e.
173 3302 218 3367 g,
243 3281 354 3347 Omnis
377 3280 466 3343 homo
489 3292 532 3344 est
555 3278 678 3344 animat
691 3325 699 3355 ,
723 3276 857 3363 Aliquod
883 3274 1002 3338 animat
1021 3282 1064 3337 ert
1086 3272 1207 3420 tama(
