2475 3909
142 156 180 223 16
542 170 741 223 tuerere

240 276 307 333 Aur.
329 276 375 333 Ἠ.
388 278 469 333 -Dc
488 285 640 347 categoriis,
660 286 688 331 et
706 283 823 345 primurn
842 278 1037 334 insubstantia

138 390 189 457 26.
216 389 405 471 categoriae,
429 408 487 453 seu
510 385 872 464 praedicamentorum,
897 395 934 452 ut
951 386 1110 462 diximus,
1135 391 1177 454 ii·

98 468 149 538 lae
171 492 343 559 supremae
368 470 526 545 notiones,
542 470 583 535 ad
599 490 679 556 quae
694 469 844 535 notiones
863 478 1045 534 ceterarum
1058 490 1175 535 rerum

98 563 304 620 revocantur.
330 552 493 617 Dicuntur
519 554 619 617 etiam
640 570 787 634 supremo
804 551 1008 635 praedicandi
1038 572 1175 635 genera,

99 637 178 721 quia
192 634 452 720 complectuntur
472 634 594 707 omnia,
615 654 699 717 quae
722 632 761 697 de
783 633 882 698 rebus
899 633 1094 718 praedicari,
1110 653 1177 699 seu

99 718 270 783 enunciari
287 724 431 801 possunt.
448 712 566 778 Decem
582 715 671 809 ipsae
686 724 771 790 sunt,
786 735 870 800 qnae
885 717 1047 781 recenseri
1067 716 1177 783 soient

99 800 184 864 huno
208 800 242 862 in
265 796 421 861 modum:
446 795 631 890 substantio,
654 796 834 881 quantitas,
856 797 992 874 relatio,
1014 796 1178 882 qualitas,

100 882 192 958 ectio,
209 880 330 961 passio,
352 877 419 954 ubi,
442 878 575 963 quando,
598 886 699 954 crtus,
722 886 754 942 et
776 877 910 944 inbitur.
933 880 1082 955 Quatuor
1103 881 1179 965 pri·

100 982 171 1027 inae
193 970 317 1026 tanturn
337 959 391 1023 hic
406 980 423 1022 a
440 957 533 1023 nobis
548 958 765 1043 explicantur,
789 960 936 1045 reliquae
958 961 1177 1037 omittuntur,

101 1055 171 1109 tum
193 1041 281 1128 quod
303 1042 412 1127 penitn
441 1062 553 1104 eorum
581 1041 726 1124 cognitio
752 1040 792 1105 ad
814 1042 952 1127 Logioae
981 1062 1077 1106 usum
1104 1064 1177 1106 non

100 1126 255 1210 pertinet,
278 1135 348 1189 tum
370 1122 457 1207 quod
479 1121 519 1186 de
540 1120 607 1187 iliis
627 1124 859 1208 opportunius,
881 1134 914 1189 ct
936 1122 1069 1188 iaeiiius
1089 1123 1180 1189 alias

100 1206 304 1273 tractandum
326 1200 419 1268 nobis
438 1206 514 1269 erit.

141 1288 192 1352 27.
216 1287 284 1351 iarn
305 1282 481 1351 substantio
502 1285 547 1349 ita
568 1282 739 1348 definitur:
763 1285 839 1362 ne,
865 1287 919 1349 eui
943 1286 1084 1349 eonoem't
1105 1306 1177 1349 esee

99 1369 134 1431 e'n
155 1370 325 1451 ee,ue1per
344 1370 458 1442 re,hoc
478 1376 536 1443 est,
558 1387 620 1441 res,
637 1366 689 1428 eui
713 1386 772 1428 ease
795 1369 841 1431 ita
860 1368 1022 1443 convenit,
1038 1377 1075 1434 nt
1088 1367 1121 1432 in
1138 1389 1179 1431 a·

99 1448 156 1525 iio,
181 1461 346 1536 tamquam
368 1450 401 1512 in
424 1444 588 1524 subiecto,
603 1467 666 1511 non
682 1446 859 1514 inhaereat.
884 1450 911 1513 E
933 1451 1109 1527 contrario,
1131 1449 1180 1512 ii-

100 1529 169 1609 lud,
193 1532 249 1596 cui
271 1532 423 1596 convenit
443 1551 504 1595 esse
527 1531 561 1594 in
583 1527 661 1606 aiio,
683 1548 800 1614 nempe
822 1531 867 1596 ita
889 1539 926 1595 ut
940 1530 974 1596 in
989 1529 1066 1608 alio,
1089 1541 1176 1595 tam-

100 1632 199 1697 qnam
221 1611 380 1688 subiecto,
406 1612 585 1688 inhaereat,
608 1619 744 1674 vocatur
764 1612 904 1675 reddens
920 1612 944 1675 i.

140 1695 192 1761 28.
217 1696 268 1759 Ex
288 1693 338 1756 his
359 1693 556 1780 perspicitur
577 1692 745 1757 notionem
767 1692 967 1759 substantiae
986 1714 1029 1757 ex
1042 1713 1081 1757 eo
1096 1712 1179 1757 con-

100 1776 207 1851 stitui,
230 1773 318 1860 quod
338 1795 390 1839 res
412 1775 528 1842 habeat
549 1795 622 1850 esse,
637 1773 717 1857 quin
734 1772 859 1859 indiget
871 1774 1032 1850 subiecto,
1051 1775 1106 1840 cui
1121 1776 1179 1840 in·

100 1856 253 1935 haereat,
280 1878 343 1921 non
366 1868 474 1924 autern
496 1879 538 1921 ex
559 1877 621 1933 eo,
643 1852 730 1939 quod
753 1875 817 1919 non
838 1855 984 1941 indigeat
1007 1877 1127 1934 causa,
1153 1879 1177 1921 a

27 1992 29 1995 .
100 1959 166 2022 qua
188 1938 336 2024 pendeat.
360 1938 445 2004 lttud
465 1940 567 2015 enim,
590 1934 678 2023 quod
701 1955 718 1998 a
742 1956 838 2001 causa
859 1958 922 2002 non
938 1937 1068 2023 pendet,
1091 1936 1180 2001 diei-

101 2028 155 2084 tur
176 2041 243 2085 esse
266 2040 329 2084 non
351 2022 456 2085 solum
478 2022 514 2084 in
535 2042 576 2098 ee,
598 2017 655 2084 sed
676 2017 814 2082 etiamn
835 2040 876 2097 ee,
891 2018 978 2105 quod
993 2021 1094 2085 soiius
1109 2017 1177 2085 Dei

101 2121 162 2184 pro
188 2102 275 2165 rium
298 2111 356 2165 est.

142 2122 194 2247 28.
217 2180 403 2248 Substantia
423 2191 531 2247 eutem
554 2190 603 2246 est
623 2189 680 2245 aut
701 2182 823 2264 primu,
846 2191 902 2248 eut
927 2182 1070 2247 secundo.
1093 2183 1178 2246 Pri-

100 2282 153 2327 mo
173 2263 360 2341 substantio,
383 2284 467 2347 quae
488 2265 655 2329 notionem
677 2263 841 2351 perfectae
863 2262 1060 2330 substantiae
1081 2264 1180 2328 exiri-

100 2342 166 2423 bet,
190 2354 239 2410 est
261 2343 480 2422 individuum,
503 2365 631 2431 nempe,
653 2358 691 2412 ut
712 2345 901 2412 Aristoteles
921 2346 1041 2490 inpuit,
1061 2346 1117 2409 hoc
1138 2370 1178 2408 n-

100 2425 213 2513 liquid.
237 2426 365 2512 Species
386 2438 518 2505 autem,
541 2438 575 2493 et
597 2446 714 2512 genera
736 2425 891 2494 dicuntur
917 2448 955 2491 en
975 2429 1106 2491 stantiae
1127 2450 1178 2491 se·

100 2510 229 2585 eandm
245 2510 323 2573 haec
337 2508 425 2573 enirn
439 2530 504 2574 non
517 2508 637 2574 habent
650 2530 714 2574 esse
728 2510 763 2572 ia
777 2532 820 2587 ee,
832 2510 894 2574 nisi
918 2518 1016 2593 prout
1037 2509 1070 2573 in
1086 2507 1177 2573 indi-

101 2589 203 2656 viduo
224 2590 491 2657 determinantur.
516 2593 554 2657 E.
580 2613 628 2677 g.,
648 2590 827 2655 humanitas
848 2612 913 2655 non
933 2591 996 2655 nisi
1010 2592 1045 2655 in
1059 2591 1175 2669 Petro,

101 2683 158 2738 aut
177 2674 210 2737 in
234 2672 346 2747 Paulo,
369 2682 426 2739 aut
446 2674 478 2738 in
502 2674 568 2737 aiio
590 2673 708 2758 quovis
729 2670 859 2736 homine
874 2694 909 2737 re
925 2673 995 2756 ipsa
1010 2671 1173 2738 subsistit.

47 2753 51 2763 ’
141 2755 192 2819 30.
216 2754 403 2821 Substantia
423 2755 533 2840 primo
546 2766 607 2830 est,
623 2775 707 2839 quae
722 2755 861 2839 primam
877 2755 1079 2852 categoriam
1093 2774 1174 2819 con-

101 2836 216 2901 stituit.
241 2840 282 2902 nt
304 2856 381 2901 vero
406 2837 488 2923 ipsa,
511 2846 609 2922 prout
630 2836 792 2922 categoria
813 2846 873 2914 est,
893 2835 1084 2922 accipienda
1105 2857 1175 2902 non

135 3038 146 3078 ¹
165 3042 301 3101 deridens,
321 3045 354 3095 de
372 3058 426 3108 quo
444 3046 488 3097 hie
507 3048 626 3109 agimus,
647 3049 745 3101 dieitur
763 3056 947 3117 categoricum,
967 3067 1014 3104 seu
1031 3056 1176 3117 praeeter-

99 3116 229 3173 moute,
249 3121 279 3166 ut
298 3116 476 3180 distinguetur
494 3119 527 3167 atr
545 3122 683 3171 accidente
700 3125 868 3185 praedicabili
879 3161 886 3183 ,
907 3126 939 3175 de
958 3140 1012 3190 qno
1031 3132 1109 3177 antea
1132 3130 1174 3178 to-

100 3188 157 3237 entt
176 3199 278 3238 sumus.
300 3186 354 3238 iiae
372 3188 439 3239 dnae
458 3191 603 3241 accidentis
620 3196 723 3255 species
742 3196 768 3244 in
787 3210 820 3246 oo
838 3200 1029 3259 consentiunt,
1049 3199 1120 3264 qnod
1141 3216 1177 3250 n-

98 3262 223 3321 trutnque
244 3265 285 3309 est
304 3274 363 3319 res,
384 3262 428 3311 cui
446 3274 504 3313 esre
524 3266 549 3313 tn
569 3264 623 3313 etto
642 3268 774 3317 convenit.
796 3266 844 3318 Ast
862 3274 945 3319 unum
965 3271 998 3320 ab
1016 3274 1101 3321 attero
1120 3273 1175 3321 utt-

98 3330 171 3387 tert,
190 3332 261 3393 quoi
281 3334 405 3383 occidens
430 3336 672 3395 praedicamentete
696 3340 804 3390 derrotat
824 3341 909 3400 itinn,
930 3343 1000 3406 qnod
1020 3347 1080 3402 rei,
1100 3358 1172 3407 qnae

99 3416 149 3466 per
165 3415 195 3451 se
213 3408 264 3460 eet,
285 3418 380 3468 nernpe
399 3406 578 3467 substantiae,
598 3412 758 3472 opponitur,
778 3414 902 3463 accidens
921 3422 1012 3464 nutem
1031 3417 1171 3479 praediea-

99 3474 153 3523 otte
172 3474 302 3537 signifieat
321 3477 385 3529 ittud
405 3478 548 3541 praedicati
568 3494 662 3544 genus,
682 3485 752 3547 qnod
771 3486 923 3536 intellectus
943 3487 1066 3550 inteiligit
1079 3502 1173 3539 creen-

100 3546 154 3596 tiae
173 3548 210 3596 rei
229 3548 364 3609 advenire,
384 3554 411 3600 et
431 3552 545 3602 maximo
564 3554 640 3613 tuno,
660 3556 742 3617 qiiot,
764 3561 890 3621 utsupra
910 3558 1107 3620 adnatavimus,
1124 3575 1171 3611 ae-

102 3618 193 3668 cidrns
211 3621 337 3671 individui
355 3629 534 3685 nuncupetur.
