2475 3909
148 175 207 239 152
545 189 748 260 cosuococrs

106 277 165 420 pit,
187 271 275 359 quod
301 272 402 359 ipsae,
417 293 467 350 eo,
483 291 550 356 quo
564 273 788 356 exposuimus,
808 271 915 346 modo,
933 271 1017 337 inter
1030 294 1100 337 sese
1116 275 1183 338 coi-

105 358 126 420 ‘i
154 370 263 432 autur,
285 356 339 420 sed
362 357 461 420 etiarn
483 375 526 418 ex
545 374 596 434 eo,
634 353 698 421 uod
714 365 861 420 mutuam
878 355 910 418 in
925 375 995 419 sese
1018 356 1180 420 actionem

102 459 120 501 e
146 451 269 515 ercent,
293 447 390 535 atquc
412 457 526 516 exeo,
549 375 717 522 quoium
740 438 833 502 aiteri
852 438 996 500 inservit.
1016 438 1100 500 Hine
1114 437 1181 501 duo

103 518 192 584 modi
210 520 422 585 connexionis
436 539 559 597 rerum,
576 540 693 616 nempe
709 538 769 602 per
787 537 954 583 censorum
968 519 1180 603 efficientium,

102 612 135 666 et
157 623 216 686 per
239 622 404 667 cuneorum
426 601 568 684 finalium
590 600 1180 686 cotngationemexistun13quorum

103 687 230 829 pr'imus
262 705 366 750 nexus
394 684 576 769 dynamicus
592 682 617 758 ¹,
647 683 730 748 aiter
757 682 983 766 nteotoqtcuv
1018 682 1180 769 appellari

103 775 193 830 soet.

145 847 214 913 131.
240 847 336 933 Prop.
361 845 406 912 1⁸.
432 848 545 912 Nouus
565 846 749 932 dynamicus
775 847 811 910 in
832 847 946 910 mundo
968 846 1144 910 inuenitur.

148 928 316 993 Probatur.
339 931 453 996 Nexus
474 929 663 1017 dynamicus
693 929 726 992 in
756 939 866 993 mutua
900 948 1011 993 rerum
1034 929 1067 991 in
1090 949 1126 992 se
1148 950 1182 992 a·

104 1013 213 1076 ctione
245 1012 403 1078 consistit.
438 1013 537 1097 Atqui
561 1031 637 1088 res,
660 1031 702 1074 ex
723 1009 842 1095 quibus
866 1009 1006 1074 mundus
1028 1021 1178 1086 constat,

104 1092 167 1156 vim
192 1102 357 1160 actuosam
379 1095 413 1158 iu
436 1114 504 1159 sese
528 1093 669 1158 invicem
693 1102 859 1156 exercent.
882 1093 981 1178 Ergo.

143 1173 212 1240 13⁸2.
237 1175 348 1240 Minor
368 1197 411 1241 ex
433 1178 503 1261 ipsa
517 1174 793 1260 contemplatione
812 1194 924 1237 rerum
945 1173 1121 1238 evincitur.
1138 1175 1180 1238 E·

103 1257 203 1344 tqnim
227 1266 352 1322 certum
374 1270 422 1327 est
443 1279 495 1323 res
520 1277 695 1341 corporeas
720 1254 846 1342 aliquid
870 1256 902 1319 in
925 1275 1048 1340 organa
1070 1277 1181 1320 senso-

102 1338 150 1402 ria
173 1343 320 1423 corporis
342 1343 441 1408 nostri
464 1361 577 1426 agere,
600 1340 723 1425 quippe
742 1336 843 1424 quod,
859 1337 921 1401 uisi
937 1336 1121 1422 quidquam
1145 1341 1178 1403 in

101 1439 139 1485 ea
161 1431 305 1504 agerent,
329 1423 458 1487 iiiarum
480 1425 679 1488 sensationes
697 1422 732 1484 in
747 1420 841 1485 nobis
864 1418 933 1484 fieri
953 1440 1016 1482 non
1033 1433 1176 1504 possent.

101 1502 234 1566 Certum
254 1524 386 1589 quoque
409 1517 456 1570 est
479 1525 535 1568 nos
559 1507 592 1568 in
614 1524 667 1568 res
688 1521 879 1588 corporeas,
899 1501 1020 1586 quibus
1034 1505 1178 1567 circum-

100 1583 230 1662 damur,
252 1586 354 1652 muita
377 1602 496 1672 agere,
521 1596 558 1653 ut
580 1587 651 1650 iiius
667 1585 707 1648 ad
727 1595 853 1649 nostrae
876 1585 961 1649 vitae
983 1584 1177 1657 utilitatem,

99 1664 413 1754 obiectationemque
435 1667 727 1733 accommodemus.
751 1666 884 1734 Certum
902 1665 1046 1750 'denique
1062 1680 1113 1734 est
1128 1689 1178 1731 res

100 1766 275 1832 corporeas
297 1751 332 1814 in
353 1772 386 1815 se
403 1752 488 1838 ipsas
503 1750 629 1834 aliquid
648 1751 788 1814 invicem
810 1769 925 1846 agere3
948 1753 1177 1815 constatenim

99 1830 184 1894 inter
205 1849 316 1898 omnes
338 1843 477 1910 terram,
499 1844 532 1897 et
551 1854 688 1918 corpora
710 1830 861 1896 coelestia
882 1851 916 1894 se
940 1843 1057 1897 mutuo
1078 1843 1178 1898 attra-

99 1912 230 1978 hereri
253 1915 496 1999 gravitationis,
520 1913 604 1979 unde
627 1914 788 1996 regularis
816 1912 870 1976 iiie
896 1923 1002 1976 motus
1029 1912 1176 1998 pianeta·

99 2015 172 2058 rum
194 1999 356 2074 exoritur,
379 2016 600 2082 corporaque,
622 2016 706 2080 quae
730 1996 763 2059 in
787 2006 872 2060 terra
896 2004 981 2070 sunt,
1005 1997 1076 2058 sive
1099 1999 1178 2060 sim·

100 2075 211 2161 plicia,
234 2079 302 2142 sire
326 2079 442 2155 mixta,
464 2087 593 2143 mutuas
615 2079 760 2144 actiones
782 2077 816 2140 in
840 2097 873 2142 se
895 2097 1031 2142 exerere
1050 2075 1177 2143 obvim

99 2157 298 2236 attrahendi,
320 2169 352 2226 et
373 2158 566 2246 repellendi,
589 2181 652 2244 qua
676 2158 797 2245 poiieut
811 2159 833 2220 ³.

140 2240 209 2305 133.
234 2241 332 2325 Prop.
355 2240 403 2307 2¹.
427 2242 817 2328 coaequiparemus
836 2238 943 2324 finoics
964 2238 1117 2324 efficitur,
1143 2243 1176 2306 in

99 2322 215 2386 mundo
235 2323 344 2388 existit
362 2326 385 2388 ⁴.

135 2512 146 2550 ἱ
168 2511 204 2562 ita
224 2512 353 2565 dicituro
374 2517 413 2572 nt,
434 2527 481 2564 seu
500 2518 604 2579 encrate
622 2505 767 2583 (atmiis).
783 2527 864 2578 quarn
882 2526 926 2564 res
946 2514 1083 2563 usturstos
1104 2515 1131 2567 tn
1150 2525 1177 2562 ne

101 2589 237 2636 exercent.

134 2656 146 2691 ²
168 2655 202 2705 ita
224 2659 374 2720 uppetiatur
393 2671 408 2707 a
427 2660 478 2723 fine
497 2653 612 2727 (τέλος).
628 2660 705 2708 euius
717 2659 802 2721 gratis
823 2667 876 2707 una
894 2670 937 2707 res
957 2658 1035 2708 nitori
1050 2658 1174 2706 inservit.

134 2727 145 2762 ³
165 2726 238 2779 iiunc
252 2731 456 2793 propositionem
470 2731 683 2782 demonstrantes
696 2735 831 2793 procerte
844 2732 1107 2784 sumsimus,omnes
1121 2743 1175 2785 res,

98 2813 167 2864 quae
188 2802 214 2849 iu
234 2803 332 2852 mundo
351 2807 431 2858 sunt.
457 2805 482 2853 ri
502 2809 611 2853 actuosa
632 2804 744 2866 potiere.
767 2801 792 2852 tt
813 2804 883 2852 enim
903 2808 960 2851 tum
979 2815 1012 2851 ex
1032 2802 1083 2859 iis,
1104 2815 1177 2866 quas

98 2872 130 2922 dc
149 2873 308 2929 uirentibus.
330 2875 411 2924 immo
430 2875 462 2924 de
482 2876 545 2939 ipsis
568 2875 723 2938 corporibus
743 2875 866 2924 inanimis
885 2875 938 2924 iam
958 2875 1029 2924 dictu
1048 2880 1123 2930 snut,
1145 2887 1175 2923 ιο

97 2949 172 3008 porte
190 2945 336 3009 cotiigitur.
350 2951 407 2997 turu
426 2961 458 2997 es
478 2948 580 2998 theoria
600 2948 633 2997 do
653 2947 790 3011 principiis
809 2947 986 2997 constitutivis
1000 2959 1102 2999 rerum.
1118 2959 1176 2994 rnn-

99 3017 183 3067 terisii
203 3030 315 3082 nempe,
336 3025 362 3069 et
383 3019 498 3076 tormaii;
520 3021 681 3083 principium
700 3021 770 3069 euim
790 3019 918 3077 formato,
939 3025 969 3068 ut
988 3030 1037 3067 suo
1056 3019 1118 3066 ioco
1136 3019 1176 3068 ri·

97 3089 204 3148 dimus,
223 3096 264 3142 est
283 3093 444 3156 principium
470 3093 606 3149 activum,
625 3092 687 3154 quia
707 3091 840 3155 quaelibet
860 3103 903 3140 res
921 3101 1005 3141 exeo
1024 3091 1097 3150 ipso,
1120 3103 1175 3153 qno

98 3165 279 3222 constituitur,
300 3167 353 3214 rtm
372 3164 499 3226 operandt
519 3164 628 3226 accipit.
650 3161 717 3212 Hinc
742 3175 765 3210 s.
788 3161 1006 3214 Damascenis„
1029 3159 1114 3211 Actus
1132 3166 1174 3210 est

99 3236 146 3290 vis,
169 3238 304 3299 incrttoque
323 3238 454 3297 coitusque
473 3235 647 3292 substantiae,
667 3249 718 3297 naa
738 3240 814 3284 earet
833 3235 898 3284 tunt
918 3236 1016 3289 sotum,
1030 3233 1102 3296 quoti
1119 3247 1173 3281 non

98 3313 137 3354 est
155 3325 179 3360 ις
197 3309 234 3356 tte
252 3309 301 3371 ficte
320 3307 435 3366 orttoct„
456 3307 503 3355 un.
519 3304 551 3364 ΙΙ,
572 3323 597 3357 o.
613 3308 659 3356 23.
681 3305 851 3368 Argumentis
869 3314 971 3363 autern,
990 3306 1087 3369 quibus
1106 3318 1172 3354 enm

98 3373 298 3427 iiintcbranchio
311 3390 419 3428 omnem
433 3379 609 3434 activitatem,
625 3379 666 3428 rei
679 3391 741 3426 cum
756 3374 887 3428 Leibnitio
899 3380 1064 3429 activitatem
1084 3381 1174 3425 trans-

97 3453 205 3494 euntem
225 3449 377 3499 substantiis
395 3451 492 3500 ornatis
511 3461 659 3512 repugnare
678 3448 816 3510 probatur.
837 3451 941 3501 niritum
961 3450 1063 3513 pondus
1082 3449 1173 3496 inesse

99 3517 151 3563 ism
171 3515 234 3564 aiibi
253 3516 372 3582 (Onici,
393 3536 419 3571 e.
441 3517 487 3578 tx,
507 3534 534 3570 a.
554 3520 582 3579 ἢ,
603 3536 630 3584 p.
651 3521 697 3576 et.
717 3525 745 3570 ct
763 3535 789 3571 a.
813 3523 838 3580 7,
858 3537 886 3586 p.
908 3524 952 3579 tt,
973 3528 1000 3570 et
1018 3519 1063 3588 sq)
1080 3524 1177 3569 osten·

99 3599 158 3635 sum
178 3599 192 3632 a
215 3588 288 3636 nohis
307 3595 357 3640 ost.

135 3653 146 3690 ⁴
167 3654 342 3720 Philosophis,
362 3674 428 3724 quos
448 3663 536 3711 causis
555 3662 677 3716 tinnitum
691 3663 807 3718 intensos
818 3677 878 3718 esse
892 3665 1027 3718 innuimus
1039 3665 1068 3716 iu
1080 3661 1172 3715 Oete&
