<?xml version="1.0" encoding="UTF-8"?>
<!DOCTYPE html PUBLIC "-//W3C//DTD XHTML 1.0 Transitional//EN"
    "http://www.w3.org/TR/xhtml1/DTD/xhtml1-transitional.dtd">
<html xmlns="http://www.w3.org/1999/xhtml" xml:lang="en" lang="en">
 <head>
  <title>
</title>
<meta http-equiv="Content-Type" content="text/html;charset=utf-8" />
  <meta name='ocr-system' content='tesseract 3.04.00' />
  <meta name='ocr-capabilities' content='ocr_page ocr_carea ocr_par ocr_line ocrx_word'/>
</head>
<body>
  <div class='ocr_page' id='page_1' title='image "./philosophiachri00sansgoog_0585.png"; bbox 0 0 2475 3909; ppageno 0'>
   <div class='ocr_carea' id='block_1_1' title="bbox 447 154 1076 222">
    <p class='ocr_par' dir='ltr' id='par_1_1' title="bbox 447 154 1076 222">
     <span class='ocr_line' id='line_1_1' title="bbox 447 154 1076 222; baseline 0.005 -3"><span class='ocrx_word' id='word_1_1' title='bbox 447 172 718 219; x_wconf 75' lang='lat' dir='ltr'>sarnnoroaoors</span> <span class='ocrx_word' id='word_1_2' title='bbox 1015 154 1076 222; x_wconf 77' lang='lat'>289</span> 
     </span>
    </p>
   </div>
   <div class='ocr_carea' id='block_1_2' title="bbox 51 254 1151 2718">
    <p class='ocr_par' dir='ltr' id='par_1_2' title="bbox 51 254 1119 504">
     <span class='ocr_line' id='line_1_2' title="bbox 51 254 1117 344; baseline 0.006 -25"><span class='ocrx_word' id='word_1_3' title='bbox 51 254 108 320; x_wconf 78' lang='lat' dir='ltr'>bns·</span> <span class='ocrx_word' id='word_1_4' title='bbox 145 258 306 322; x_wconf 89' lang='lat' dir='ltr'>raemium</span> <span class='ocrx_word' id='word_1_5' title='bbox 322 256 491 326; x_wconf 74' lang='lat' dir='ltr'><strong>tribuitur.</strong></span> <span class='ocrx_word' id='word_1_6' title='bbox 508 257 605 344; x_wconf 74' lang='lat' dir='ltr'>Atqui</span> <span class='ocrx_word' id='word_1_7' title='bbox 630 255 810 343; x_wconf 88' lang='lat' dir='ltr'>praemium</span> <span class='ocrx_word' id='word_1_8' title='bbox 837 258 965 323; x_wconf 81' lang='lat' dir='ltr'>virtutis</span> <span class='ocrx_word' id='word_1_9' title='bbox 981 268 1028 323; x_wconf 86' lang='lat' dir='ltr'>est</span> <span class='ocrx_word' id='word_1_10' title='bbox 1043 258 1117 325; x_wconf 87' lang='lat' dir='ltr'>bea·</span> 
     </span>
     <span class='ocr_line' id='line_1_3' title="bbox 54 279 1119 423; baseline 0 -18"><span class='ocrx_word' id='word_1_11' title='bbox 54 279 164 414; x_wconf 79' lang='lat' dir='ltr'>titudo,</span> <span class='ocrx_word' id='word_1_12' title='bbox 188 361 272 423; x_wconf 92' lang='lat' dir='ltr'>quae</span> <span class='ocrx_word' id='word_1_13' title='bbox 295 352 344 404; x_wconf 91' lang='lat' dir='ltr'>est</span> <span class='ocrx_word' id='word_1_14' title='bbox 366 348 505 402; x_wconf 88' lang='lat' dir='ltr'>aeterna.</span> <span class='ocrx_word' id='word_1_15' title='bbox 530 339 616 421; x_wconf 79' lang='lat' dir='ltr'>Ergo</span> <span class='ocrx_word' id='word_1_16' title='bbox 639 349 670 403; x_wconf 87' lang='lat' dir='ltr'>et</span> <span class='ocrx_word' id='word_1_17' title='bbox 694 357 810 423; x_wconf 87' lang='lat' dir='ltr'>poena,</span> <span class='ocrx_word' id='word_1_18' title='bbox 831 360 894 423; x_wconf 87' lang='lat' dir='ltr'>qua</span> <span class='ocrx_word' id='word_1_19' title='bbox 917 339 1021 423; x_wconf 91' lang='lat' dir='ltr'>impio</span> <span class='ocrx_word' id='word_1_20' title='bbox 1044 340 1119 405; x_wconf 89' lang='lat' dir='ltr'>bea-</span> 
     </span>
     <span class='ocr_line' id='line_1_4' title="bbox 52 420 752 504; baseline -0.009 -17"><span class='ocrx_word' id='word_1_21' title='bbox 52 423 155 487; x_wconf 89' lang='lat' dir='ltr'>titudo</span> <span class='ocrx_word' id='word_1_22' title='bbox 177 421 348 496; x_wconf 76' lang='lat' dir='ltr'><strong>adimitur,</strong></span> <span class='ocrx_word' id='word_1_23' title='bbox 372 432 500 484; x_wconf 86' lang='lat' dir='ltr'>aeterna</span> <span class='ocrx_word' id='word_1_24' title='bbox 523 421 565 484; x_wconf 93' lang='lat' dir='ltr'>sit</span> <span class='ocrx_word' id='word_1_25' title='bbox 587 420 752 504; x_wconf 84' lang='lat' dir='ltr'>oportet¹.</span> 
     </span>
    </p>

    <p class='ocr_par' dir='ltr' id='par_1_3' title="bbox 53 500 1151 1809">
     <span class='ocr_line' id='line_1_5' title="bbox 93 500 1121 587; baseline 0.002 -22"><span class='ocrx_word' id='word_1_26' title='bbox 93 504 124 565; x_wconf 78' lang='lat'>2⁰</span> <span class='ocrx_word' id='word_1_27' title='bbox 146 502 315 577; x_wconf 79' lang='lat' dir='ltr'>Crantore,</span> <span class='ocrx_word' id='word_1_28' title='bbox 339 514 496 587; x_wconf 91' lang='lat' dir='ltr'>quantum</span> <span class='ocrx_word' id='word_1_29' title='bbox 520 500 559 565; x_wconf 90' lang='lat' dir='ltr'>ad</span> <span class='ocrx_word' id='word_1_30' title='bbox 584 522 618 565; x_wconf 89' lang='lat' dir='ltr'>se</span> <span class='ocrx_word' id='word_1_31' title='bbox 641 502 806 587; x_wconf 76' lang='lat' dir='ltr'>pertinet,</span> <span class='ocrx_word' id='word_1_32' title='bbox 831 522 907 564; x_wconf 91' lang='lat' dir='ltr'>num</span> <span class='ocrx_word' id='word_1_33' title='bbox 934 520 1007 565; x_wconf 90' lang='lat' dir='ltr'>uam</span> <span class='ocrx_word' id='word_1_34' title='bbox 1029 501 1121 567; x_wconf 90' lang='lat' dir='ltr'>ordi-</span> 
     </span>
     <span class='ocr_line' id='line_1_6' title="bbox 53 522 1122 669; baseline 0.001 -22"><span class='ocrx_word' id='word_1_35' title='bbox 53 606 135 662; x_wconf 88' lang='lat' dir='ltr'>nem,</span> <span class='ocrx_word' id='word_1_36' title='bbox 159 605 257 669; x_wconf 89' lang='lat' dir='ltr'>quem</span> <span class='ocrx_word' id='word_1_37' title='bbox 280 586 422 669; x_wconf 77' lang='lat' dir='ltr'>graviter</span> <span class='ocrx_word' id='word_1_38' title='bbox 445 581 607 667; x_wconf 83' lang='lat' dir='ltr'>peccando</span> <span class='ocrx_word' id='word_1_39' title='bbox 631 582 855 669; x_wconf 74' lang='lat' dir='ltr'>perturbavit,</span> <span class='ocrx_word' id='word_1_40' title='bbox 880 522 1046 648; x_wconf 87' lang='lat' dir='ltr'>reliciendi</span> <span class='ocrx_word' id='word_1_41' title='bbox 1070 604 1122 649; x_wconf 87' lang='lat' dir='ltr'>ca·</span> 
     </span>
     <span class='ocr_line' id='line_1_7' title="bbox 54 663 1121 751; baseline 0 -22"><span class='ocrx_word' id='word_1_42' title='bbox 54 686 116 751; x_wconf 82' lang='lat' dir='ltr'>pax</span> <span class='ocrx_word' id='word_1_43' title='bbox 137 679 202 741; x_wconf 90' lang='lat' dir='ltr'>est,</span> <span class='ocrx_word' id='word_1_44' title='bbox 226 668 303 750; x_wconf 88' lang='lat' dir='ltr'>quia</span> <span class='ocrx_word' id='word_1_45' title='bbox 327 690 343 726; x_wconf 80' lang='lat' dir='ltr'>a</span> <span class='ocrx_word' id='word_1_46' title='bbox 358 687 485 750; x_wconf 84' lang='lat' dir='ltr'>semper</span> <span class='ocrx_word' id='word_1_47' title='bbox 507 665 666 741; x_wconf 84' lang='lat' dir='ltr'>defectus,</span> <span class='ocrx_word' id='word_1_48' title='bbox 689 685 754 750; x_wconf 94' lang='lat' dir='ltr'>quo</span> <span class='ocrx_word' id='word_1_49' title='bbox 776 663 978 744; x_wconf 81' lang='lat' dir='ltr'>subtrahitur</span> <span class='ocrx_word' id='word_1_50' title='bbox 1000 667 1121 750; x_wconf 90' lang='lat' dir='ltr'>princi-</span> 
     </span>
     <span class='ocr_line' id='line_1_8' title="bbox 55 746 1123 835; baseline -0.003 -22"><span class='ocrx_word' id='word_1_51' title='bbox 55 752 157 832; x_wconf 87' lang='lat' dir='ltr'>pium,</span> <span class='ocrx_word' id='word_1_52' title='bbox 173 748 396 835; x_wconf 90' lang='lat' dir='ltr'>irreparabilis</span> <span class='ocrx_word' id='word_1_53' title='bbox 417 759 517 824; x_wconf 83' lang='lat' dir='ltr'>est...;</span> <span class='ocrx_word' id='word_1_54' title='bbox 530 746 643 812; x_wconf 89' lang='lat' dir='ltr'>sicutsi</span> <span class='ocrx_word' id='word_1_55' title='bbox 659 768 792 811; x_wconf 90' lang='lat' dir='ltr'>currum</span> <span class='ocrx_word' id='word_1_56' title='bbox 810 758 906 831; x_wconf 91' lang='lat' dir='ltr'>patur</span> <span class='ocrx_word' id='word_1_57' title='bbox 922 748 1123 833; x_wconf 89' lang='lat' dir='ltr'>principium</span> 
     </span>
     <span class='ocr_line' id='line_1_9' title="bbox 54 826 1124 915; baseline -0.003 -20"><span class='ocrx_word' id='word_1_58' title='bbox 54 832 205 907; x_wconf 87' lang='lat' dir='ltr'>visirum,</span> <span class='ocrx_word' id='word_1_59' title='bbox 221 851 284 894; x_wconf 90' lang='lat' dir='ltr'>non</span> <span class='ocrx_word' id='word_1_60' title='bbox 308 840 410 915; x_wconf 88' lang='lat' dir='ltr'>potest</span> <span class='ocrx_word' id='word_1_61' title='bbox 432 828 501 893; x_wconf 85' lang='lat' dir='ltr'>beri</span> <span class='ocrx_word' id='word_1_62' title='bbox 528 829 663 892; x_wconf 84' lang='lat' dir='ltr'>visionis</span> <span class='ocrx_word' id='word_1_63' title='bbox 686 830 863 914; x_wconf 81' lang='lat' dir='ltr'>reparatio,</span> <span class='ocrx_word' id='word_1_64' title='bbox 882 830 944 892; x_wconf 89' lang='lat' dir='ltr'>nisi</span> <span class='ocrx_word' id='word_1_65' title='bbox 968 826 1035 894; x_wconf 85' lang='lat' dir='ltr'>sola</span> <span class='ocrx_word' id='word_1_66' title='bbox 1058 830 1124 892; x_wconf 86' lang='lat' dir='ltr'>rir-</span> 
     </span>
     <span class='ocr_line' id='line_1_10' title="bbox 55 910 1126 997; baseline -0.005 -20"><span class='ocrx_word' id='word_1_67' title='bbox 55 925 122 979; x_wconf 86' lang='lat' dir='ltr'>tute</span> <span class='ocrx_word' id='word_1_68' title='bbox 143 912 307 976; x_wconf 79' lang='lat' dir='ltr'>divina...</span> <span class='ocrx_word' id='word_1_69' title='bbox 326 915 367 977; x_wconf 86' lang='lat' dir='ltr'>Et</span> <span class='ocrx_word' id='word_1_70' title='bbox 383 912 468 988; x_wconf 86' lang='lat' dir='ltr'>ideo,</span> <span class='ocrx_word' id='word_1_71' title='bbox 485 912 510 975; x_wconf 93' lang='lat' dir='ltr'>si</span> <span class='ocrx_word' id='word_1_72' title='bbox 528 932 585 997; x_wconf 90' lang='lat' dir='ltr'>per</span> <span class='ocrx_word' id='word_1_73' title='bbox 602 922 771 996; x_wconf 88' lang='lat' dir='ltr'>peccatum</span> <span class='ocrx_word' id='word_1_74' title='bbox 786 920 1016 997; x_wconf 86' lang='lat' dir='ltr'>corrumpatur</span> <span class='ocrx_word' id='word_1_75' title='bbox 1036 910 1126 997; x_wconf 84' lang='lat' dir='ltr'>prin-</span> 
     </span>
     <span class='ocr_line' id='line_1_11' title="bbox 53 991 1125 1079; baseline -0.001 -21"><span class='ocrx_word' id='word_1_76' title='bbox 53 997 178 1079; x_wconf 88' lang='lat' dir='ltr'>cipium</span> <span class='ocrx_word' id='word_1_77' title='bbox 201 993 342 1071; x_wconf 89' lang='lat' dir='ltr'>ordinis,</span> <span class='ocrx_word' id='word_1_78' title='bbox 364 1015 430 1079; x_wconf 91' lang='lat' dir='ltr'>quo</span> <span class='ocrx_word' id='word_1_79' title='bbox 453 993 600 1057; x_wconf 82' lang='lat' dir='ltr'>voluntas</span> <span class='ocrx_word' id='word_1_80' title='bbox 623 993 763 1057; x_wconf 91' lang='lat' dir='ltr'>bominis</span> <span class='ocrx_word' id='word_1_81' title='bbox 783 991 935 1057; x_wconf 85' lang='lat' dir='ltr'>subditur</span> <span class='ocrx_word' id='word_1_82' title='bbox 956 992 1038 1069; x_wconf 89' lang='lat' dir='ltr'>Deo,</span> <span class='ocrx_word' id='word_1_83' title='bbox 1061 992 1125 1058; x_wconf 88' lang='lat' dir='ltr'>erit</span> 
     </span>
     <span class='ocr_line' id='line_1_12' title="bbox 57 1073 1125 1160; baseline -0.003 -20"><span class='ocrx_word' id='word_1_84' title='bbox 57 1073 266 1153; x_wconf 88' lang='lat' dir='ltr'>inordinatio,</span> <span class='ocrx_word' id='word_1_85' title='bbox 291 1087 449 1159; x_wconf 87' lang='lat' dir='ltr'>quantum</span> <span class='ocrx_word' id='word_1_86' title='bbox 472 1087 521 1141; x_wconf 91' lang='lat' dir='ltr'>est</span> <span class='ocrx_word' id='word_1_87' title='bbox 541 1075 580 1139; x_wconf 88' lang='lat' dir='ltr'>de</span> <span class='ocrx_word' id='word_1_88' title='bbox 601 1095 648 1152; x_wconf 89' lang='lat' dir='ltr'>se,</span> <span class='ocrx_word' id='word_1_89' title='bbox 673 1074 923 1159; x_wconf 87' lang='lat' dir='ltr'>irreparabilis,</span> <span class='ocrx_word' id='word_1_90' title='bbox 947 1075 1007 1139; x_wconf 84' lang='lat' dir='ltr'>etsi</span> <span class='ocrx_word' id='word_1_91' title='bbox 1030 1095 1125 1160; x_wconf 86' lang='lat' dir='ltr'>repa-</span> 
     </span>
     <span class='ocr_line' id='line_1_13' title="bbox 56 1155 1125 1241; baseline -0.002 -20"><span class='ocrx_word' id='word_1_92' title='bbox 56 1160 125 1223; x_wconf 89' lang='lat' dir='ltr'>rari</span> <span class='ocrx_word' id='word_1_93' title='bbox 147 1159 248 1241; x_wconf 87' lang='lat' dir='ltr'>possit</span> <span class='ocrx_word' id='word_1_94' title='bbox 270 1160 389 1223; x_wconf 89' lang='lat' dir='ltr'>virtute</span> <span class='ocrx_word' id='word_1_95' title='bbox 411 1156 578 1221; x_wconf 54' lang='lat' dir='ltr'>dir-inae).</span> <span class='ocrx_word' id='word_1_96' title='bbox 595 1155 689 1233; x_wconf 84' lang='lat' dir='ltr'>Quod</span> <span class='ocrx_word' id='word_1_97' title='bbox 712 1177 788 1219; x_wconf 88' lang='lat' dir='ltr'>cum</span> <span class='ocrx_word' id='word_1_98' title='bbox 809 1157 853 1221; x_wconf 90' lang='lat' dir='ltr'>ita</span> <span class='ocrx_word' id='word_1_99' title='bbox 878 1177 912 1219; x_wconf 88' lang='lat' dir='ltr'>se</span> <span class='ocrx_word' id='word_1_100' title='bbox 936 1156 1064 1235; x_wconf 87' lang='lat' dir='ltr'>habeat,</span> <span class='ocrx_word' id='word_1_101' title='bbox 1079 1158 1125 1221; x_wconf 87' lang='lat' dir='ltr'>ita</span> 
     </span>
     <span class='ocr_line' id='line_1_14' title="bbox 56 1238 1151 1325; baseline -0.002 -23"><span class='ocrx_word' id='word_1_102' title='bbox 56 1241 241 1324; x_wconf 79' lang='lat' dir='ltr'>arguimus:</span> <span class='ocrx_word' id='word_1_103' title='bbox 266 1238 342 1303; x_wconf 91' lang='lat' dir='ltr'>ldeo</span> <span class='ocrx_word' id='word_1_104' title='bbox 364 1249 496 1325; x_wconf 86' lang='lat' dir='ltr'>peceato</span> <span class='ocrx_word' id='word_1_105' title='bbox 519 1260 623 1325; x_wconf 90' lang='lat' dir='ltr'>poena</span> <span class='ocrx_word' id='word_1_106' title='bbox 646 1240 837 1322; x_wconf 80' lang='lat' dir='ltr'>irrogatur,</span> <span class='ocrx_word' id='word_1_107' title='bbox 858 1238 936 1322; x_wconf 89' lang='lat' dir='ltr'>quia</span> <span class='ocrx_word' id='word_1_108' title='bbox 959 1238 1039 1303; x_wconf 94' lang='lat' dir='ltr'>ordo</span> <span class='ocrx_word' id='word_1_109' title='bbox 1068 1257 1151 1322; x_wconf 31' lang='lat' dir='ltr'>per·</span> 
     </span>
     <span class='ocr_line' id='line_1_15' title="bbox 58 1319 1126 1405; baseline -0.002 -20"><span class='ocrx_word' id='word_1_110' title='bbox 58 1323 165 1405; x_wconf 89' lang='lat' dir='ltr'>ipsum</span> <span class='ocrx_word' id='word_1_111' title='bbox 187 1322 362 1395; x_wconf 84' lang='lat' dir='ltr'>evertitur;</span> <span class='ocrx_word' id='word_1_112' title='bbox 386 1330 419 1386; x_wconf 88' lang='lat' dir='ltr'>et</span> <span class='ocrx_word' id='word_1_113' title='bbox 440 1321 535 1395; x_wconf 85' lang='lat' dir='ltr'>sieut,</span> <span class='ocrx_word' id='word_1_114' title='bbox 558 1332 698 1383; x_wconf 81' lang='lat' dir='ltr'>manente</span> <span class='ocrx_word' id='word_1_115' title='bbox 721 1338 840 1395; x_wconf 71' lang='lat' dir='ltr'>euerso,</span> <span class='ocrx_word' id='word_1_116' title='bbox 868 1332 967 1383; x_wconf 81' lang='lat' dir='ltr'>monet</span> <span class='ocrx_word' id='word_1_117' title='bbox 988 1319 1126 1403; x_wconf 66' lang='lat' dir='ltr'>affectus,</span> 
     </span>
     <span class='ocr_line' id='line_1_16' title="bbox 58 1402 1129 1488; baseline -0.002 -21"><span class='ocrx_word' id='word_1_118' title='bbox 58 1404 105 1467; x_wconf 88' lang='lat' dir='ltr'>ita</span> <span class='ocrx_word' id='word_1_119' title='bbox 125 1403 282 1487; x_wconf 86' lang='lat' dir='ltr'>quamdiu</span> <span class='ocrx_word' id='word_1_120' title='bbox 306 1402 509 1488; x_wconf 86' lang='lat' dir='ltr'>perturbatio</span> <span class='ocrx_word' id='word_1_121' title='bbox 531 1402 658 1466; x_wconf 91' lang='lat' dir='ltr'>ordinis</span> <span class='ocrx_word' id='word_1_122' title='bbox 680 1402 784 1475; x_wconf 89' lang='lat' dir='ltr'>durat,</span> <span class='ocrx_word' id='word_1_123' title='bbox 810 1420 939 1465; x_wconf 87' lang='lat' dir='ltr'>necesse</span> <span class='ocrx_word' id='word_1_124' title='bbox 962 1412 1021 1477; x_wconf 88' lang='lat' dir='ltr'>est,</span> <span class='ocrx_word' id='word_1_125' title='bbox 1038 1410 1074 1465; x_wconf 90' lang='lat' dir='ltr'>ut</span> <span class='ocrx_word' id='word_1_126' title='bbox 1094 1423 1129 1465; x_wconf 88' lang='lat' dir='ltr'>e-</span> 
     </span>
     <span class='ocr_line' id='line_1_17' title="bbox 57 1482 1129 1571; baseline -0.002 -22"><span class='ocrx_word' id='word_1_127' title='bbox 57 1486 138 1549; x_wconf 89' lang='lat' dir='ltr'>tiam</span> <span class='ocrx_word' id='word_1_128' title='bbox 154 1505 256 1571; x_wconf 87' lang='lat' dir='ltr'>poena</span> <span class='ocrx_word' id='word_1_129' title='bbox 272 1485 377 1549; x_wconf 86' lang='lat' dir='ltr'>duret.</span> <span class='ocrx_word' id='word_1_130' title='bbox 396 1486 494 1569; x_wconf 75' lang='lat' dir='ltr'>Atqui</span> <span class='ocrx_word' id='word_1_131' title='bbox 511 1483 713 1569; x_wconf 86' lang='lat' dir='ltr'>perturbatio</span> <span class='ocrx_word' id='word_1_132' title='bbox 729 1482 855 1548; x_wconf 89' lang='lat' dir='ltr'>ordinis</span> <span class='ocrx_word' id='word_1_133' title='bbox 875 1504 916 1547; x_wconf 90' lang='lat' dir='ltr'>ex</span> <span class='ocrx_word' id='word_1_134' title='bbox 932 1493 1023 1569; x_wconf 91' lang='lat' dir='ltr'>parte</span> <span class='ocrx_word' id='word_1_135' title='bbox 1038 1503 1129 1547; x_wconf 88' lang='lat' dir='ltr'>erea-</span> 
     </span>
     <span class='ocr_line' id='line_1_18' title="bbox 56 1563 1128 1651; baseline -0.004 -20"><span class='ocrx_word' id='word_1_136' title='bbox 56 1578 163 1641; x_wconf 85' lang='lat' dir='ltr'>turae,</span> <span class='ocrx_word' id='word_1_137' title='bbox 180 1568 227 1631; x_wconf 91' lang='lat' dir='ltr'>uti</span> <span class='ocrx_word' id='word_1_138' title='bbox 242 1566 338 1651; x_wconf 89' lang='lat' dir='ltr'>paulo</span> <span class='ocrx_word' id='word_1_139' title='bbox 354 1576 427 1630; x_wconf 89' lang='lat' dir='ltr'>anto</span> <span class='ocrx_word' id='word_1_140' title='bbox 440 1565 652 1640; x_wconf 81' lang='lat' dir='ltr'>ostendimus,</span> <span class='ocrx_word' id='word_1_141' title='bbox 666 1587 795 1650; x_wconf 87' lang='lat' dir='ltr'>semper</span> <span class='ocrx_word' id='word_1_142' title='bbox 810 1564 924 1641; x_wconf 89' lang='lat' dir='ltr'>durat;</span> <span class='ocrx_word' id='word_1_143' title='bbox 938 1586 975 1628; x_wconf 88' lang='lat' dir='ltr'>ac</span> <span class='ocrx_word' id='word_1_144' title='bbox 992 1563 1128 1650; x_wconf 89' lang='lat' dir='ltr'>proinde</span> 
     </span>
     <span class='ocr_line' id='line_1_19' title="bbox 58 1647 1130 1733; baseline -0.001 -21"><span class='ocrx_word' id='word_1_145' title='bbox 58 1661 227 1733; x_wconf 85' lang='lat' dir='ltr'>peceatum</span> <span class='ocrx_word' id='word_1_146' title='bbox 241 1658 291 1713; x_wconf 91' lang='lat' dir='ltr'>est</span> <span class='ocrx_word' id='word_1_147' title='bbox 311 1647 475 1731; x_wconf 85' lang='lat' dir='ltr'>quoddam</span> <span class='ocrx_word' id='word_1_148' title='bbox 498 1647 619 1712; x_wconf 90' lang='lat' dir='ltr'>malum</span> <span class='ocrx_word' id='word_1_149' title='bbox 645 1660 823 1713; x_wconf 82' lang='lat' dir='ltr'>aetornum.</span> <span class='ocrx_word' id='word_1_150' title='bbox 842 1648 929 1732; x_wconf 78' lang='lat' dir='ltr'>Ergo</span> <span class='ocrx_word' id='word_1_151' title='bbox 954 1667 1057 1731; x_wconf 87' lang='lat' dir='ltr'>poena</span> <span class='ocrx_word' id='word_1_152' title='bbox 1081 1648 1130 1711; x_wconf 87' lang='lat' dir='ltr'>in·</span> 
     </span>
     <span class='ocr_line' id='line_1_20' title="bbox 58 1731 348 1809; baseline -0.01 -13"><span class='ocrx_word' id='word_1_153' title='bbox 58 1733 229 1809; x_wconf 83' lang='lat' dir='ltr'>terminata</span> <span class='ocrx_word' id='word_1_154' title='bbox 251 1731 348 1794; x_wconf 79' lang='lat' dir='ltr'>orit⁸.</span> 
     </span>
    </p>

    <p class='ocr_par' dir='ltr' id='par_1_4' title="bbox 57 1807 1137 2718">
     <span class='ocr_line' id='line_1_21' title="bbox 99 1807 1130 1896; baseline -0.006 -18"><span class='ocrx_word' id='word_1_155' title='bbox 99 1811 133 1878; x_wconf 87' lang='lat'>3⁰</span> <span class='ocrx_word' id='word_1_156' title='bbox 156 1835 173 1872; x_wconf 75' lang='lat' dir='ltr'>a</span> <span class='ocrx_word' id='word_1_157' title='bbox 190 1811 285 1896; x_wconf 79' lang='lat' dir='ltr'>Apud</span> <span class='ocrx_word' id='word_1_158' title='bbox 309 1810 466 1875; x_wconf 83' lang='lat' dir='ltr'>Divinum</span> <span class='ocrx_word' id='word_1_159' title='bbox 489 1810 654 1875; x_wconf 84' lang='lat' dir='ltr'>Iudicium</span> <span class='ocrx_word' id='word_1_160' title='bbox 677 1812 825 1877; x_wconf 89' lang='lat' dir='ltr'>voluntas</span> <span class='ocrx_word' id='word_1_161' title='bbox 855 1830 913 1894; x_wconf 90' lang='lat' dir='ltr'>pro</span> <span class='ocrx_word' id='word_1_162' title='bbox 936 1807 1021 1874; x_wconf 85' lang='lat' dir='ltr'>lacto</span> <span class='ocrx_word' id='word_1_163' title='bbox 1043 1830 1130 1874; x_wconf 90' lang='lat' dir='ltr'>eom-</span> 
     </span>
     <span class='ocr_line' id='line_1_22' title="bbox 59 1891 1133 1980; baseline -0.004 -23"><span class='ocrx_word' id='word_1_164' title='bbox 59 1902 210 1980; x_wconf 88' lang='lat' dir='ltr'>putatur:</span> <span class='ocrx_word' id='word_1_165' title='bbox 234 1894 322 1978; x_wconf 90' lang='lat' dir='ltr'>quia,</span> <span class='ocrx_word' id='word_1_166' title='bbox 345 1895 430 1957; x_wconf 87' lang='lat' dir='ltr'>sicut</span> <span class='ocrx_word' id='word_1_167' title='bbox 452 1894 599 1957; x_wconf 86' lang='lat' dir='ltr'>homines</span> <span class='ocrx_word' id='word_1_168' title='bbox 622 1891 731 1959; x_wconf 86' lang='lat' dir='ltr'>vident</span> <span class='ocrx_word' id='word_1_169' title='bbox 753 1914 802 1968; x_wconf 87' lang='lat' dir='ltr'>ea,</span> <span class='ocrx_word' id='word_1_170' title='bbox 825 1912 909 1976; x_wconf 84' lang='lat' dir='ltr'>quae</span> <span class='ocrx_word' id='word_1_171' title='bbox 932 1892 1075 1956; x_wconf 84' lang='lat' dir='ltr'>exterius</span> <span class='ocrx_word' id='word_1_172' title='bbox 1097 1912 1133 1953; x_wconf 73' lang='lat' dir='ltr'>a·</span> 
     </span>
     <span class='ocr_line' id='line_1_23' title="bbox 59 1972 1133 2062; baseline -0.003 -23"><span class='ocrx_word' id='word_1_173' title='bbox 59 1987 193 2062; x_wconf 77' lang='lat' dir='ltr'>guntur,</span> <span class='ocrx_word' id='word_1_174' title='bbox 212 1977 256 2039; x_wconf 88' lang='lat' dir='ltr'>ita</span> <span class='ocrx_word' id='word_1_175' title='bbox 273 1973 360 2038; x_wconf 89' lang='lat' dir='ltr'>Deus</span> <span class='ocrx_word' id='word_1_176' title='bbox 383 1976 516 2058; x_wconf 88' lang='lat' dir='ltr'>inspicit</span> <span class='ocrx_word' id='word_1_177' title='bbox 539 1974 705 2038; x_wconf 88' lang='lat' dir='ltr'>bominum</span> <span class='ocrx_word' id='word_1_178' title='bbox 730 1974 838 2038; x_wconf 91' lang='lat' dir='ltr'>corda.</span> <span class='ocrx_word' id='word_1_179' title='bbox 851 1972 916 2049; x_wconf 90' lang='lat' dir='ltr'>Qui</span> <span class='ocrx_word' id='word_1_180' title='bbox 935 1985 1040 2037; x_wconf 87' lang='lat' dir='ltr'>autem</span> <span class='ocrx_word' id='word_1_181' title='bbox 1059 1994 1133 2058; x_wconf 93' lang='lat' dir='ltr'>pro-</span> 
     </span>
     <span class='ocr_line' id='line_1_24' title="bbox 62 2053 1134 2144; baseline -0.001 -22"><span class='ocrx_word' id='word_1_182' title='bbox 62 2070 136 2144; x_wconf 89' lang='lat' dir='ltr'>pter</span> <span class='ocrx_word' id='word_1_183' title='bbox 157 2057 290 2141; x_wconf 84' lang='lat' dir='ltr'>aliquod</span> <span class='ocrx_word' id='word_1_184' title='bbox 316 2056 492 2139; x_wconf 83' lang='lat' dir='ltr'>temporale</span> <span class='ocrx_word' id='word_1_185' title='bbox 521 2054 641 2117; x_wconf 89' lang='lat' dir='ltr'>bonnm</span> <span class='ocrx_word' id='word_1_186' title='bbox 665 2076 797 2120; x_wconf 85' lang='lat' dir='ltr'>aversus</span> <span class='ocrx_word' id='word_1_187' title='bbox 819 2065 867 2120; x_wconf 89' lang='lat' dir='ltr'>est</span> <span class='ocrx_word' id='word_1_188' title='bbox 895 2053 935 2118; x_wconf 91' lang='lat' dir='ltr'>ab</span> <span class='ocrx_word' id='word_1_189' title='bbox 960 2056 1074 2120; x_wconf 91' lang='lat' dir='ltr'>ultimo</span> <span class='ocrx_word' id='word_1_190' title='bbox 1097 2055 1134 2121; x_wconf 87' lang='lat' dir='ltr'>fi-</span> 
     </span>
     <span class='ocr_line' id='line_1_25' title="bbox 59 2136 1133 2224; baseline -0.003 -20"><span class='ocrx_word' id='word_1_191' title='bbox 59 2162 101 2204; x_wconf 92' lang='lat' dir='ltr'>ne</span> <span class='ocrx_word' id='word_1_192' title='bbox 120 2187 128 2215; x_wconf 92' lang='lat'>,</span> <span class='ocrx_word' id='word_1_193' title='bbox 150 2141 206 2224; x_wconf 94' lang='lat' dir='ltr'>qui</span> <span class='ocrx_word' id='word_1_194' title='bbox 232 2140 264 2201; x_wconf 92' lang='lat' dir='ltr'>in</span> <span class='ocrx_word' id='word_1_195' title='bbox 289 2148 458 2200; x_wconf 89' lang='lat' dir='ltr'>aeternum</span> <span class='ocrx_word' id='word_1_196' title='bbox 489 2137 698 2224; x_wconf 86' lang='lat' dir='ltr'>possidetur,</span> <span class='ocrx_word' id='word_1_197' title='bbox 723 2140 913 2224; x_wconf 85' lang='lat' dir='ltr'>praeposuit</span> <span class='ocrx_word' id='word_1_198' title='bbox 942 2136 1133 2202; x_wconf 83' lang='lat' dir='ltr'>fruitionem</span> 
     </span>
     <span class='ocr_line' id='line_1_26' title="bbox 60 2218 1134 2305; baseline -0.007 -17"><span class='ocrx_word' id='word_1_199' title='bbox 60 2221 275 2305; x_wconf 86' lang='lat' dir='ltr'>temporalem</span> <span class='ocrx_word' id='word_1_200' title='bbox 300 2219 387 2283; x_wconf 85' lang='lat' dir='ltr'>illius</span> <span class='ocrx_word' id='word_1_201' title='bbox 410 2218 487 2282; x_wconf 89' lang='lat' dir='ltr'>boni</span> <span class='ocrx_word' id='word_1_202' title='bbox 512 2219 701 2303; x_wconf 88' lang='lat' dir='ltr'>temporalis</span> <span class='ocrx_word' id='word_1_203' title='bbox 724 2233 873 2287; x_wconf 86' lang='lat' dir='ltr'>aeternae</span> <span class='ocrx_word' id='word_1_204' title='bbox 908 2219 1060 2284; x_wconf 87' lang='lat' dir='ltr'>lruitioni</span> <span class='ocrx_word' id='word_1_205' title='bbox 1084 2218 1134 2284; x_wconf 92' lang='lat' dir='ltr'>ul·</span> 
     </span>
     <span class='ocr_line' id='line_1_27' title="bbox 59 2300 1135 2387; baseline -0.004 -16"><span class='ocrx_word' id='word_1_206' title='bbox 59 2306 133 2371; x_wconf 87' lang='lat' dir='ltr'>timi</span> <span class='ocrx_word' id='word_1_207' title='bbox 158 2302 248 2378; x_wconf 90' lang='lat' dir='ltr'>linis;</span> <span class='ocrx_word' id='word_1_208' title='bbox 270 2300 356 2367; x_wconf 91' lang='lat' dir='ltr'>unde</span> <span class='ocrx_word' id='word_1_209' title='bbox 381 2311 469 2385; x_wconf 87' lang='lat' dir='ltr'>patet</span> <span class='ocrx_word' id='word_1_210' title='bbox 489 2301 576 2384; x_wconf 91' lang='lat' dir='ltr'>quod</span> <span class='ocrx_word' id='word_1_211' title='bbox 600 2303 827 2387; x_wconf 82' lang='lat' dir='ltr'>multomagis</span> <span class='ocrx_word' id='word_1_212' title='bbox 850 2300 1003 2365; x_wconf 85' lang='lat' dir='ltr'>voluisset</span> <span class='ocrx_word' id='word_1_213' title='bbox 1026 2302 1058 2364; x_wconf 91' lang='lat' dir='ltr'>in</span> <span class='ocrx_word' id='word_1_214' title='bbox 1082 2321 1135 2367; x_wconf 85' lang='lat' dir='ltr'>ae-</span> 
     </span>
     <span class='ocr_line' id='line_1_28' title="bbox 58 2380 1136 2467; baseline -0.004 -16"><span class='ocrx_word' id='word_1_215' title='bbox 58 2399 192 2451; x_wconf 87' lang='lat' dir='ltr'>ternum</span> <span class='ocrx_word' id='word_1_216' title='bbox 208 2384 266 2447; x_wconf 91' lang='lat' dir='ltr'>illo</span> <span class='ocrx_word' id='word_1_217' title='bbox 280 2384 365 2448; x_wconf 91' lang='lat' dir='ltr'>bono</span> <span class='ocrx_word' id='word_1_218' title='bbox 383 2382 551 2467; x_wconf 87' lang='lat' dir='ltr'>temporali</span> <span class='ocrx_word' id='word_1_219' title='bbox 570 2380 649 2447; x_wconf 84' lang='lat' dir='ltr'>frui.</span> <span class='ocrx_word' id='word_1_220' title='bbox 667 2385 767 2467; x_wconf 83' lang='lat' dir='ltr'>Ergo,</span> <span class='ocrx_word' id='word_1_221' title='bbox 784 2382 961 2448; x_wconf 88' lang='lat' dir='ltr'>secundnm</span> <span class='ocrx_word' id='word_1_222' title='bbox 978 2382 1136 2447; x_wconf 87' lang='lat' dir='ltr'>Divinum</span> 
     </span>
     <span class='ocr_line' id='line_1_29' title="bbox 59 2464 1133 2552; baseline -0.004 -20"><span class='ocrx_word' id='word_1_223' title='bbox 59 2466 239 2541; x_wconf 89' lang='lat' dir='ltr'>ludicium,</span> <span class='ocrx_word' id='word_1_224' title='bbox 258 2467 302 2529; x_wconf 90' lang='lat' dir='ltr'>ita</span> <span class='ocrx_word' id='word_1_225' title='bbox 326 2465 438 2550; x_wconf 79' lang='lat' dir='ltr'>pumri</span> <span class='ocrx_word' id='word_1_226' title='bbox 463 2464 583 2541; x_wconf 86' lang='lat' dir='ltr'>debet,</span> <span class='ocrx_word' id='word_1_227' title='bbox 608 2486 644 2529; x_wconf 90' lang='lat' dir='ltr'>ae</span> <span class='ocrx_word' id='word_1_228' title='bbox 673 2466 698 2529; x_wconf 92' lang='lat' dir='ltr'>si</span> <span class='ocrx_word' id='word_1_229' title='bbox 723 2466 929 2531; x_wconf 85' lang='lat' dir='ltr'>aeternaliter</span> <span class='ocrx_word' id='word_1_230' title='bbox 957 2474 1133 2552; x_wconf 85' lang='lat' dir='ltr'>peccasset.</span> 
     </span>
     <span class='ocr_line' id='line_1_30' title="bbox 57 2547 1137 2632; baseline -0.005 -16"><span class='ocrx_word' id='word_1_231' title='bbox 57 2548 152 2616; x_wconf 87' lang='lat' dir='ltr'>Nulli</span> <span class='ocrx_word' id='word_1_232' title='bbox 169 2556 277 2612; x_wconf 90' lang='lat' dir='ltr'>autem</span> <span class='ocrx_word' id='word_1_233' title='bbox 292 2547 432 2611; x_wconf 93' lang='lat' dir='ltr'>dubium</span> <span class='ocrx_word' id='word_1_234' title='bbox 447 2558 506 2622; x_wconf 91' lang='lat' dir='ltr'>est,</span> <span class='ocrx_word' id='word_1_235' title='bbox 522 2550 601 2630; x_wconf 92' lang='lat' dir='ltr'>quin</span> <span class='ocrx_word' id='word_1_236' title='bbox 619 2566 677 2631; x_wconf 88' lang='lat' dir='ltr'>pro</span> <span class='ocrx_word' id='word_1_237' title='bbox 693 2557 823 2612; x_wconf 88' lang='lat' dir='ltr'>aeterno</span> <span class='ocrx_word' id='word_1_238' title='bbox 848 2558 980 2632; x_wconf 87' lang='lat' dir='ltr'>peccato</span> <span class='ocrx_word' id='word_1_239' title='bbox 1003 2556 1137 2611; x_wconf 85' lang='lat' dir='ltr'>aeterna</span> 
     </span>
     <span class='ocr_line' id='line_1_31' title="bbox 59 2626 1136 2718; baseline -0.003 -23"><span class='ocrx_word' id='word_1_240' title='bbox 59 2651 168 2718; x_wconf 90' lang='lat' dir='ltr'>poena</span> <span class='ocrx_word' id='word_1_241' title='bbox 192 2628 360 2694; x_wconf 86' lang='lat' dir='ltr'>debeatur.</span> <span class='ocrx_word' id='word_1_242' title='bbox 379 2626 525 2693; x_wconf 87' lang='lat' dir='ltr'>Debetur</span> <span class='ocrx_word' id='word_1_243' title='bbox 546 2628 648 2713; x_wconf 81' lang='lat' dir='ltr'>igitur</span> <span class='ocrx_word' id='word_1_244' title='bbox 669 2630 718 2704; x_wconf 87' lang='lat' dir='ltr'>ei,</span> <span class='ocrx_word' id='word_1_245' title='bbox 734 2632 791 2715; x_wconf 91' lang='lat' dir='ltr'>qui</span> <span class='ocrx_word' id='word_1_246' title='bbox 815 2630 855 2694; x_wconf 86' lang='lat' dir='ltr'>ab</span> <span class='ocrx_word' id='word_1_247' title='bbox 880 2630 995 2693; x_wconf 89' lang='lat' dir='ltr'>ultimo</span> <span class='ocrx_word' id='word_1_248' title='bbox 1018 2626 1080 2693; x_wconf 88' lang='lat' dir='ltr'>line</span> <span class='ocrx_word' id='word_1_249' title='bbox 1103 2648 1136 2691; x_wconf 89' lang='lat' dir='ltr'>a·</span> 
     </span>
    </p>
   </div>
   <div class='ocr_carea' id='block_1_3' title="bbox 57 2712 1139 3267">
    <p class='ocr_par' dir='ltr' id='par_1_5' title="bbox 58 2712 575 2784">
     <span class='ocr_line' id='line_1_32' title="bbox 58 2712 575 2784; baseline -0.01 -7"><span class='ocrx_word' id='word_1_250' title='bbox 58 2713 217 2784; x_wconf 85' lang='lat' dir='ltr'>vertitur,</span> <span class='ocrx_word' id='word_1_251' title='bbox 265 2732 346 2775; x_wconf 91' lang='lat' dir='ltr'>oena</span> <span class='ocrx_word' id='word_1_252' title='bbox 370 2721 499 2774; x_wconf 87' lang='lat' dir='ltr'>aeterna</span> <span class='ocrx_word' id='word_1_253' title='bbox 516 2712 529 2747; x_wconf 78' lang='lat'>⁸</span> <span class='ocrx_word' id='word_1_254' title='bbox 546 2735 575 2773; x_wconf 77' lang='lat' dir='ltr'>n.</span> 
     </span>
    </p>

    <p class='ocr_par' dir='ltr' id='par_1_6' title="bbox 57 2732 1139 3267">
     <span class='ocr_line' id='line_1_33' title="bbox 103 2732 1138 2878; baseline -0.006 -19"><span class='ocrx_word' id='word_1_255' title='bbox 103 2792 140 2859; x_wconf 85' lang='lat' dir='ltr'>t⁰</span> <span class='ocrx_word' id='word_1_256' title='bbox 164 2816 180 2854; x_wconf 80' lang='lat' dir='ltr'>a</span> <span class='ocrx_word' id='word_1_257' title='bbox 199 2732 305 2857; x_wconf 77' lang='lat' dir='ltr'>Habet</span> <span class='ocrx_word' id='word_1_258' title='bbox 326 2790 497 2876; x_wconf 73' lang='lat' dir='ltr'>quodlibet</span> <span class='ocrx_word' id='word_1_259' title='bbox 520 2804 687 2878; x_wconf 88' lang='lat' dir='ltr'>peceatum</span> <span class='ocrx_word' id='word_1_260' title='bbox 716 2804 828 2858; x_wconf 91' lang='lat' dir='ltr'>contra</span> <span class='ocrx_word' id='word_1_261' title='bbox 850 2792 956 2857; x_wconf 86' lang='lat' dir='ltr'>Deum</span> <span class='ocrx_word' id='word_1_262' title='bbox 985 2794 1138 2856; x_wconf 86' lang='lat' dir='ltr'>commis-</span> 
     </span>
     <span class='ocr_line' id='line_1_34' title="bbox 58 2874 1136 2961; baseline -0.004 -20"><span class='ocrx_word' id='word_1_263' title='bbox 58 2898 139 2941; x_wconf 88' lang='lat' dir='ltr'>sum</span> <span class='ocrx_word' id='word_1_264' title='bbox 155 2874 329 2960; x_wconf 89' lang='lat' dir='ltr'>quamdam</span> <span class='ocrx_word' id='word_1_265' title='bbox 346 2874 534 2940; x_wconf 87' lang='lat' dir='ltr'>infinitatem</span> <span class='ocrx_word' id='word_1_266' title='bbox 551 2886 693 2961; x_wconf 76' lang='lat' dir='ltr'>exparte</span> <span class='ocrx_word' id='word_1_267' title='bbox 711 2875 784 2952; x_wconf 87' lang='lat' dir='ltr'>Dei,</span> <span class='ocrx_word' id='word_1_268' title='bbox 800 2888 911 2941; x_wconf 88' lang='lat' dir='ltr'>contra</span> <span class='ocrx_word' id='word_1_269' title='bbox 933 2896 1032 2958; x_wconf 87' lang='lat' dir='ltr'>quern</span> <span class='ocrx_word' id='word_1_270' title='bbox 1046 2896 1136 2938; x_wconf 92' lang='lat' dir='ltr'>eom-</span> 
     </span>
     <span class='ocr_line' id='line_1_35' title="bbox 58 2954 1136 3042; baseline -0.005 -19"><span class='ocrx_word' id='word_1_271' title='bbox 58 2960 222 3024; x_wconf 89' lang='lat' dir='ltr'>mittitur.</span> <span class='ocrx_word' id='word_1_272' title='bbox 246 2954 457 3021; x_wconf 80' lang='lat' dir='ltr'>Manifestum</span> <span class='ocrx_word' id='word_1_273' title='bbox 479 2969 527 3021; x_wconf 89' lang='lat' dir='ltr'>est</span> <span class='ocrx_word' id='word_1_274' title='bbox 547 2958 633 3019; x_wconf 87' lang='lat' dir='ltr'>enim</span> <span class='ocrx_word' id='word_1_275' title='bbox 666 2956 753 3041; x_wconf 89' lang='lat' dir='ltr'>quod</span> <span class='ocrx_word' id='word_1_276' title='bbox 778 2969 899 3042; x_wconf 89' lang='lat' dir='ltr'>quanto</span> <span class='ocrx_word' id='word_1_277' title='bbox 932 2959 1035 3021; x_wconf 86' lang='lat' dir='ltr'>maior</span> <span class='ocrx_word' id='word_1_278' title='bbox 1065 2978 1136 3042; x_wconf 89' lang='lat' dir='ltr'>per-</span> 
     </span>
     <span class='ocr_line' id='line_1_36' title="bbox 57 3046 1139 3125; baseline -0.006 -20"><span class='ocrx_word' id='word_1_279' title='bbox 57 3062 144 3105; x_wconf 88' lang='lat' dir='ltr'>sona</span> <span class='ocrx_word' id='word_1_280' title='bbox 167 3051 227 3114; x_wconf 89' lang='lat' dir='ltr'>est,</span> <span class='ocrx_word' id='word_1_281' title='bbox 250 3046 362 3102; x_wconf 89' lang='lat' dir='ltr'>contra</span> <span class='ocrx_word' id='word_1_282' title='bbox 385 3059 483 3121; x_wconf 88' lang='lat' dir='ltr'>quarn</span> <span class='ocrx_word' id='word_1_283' title='bbox 508 3046 673 3123; x_wconf 89' lang='lat' dir='ltr'>peccatur,</span> <span class='ocrx_word' id='word_1_284' title='bbox 692 3049 780 3105; x_wconf 90' lang='lat' dir='ltr'>tanto</span> <span class='ocrx_word' id='word_1_285' title='bbox 804 3048 973 3125; x_wconf 89' lang='lat' dir='ltr'>peccatum</span> <span class='ocrx_word' id='word_1_286' title='bbox 995 3050 1043 3103; x_wconf 89' lang='lat' dir='ltr'>est</span> <span class='ocrx_word' id='word_1_287' title='bbox 1067 3059 1139 3121; x_wconf 77' lang='lat' dir='ltr'>gra-</span> 
     </span>
     <span class='ocr_line' id='line_1_37' title="bbox 59 3119 1138 3267; baseline -0.004 -81"><span class='ocrx_word' id='word_1_288' title='bbox 59 3125 157 3195; x_wconf 81' lang='lat' dir='ltr'>vius;</span> <span class='ocrx_word' id='word_1_289' title='bbox 171 3122 254 3185; x_wconf 87' lang='lat' dir='ltr'>sieut</span> <span class='ocrx_word' id='word_1_290' title='bbox 268 3120 324 3203; x_wconf 91' lang='lat' dir='ltr'>qui</span> <span class='ocrx_word' id='word_1_291' title='bbox 340 3119 395 3183; x_wconf 91' lang='lat' dir='ltr'>dat</span> <span class='ocrx_word' id='word_1_292' title='bbox 409 3120 536 3203; x_wconf 87' lang='lat' dir='ltr'>alapam</span> <span class='ocrx_word' id='word_1_293' title='bbox 560 3121 669 3195; x_wconf 91' lang='lat' dir='ltr'>militi,</span> <span class='ocrx_word' id='word_1_294' title='bbox 687 3122 817 3207; x_wconf 81' lang='lat' dir='ltr'>gravius</span> <span class='ocrx_word' id='word_1_295' title='bbox 839 3129 1023 3207; x_wconf 84' lang='lat' dir='ltr'>reputatur,</span> <span class='ocrx_word' id='word_1_296' title='bbox 1041 3141 1138 3267; x_wconf 53' lang='lat' dir='ltr'>qpuarn</span> 
     </span>
    </p>
   </div>
   <div class='ocr_carea' id='block_1_4' title="bbox 58 3200 1140 3453">
    <p class='ocr_par' dir='ltr' id='par_1_7' title="bbox 58 3200 1140 3453">
     <span class='ocr_line' id='line_1_38' title="bbox 58 3200 1139 3289; baseline -0.008 -18"><span class='ocrx_word' id='word_1_297' title='bbox 58 3209 89 3271; x_wconf 87' lang='lat' dir='ltr'>si</span> <span class='ocrx_word' id='word_1_298' title='bbox 116 3203 212 3268; x_wconf 89' lang='lat' dir='ltr'>daret</span> <span class='ocrx_word' id='word_1_299' title='bbox 234 3202 367 3275; x_wconf 90' lang='lat' dir='ltr'>rustico,</span> <span class='ocrx_word' id='word_1_300' title='bbox 391 3213 422 3264; x_wconf 86' lang='lat' dir='ltr'>et</span> <span class='ocrx_word' id='word_1_301' title='bbox 444 3202 548 3266; x_wconf 89' lang='lat' dir='ltr'>adhue</span> <span class='ocrx_word' id='word_1_302' title='bbox 573 3202 672 3267; x_wconf 88' lang='lat' dir='ltr'>multo</span> <span class='ocrx_word' id='word_1_303' title='bbox 697 3204 853 3289; x_wconf 81' lang='lat' dir='ltr'>gravius,</span> <span class='ocrx_word' id='word_1_304' title='bbox 878 3206 903 3267; x_wconf 88' lang='lat' dir='ltr'>si</span> <span class='ocrx_word' id='word_1_305' title='bbox 931 3200 1023 3267; x_wconf 86' lang='lat' dir='ltr'>daret</span> <span class='ocrx_word' id='word_1_306' title='bbox 1074 3203 1139 3266; x_wconf 88' lang='lat' dir='ltr'>rin-</span> 
     </span>
     <span class='ocr_line' id='line_1_39' title="bbox 58 3282 1140 3372; baseline -0.006 -19"><span class='ocrx_word' id='word_1_307' title='bbox 58 3286 149 3372; x_wconf 89' lang='lat' dir='ltr'>cipi,</span> <span class='ocrx_word' id='word_1_308' title='bbox 172 3284 222 3348; x_wconf 83' lang='lat' dir='ltr'>vel</span> <span class='ocrx_word' id='word_1_309' title='bbox 245 3283 337 3367; x_wconf 84' lang='lat' dir='ltr'>Regi.</span> <span class='ocrx_word' id='word_1_310' title='bbox 353 3284 393 3347; x_wconf 88' lang='lat' dir='ltr'>Et</span> <span class='ocrx_word' id='word_1_311' title='bbox 415 3284 473 3359; x_wconf 86' lang='lat' dir='ltr'>sie,</span> <span class='ocrx_word' id='word_1_312' title='bbox 497 3305 571 3348; x_wconf 91' lang='lat' dir='ltr'>cum</span> <span class='ocrx_word' id='word_1_313' title='bbox 593 3283 682 3348; x_wconf 88' lang='lat' dir='ltr'>Deus</span> <span class='ocrx_word' id='word_1_314' title='bbox 705 3286 746 3350; x_wconf 91' lang='lat' dir='ltr'>sit</span> <span class='ocrx_word' id='word_1_315' title='bbox 767 3286 893 3350; x_wconf 85' lang='lat' dir='ltr'>inbuite</span> <span class='ocrx_word' id='word_1_316' title='bbox 918 3305 1065 3370; x_wconf 85' lang='lat' dir='ltr'>magnus,</span> <span class='ocrx_word' id='word_1_317' title='bbox 1092 3282 1140 3347; x_wconf 83' lang='lat' dir='ltr'>ol-</span> 
     </span>
     <span class='ocr_line' id='line_1_40' title="bbox 59 3364 1139 3453; baseline -0.006 -18"><span class='ocrx_word' id='word_1_318' title='bbox 59 3370 159 3435; x_wconf 85' lang='lat' dir='ltr'>fensa</span> <span class='ocrx_word' id='word_1_319' title='bbox 186 3374 297 3430; x_wconf 86' lang='lat' dir='ltr'>eontra</span> <span class='ocrx_word' id='word_1_320' title='bbox 318 3364 428 3450; x_wconf 92' lang='lat' dir='ltr'>lpsum</span> <span class='ocrx_word' id='word_1_321' title='bbox 450 3366 622 3430; x_wconf 89' lang='lat' dir='ltr'>commissa</span> <span class='ocrx_word' id='word_1_322' title='bbox 644 3378 693 3434; x_wconf 87' lang='lat' dir='ltr'>est</span> <span class='ocrx_word' id='word_1_323' title='bbox 721 3365 962 3453; x_wconf 87' lang='lat' dir='ltr'>quodammodo</span> <span class='ocrx_word' id='word_1_324' title='bbox 990 3366 1139 3442; x_wconf 81' lang='lat' dir='ltr'>inlinita3</span> 
     </span>
    </p>
   </div>
   <div class='ocr_carea' id='block_1_5' title="bbox 432 3493 766 3511">
    <p class='ocr_par' dir='ltr' id='par_1_8' title="bbox 432 3493 766 3511">
     <span class='ocr_line' id='line_1_41' title="bbox 432 3493 766 3511; baseline 0.006 -6"><span class='ocrx_word' id='word_1_325' title='bbox 432 3493 766 3511; x_wconf 53' lang='grc' dir='ltr'><em>Ἣ</em></span> 
     </span>
    </p>
   </div>
   <div class='ocr_carea' id='block_1_6' title="bbox 103 3562 1034 3697">
    <p class='ocr_par' dir='ltr' id='par_1_9' title="bbox 103 3562 1034 3697">
     <span class='ocr_line' id='line_1_42' title="bbox 103 3562 1034 3634; baseline 0.002 -15"><span class='ocrx_word' id='word_1_326' title='bbox 103 3571 113 3606; x_wconf 81' lang='lat'><strong>¹</strong></span> <span class='ocrx_word' id='word_1_327' title='bbox 137 3570 228 3620; x_wconf 84' lang='lat' dir='ltr'>Contr.</span> <span class='ocrx_word' id='word_1_328' title='bbox 249 3568 336 3625; x_wconf 67' lang='lat' dir='ltr'>(leat,</span> <span class='ocrx_word' id='word_1_329' title='bbox 358 3565 404 3616; x_wconf 88' lang='lat' dir='ltr'>lib.</span> <span class='ocrx_word' id='word_1_330' title='bbox 428 3562 474 3623; x_wconf 87' lang='grc' dir='ltr'>ΙΙΙ,</span> <span class='ocrx_word' id='word_1_331' title='bbox 494 3580 520 3615; x_wconf 88' lang='lat' dir='ltr'>o.</span> <span class='ocrx_word' id='word_1_332' title='bbox 544 3568 657 3617; x_wconf 74' lang='lat' dir='ltr'>tre-2</span> <span class='ocrx_word' id='word_1_333' title='bbox 680 3568 775 3628; x_wconf 53' lang='lat' dir='ltr'>1²2²ss</span> <span class='ocrx_word' id='word_1_334' title='bbox 796 3584 823 3634; x_wconf 76' lang='lat' dir='ltr'>q,</span> <span class='ocrx_word' id='word_1_335' title='bbox 845 3570 904 3629; x_wconf 69' lang='lat' dir='ltr'>cit„</span> <span class='ocrx_word' id='word_1_336' title='bbox 925 3585 950 3619; x_wconf 79' lang='lat' dir='ltr'>a.</span> <span class='ocrx_word' id='word_1_337' title='bbox 972 3570 988 3620; x_wconf 82' lang='grc'>3</span> <span class='ocrx_word' id='word_1_338' title='bbox 1008 3584 1034 3621; x_wconf 87' lang='lat' dir='ltr'>c.</span> 
     </span>
     <span class='ocr_line' id='line_1_43' title="bbox 103 3636 635 3697; baseline -0.006 -5"><span class='ocrx_word' id='word_1_339' title='bbox 103 3642 117 3677; x_wconf 82' lang='lat'><strong>³</strong></span> <span class='ocrx_word' id='word_1_340' title='bbox 140 3642 206 3696; x_wconf 77' lang='lat' dir='ltr'>lbld.</span> <span class='ocrx_word' id='word_1_341' title='bbox 222 3665 256 3677; x_wconf 83' lang='lat'><em>-</em></span> <span class='ocrx_word' id='word_1_342' title='bbox 270 3636 281 3675; x_wconf 75' lang='lat'>⁴</span> <span class='ocrx_word' id='word_1_343' title='bbox 295 3642 383 3691; x_wconf 79' lang='lat' dir='ltr'>contr.</span> <span class='ocrx_word' id='word_1_344' title='bbox 405 3640 493 3697; x_wconf 69' lang='lat' dir='ltr'>orne,</span> <span class='ocrx_word' id='word_1_345' title='bbox 514 3641 566 3687; x_wconf 89' lang='lat' dir='ltr'>loe.</span> <span class='ocrx_word' id='word_1_346' title='bbox 588 3644 635 3689; x_wconf 87' lang='lat' dir='ltr'>ott.</span> 
     </span>
    </p>
   </div>
   <div class='ocr_carea' id='block_1_7' title="bbox 146 3714 1000 3784">
    <p class='ocr_par' dir='ltr' id='par_1_10' title="bbox 146 3714 1000 3784">
     <span class='ocr_line' id='line_1_44' title="bbox 146 3714 1000 3784; baseline -0.014 -13"><span class='ocrx_word' id='word_1_347' title='bbox 146 3720 253 3771; x_wconf 74' lang='lat' dir='ltr'>l&#39;tnwtt.</span> <span class='ocrx_word' id='word_1_348' title='bbox 268 3714 377 3774; x_wconf 69' lang='lat' dir='ltr'>Culter.</span> <span class='ocrx_word' id='word_1_349' title='bbox 393 3724 531 3784; x_wconf 78' lang='lat' dir='ltr'>compend.</span> <span class='ocrx_word' id='word_1_350' title='bbox 549 3719 581 3770; x_wconf 88' lang='lat' dir='ltr'>ll.</span> <span class='ocrx_word' id='word_1_351' title='bbox 953 3724 1000 3777; x_wconf 69' lang='lat' dir='ltr'>pqr</span> 
     </span>
    </p>
   </div>
   <div class='ocr_carea' id='block_1_8' title="bbox 0 0 1249 3909">
    <p class='ocr_par' dir='ltr' id='par_1_11' title="bbox 0 0 1249 3909">
     <span class='ocr_line' id='line_1_45' title="bbox 0 0 1249 3909; baseline 0 0"><span class='ocrx_word' id='word_1_352' title='bbox 0 0 1249 3909; x_wconf 95' lang='lat' dir='ltr'> </span> 
     </span>
    </p>
   </div>
  </div>
 </body>
</html>
