2475 3909
109 164 170 234 230
516 183 694 234 sarnacum

63 269 249 336 conveniret
268 268 405 337 cuilibet
425 267 594 335 individua
614 268 764 345 homiui,
789 269 822 334 id
843 267 931 355 quod
953 269 1133 338 absurdum

64 363 122 417 est.
144 352 219 416 Noa
239 348 390 427 alterum,
413 352 491 436 quia
535 350 673 437 uidquid
696 361 744 417 cst
766 352 800 416 in
822 351 1006 429 individuo,
1028 355 1135 421 deter-

65 434 256 499 miaationes
279 432 495 501 individuales
513 372 625 509 babet,
645 454 682 497 ac
721 433 834 498 roindc
848 457 867 497 a
883 456 944 499 non
967 436 1133 504 invenitur

64 516 98 577 in
120 535 159 579 eo
179 518 392 583 communitas
407 516 528 601 aliqua,
555 517 611 580 sed
633 452 792 600 quidquid
815 525 863 581 est
885 517 917 581 iu
940 537 990 593 eo,
1012 517 1133 583 indivi-

64 594 198 661 duatum
221 610 270 664 est
284 600 295 637 ¹
311 623 339 661 n.
356 600 468 664 Restat
489 599 591 684 igitur
610 610 649 663 ut
670 595 866 664 universalia
887 610 960 663 actas
980 600 1013 663 iu
1037 602 1133 667 intel-

65 678 151 744 lectu
172 682 321 747 existant.

103 762 156 827 98.
178 760 403 828 Confirmatur.
419 763 575 827 Nationes
589 760 807 836 universales,
823 771 860 826 ut
881 763 915 825 iu
938 762 1055 827 subulis
1070 774 1138 829 tra-

65 840 165 920 ditur,
189 842 269 911 fiuut
290 866 349 931 per
366 844 619 922 abstractionem,
641 853 674 909 et
694 845 894 908 intentionem
916 846 1136 911 universalita-

65 924 105 986 tis
118 927 143 988 ².
167 927 230 991 Per
250 926 494 1004 abstractionem,
517 938 676 1012 quatenus
702 923 882 993 intellectus
916 939 1027 992 avocat
1049 932 1138 1013 cogi-

64 1009 219 1072 tationem
242 1008 282 1073 ab
305 1008 496 1086 individuis,
512 1008 684 1095 inquibus
700 1008 809 1091 aliqua
830 1019 945 1075 natura
961 1010 1137 1090 invenitur,

66 1098 121 1153 aut
143 1090 282 1155 inveniri
303 1104 430 1188 potest,
454 1103 486 1155 ei
507 1112 572 1156 nou
598 1089 687 1157 aliud
714 1090 858 1185 cogitat,
881 1091 943 1156 nisi
967 1112 1026 1167 ea,
1054 1112 1138 1177 quae

65 1173 282 1239 essentialiter
305 1195 407 1262 ipsam
435 1174 646 1240 constituunt.
670 1173 733 1236 Per
753 1175 949 1238 satanitarum
975 1176 1139 1238 nniversa-

65 1253 189 1330 litatis,
218 1268 374 1340 quatenus
403 1255 582 1322 intellectus
609 1252 788 1320 rellectitur
813 1276 913 1341 super
942 1254 1137 1323 abstractam

66 1336 231 1401 nationem
253 1338 344 1403 illius
369 1349 525 1415 naturae,
552 1351 584 1406 et
603 1338 724 1421 cogitat
746 1338 849 1423 ipsam
872 1335 910 1401 ad
936 1336 1028 1422 plura
1051 1337 1137 1401 indi-

68 1415 166 1482 vidua
189 1418 436 1485 indeterminate
459 1418 575 1485 referri
599 1439 704 1505 passe.
727 1419 826 1503 Atqui
842 1419 1028 1495 abstractio,
1043 1431 1074 1485 et
1088 1419 1137 1483 in·

66 1503 168 1565 tentio
190 1504 444 1568 universalitatis
466 1524 529 1567 non
557 1503 619 1567 nisi
644 1520 727 1585 opus
746 1499 927 1565 intellectus
950 1513 1033 1567 sunt.
1049 1504 1138 1586 Ergo

66 1584 263 1729 uuiqersalia
287 1597 362 1701 ³acta
383 1605 446 1649 non
469 1585 571 1659 alibi,
594 1604 692 1669 qaam
714 1584 747 1647 in
771 1582 946 1659 intellecta,
970 1604 1038 1649 esse
1063 1604 1139 1648 can·

68 1684 122 1728 sen
147 1687 202 1730 um
224 1677 273 1732 est
302 1718 310 1732 .

107 1748 158 1815 99.
182 1748 342 1814 Probatur
361 1748 398 1813 θ’
426 1769 509 1834 pars.
532 1749 667 1824 Natura,
691 1766 789 1832 quam
811 1745 993 1812 intellectus
1015 1746 1140 1813 abstra-

66 1840 150 1893 ctam
173 1852 191 1896 a
213 1830 457 1898 conditionibus
478 1828 717 1917 singularibus,
732 1839 829 1912 atque
851 1828 1068 1893 universalem
1083 1848 1140 1892 ca-

69 1912 160 1995 gitat,
183 1912 297 1979 eadem
318 1924 376 1991 est,
400 1936 438 1979 ao
460 1915 534 1990 illa,
556 1933 639 1998 quae
662 1910 873 1976 determinata
895 1908 1138 1976 conditionibus

67 1993 288 2080 singularibus
311 1996 344 2060 in
365 1997 463 2063 rebus
483 1997 666 2071 invenitur,
682 1993 763 2059 adeo
786 2002 823 2059 ut
843 1992 897 2057 illa
919 2013 995 2058 vere
1009 1991 1139 2078 praedi-

68 2088 161 2142 cetur
182 2077 221 2142 de
243 2078 381 2163 singulis
407 2077 611 2155 individuis,
641 2085 717 2161 puta
745 2096 820 2139 cum
847 2074 1001 2152 dicimus,
1024 2075 1139 2139 Petras

68 2172 111 2221 cst
134 2160 233 2225 torno.
257 2161 368 2243 Atqui,
385 2163 411 2226 si
435 2162 480 2226 ita
501 2182 534 2225 se
555 2180 607 2225 res
628 2157 741 2235 babet,
762 2157 866 2243 liquet
888 2156 1086 2222 intellectum
1102 2157 1139 2221 in

68 2242 148 2324 ipsis
170 2242 267 2307 rebus
289 2241 536 2308 fundamentum
557 2240 716 2314 invenire,
735 2261 776 2305 ex
798 2258 863 2324 quo
885 2250 1036 2303 naturam
1056 2237 1139 2322 ipsis

70 2343 276 2390 commanem
296 2325 386 2390 velut
406 2323 622 2392 universalem
648 2321 840 2389 considerat.
864 2322 951 2408 Ergo
971 2322 1141 2387 universa·

70 2403 112 2471 lia
133 2407 407 2488 santamentols'tor
429 2417 504 2473 suast
524 2408 559 2472 in
580 2404 678 2470 rebus
692 2406 716 2468 ⁸.

109 3015 119 3055 ί
139 3008 266 3067 ibid-²
285 3004 319 3060 Ct
334 3020 357 3057 s.
378 3002 486 3066 iham„
512 3002 535 3065 i,
554 3018 582 3068 q.
609 2998 753 3063 lxxxvi,
773 3017 800 3054 a.
821 3005 834 3055 t
855 3018 895 3065 o.,
914 3010 943 3056 οι
962 3007 1011 3071 Qq,
1032 3007 1136 3071 capp„

72 3096 112 3144 iis
130 3091 202 3147 Pon,
222 3099 250 3151 q.
270 3077 331 3141 vii,
352 3093 378 3131 a.
400 3079 430 3130 tt
450 3092 477 3129 c.

27 3206 32 3212 .
107 3156 172 3213 ³Ct'
190 3162 277 3211 contr.
298 3154 383 3209 Gont„
403 3152 451 3201 lih.
471 3147 494 3209 l,
514 3163 540 3199 c.
559 3146 606 3204 28.
626 3162 657 3198 n.
674 3148 702 3198 l.

107 3233 118 3271 ⁴
138 3232 282 3295 Utramque
301 3224 486 3289 propositionis
504 3224 608 3285 partem
629 3222 670 3271 his
690 3220 781 3284 paucis
800 3219 899 3272 iudicat
918 3218 1016 3272 Ductor
1035 3230 1134 3273 nostor:

74 3327 85 3353 ι
107 3305 274 3357 Humanitas.
295 3311 363 3364 quae
381 3296 549 3359 intelligitur,
562 3307 617 3343 non
630 3297 681 3350 est,
695 3290 745 3343 uisi
765 3294 792 3343 in
810 3292 873 3351 hoc,
887 3294 929 3345 rai
951 3294 998 3345 iiio
1017 3294 1138 3352 homiues

73 3380 118 3430 sed
138 3378 208 3441 qaod
226 3373 379 3425 humanitas
398 3366 613 3431 apprehendatur
631 3367 687 3415 sine
707 3364 910 3415 individualibus
929 3366 1138 3425 conditionibus,

72 3451 143 3515 quod
161 3456 203 3500 est
222 3450 305 3510 ipsam
330 3441 467 3499 abstrahi,
487 3440 520 3489 ad
538 3438 609 3501 quod
634 3436 754 3500 sequitur
777 3438 887 3487 intentio
916 3440 1139 3499 universalitatis,

72 3523 171 3574 accidit
183 3518 353 3575 humanitati,
365 3513 510 3566 secundum
524 3509 593 3573 quad
609 3510 755 3572 percipitur
772 3509 805 3558 ab
825 3510 974 3566 intellectu,
986 3510 1012 3559 in
1031 3524 1083 3574 quo
1097 3516 1142 3561 est

74 3594 218 3646 similitudo
238 3591 345 3655 speciei.
360 3594 387 3639 et
399 3600 451 3638 non
462 3582 663 3637 ladtriduaiium
679 3582 870 3647 principiorum
887 3601 912 3643 η
928 3582 948 3645 i,
963 3598 990 3648 q,
1005 3578 1140 3645 mxv,

74 3682 101 3720 a.
122 3666 137 3718 ἑ
157 3666 190 3719 ad
209 3664 236 3716 2.
