2475 3909
378 200 562 247 rnaonoets
586 200 774 249 narrasses
1007 186 1067 254 315

48 295 127 359 stus,
143 292 176 347 et
192 292 385 368 temperatus
408 285 562 358 efficiunt;
585 295 618 352 et
640 283 681 349 ad
703 296 865 352 certarnen
887 286 1061 370 instruunt,
1077 304 1110 357 et

49 376 217 452 peccatum
240 367 338 450 primi
368 368 512 452 parentis
533 365 594 431 tibi
617 368 651 432 iu
674 370 863 433 memoriam
884 369 1056 457 redigunt,
1077 384 1110 439 et

49 446 233 523 ostendunt,
248 459 441 531 quantorum
463 450 623 517 malornm
639 469 740 515 causa
763 451 804 516 sit
823 449 1053 519 inobedientia.
1073 502 1081 517 .
1100 503 1107 516 .

48 527 191 594 Aliunde
211 549 339 615 quoque
361 550 532 615 possumus
553 535 586 597 in
609 531 657 596 his
679 531 832 597 admirari
857 534 1028 618 providum
1049 533 1110 601 Dei

51 612 237 678 consilium.
263 660 270 675 .
296 614 504 699 ,Tamquam
536 615 624 679 enim
656 635 766 679 servae
799 616 917 699 [suae]
949 616 1110 702 relegatae

48 702 135 770 sunt,
158 703 191 759 et
212 701 370 779 ternpore,
386 706 419 761 et
440 697 511 761 loco
533 717 552 759 a
574 695 668 761 nobis
684 696 796 782 procul
818 709 973 774 remotae;
994 713 1026 766 et
1048 699 1110 763 uisi

50 790 88 841 tu
109 794 165 840 eas
184 776 352 850 invaseris,
368 789 470 844 caete
493 799 555 842 non
577 779 744 855 invadunt,
762 776 816 843 sed
832 792 1001 848 versantur
1013 783 1049 847 iu
1063 800 1113 845 se-

50 856 266 927 litudinibus¹
284 882 313 920 n.
337 858 399 925 Sed
421 859 460 925 de
482 862 531 926 bis
552 858 685 925 uberius
708 860 807 925 inira.

91 942 141 1007 aa.
165 938 387 1007 Obiectionem
419 952 527 1008 antem
552 953 697 1008 veterum
722 944 749 1009 E
775 944 1024 1018 icnraeorum¹‚
1052 946 1111 1029 qui

49 1021 304 1109 pulcherrimam
327 1025 408 1088 hanc
428 1024 534 1101 coeli,
558 1034 728 1108 terraeque
751 962 951 1091 dornoniam
973 1046 990 1090 a
1014 1024 1111 1091 bruta

49 1105 187 1171 materia
208 1123 284 1168 casn
306 1105 441 1171 lortuito
467 1108 655 1193 productam
679 1106 778 1173 luisse
799 1105 1021 1203 obganniunt,
1046 1109 1112 1171 iana

49 1186 133 1251 alibi
154 1186 445 1263 exsufflavimus⁸3
469 1210 532 1253 non
554 1190 669 1254 solum
685 1190 773 1253 enirn
795 1208 981 1253 universam
1000 1209 1112 1254 rerum

50 1266 290 1334 mundanarum
311 1272 634 1355 coagmentationem,
657 1268 711 1334 sed
733 1291 773 1335 ne
795 1269 895 1334 ullam
917 1272 1049 1355 quidem
1063 1291 1115 1335 re·
1175 1338 1179 1349 ,

48 1372 127 1415 rum
148 1350 288 1434 speciem
308 1371 348 1414 ex
371 1365 552 1417 atomorum
579 1372 739 1417 concursu
759 1350 892 1437 prodire
937 1354 1058 1417 otuisse
1080 1373 1115 1416 o-

47 1432 240 1499 stendimus.
255 1432 461 1518 Quapropter
479 1433 519 1499 de
540 1436 601 1499 boc
623 1435 880 1518 Epicuraeorum
923 1434 1117 1501 clirarncnto

48 1514 160 1581 aiebat
178 1516 379 1581 Lactantius:
401 1540 419 1578 (ι
441 1519 570 1594 Quanto
592 1516 710 1581 melina
732 1515 841 1580 luerat
862 1524 993 1594 tacere,
1016 1536 1116 1601 quam

49 1601 87 1663 in
107 1618 186 1663 usus
206 1605 271 1663 ιιιιιι
293 1597 507 1674 miserabiles,
530 1611 595 1665 tana
619 1599 729 1662 inanes
751 1596 869 1661 babere
890 1597 1060 1685 linguaml
1083 1608 1116 1662 et

48 1678 185 1765 quidem
207 1700 332 1755 vereor,
348 1701 387 1745 ne
409 1702 472 1745 uon
494 1683 601 1747 minus
622 1679 761 1745 delirare
781 1676 943 1757 rideatur,
958 1680 1015 1767 qui
1037 1679 1115 1744 baec

49 1770 145 1846 putet
165 1760 343 1828 refellenda
357 1765 370 1799 ⁸
385 1786 414 1826 a.
431 1763 592 1840 Ceterum,
607 1762 668 1827 etsi
691 1759 786 1826 detur
806 1769 929 1825 atomos
951 1781 969 1825 a
990 1782 1024 1826 se
1045 1761 1119 1826 exi·

49 1855 149 1921 alere,
163 1854 198 1909 et
218 1866 260 1909 ex
282 1845 331 1909 eis
344 1844 557 1930 improductis
579 1840 703 1929 aliquid
726 1842 796 1907 fieri
818 1862 929 1928 posse,
944 1852 1014 1908 tam
1028 1845 1117 1929 ipsas

50 1935 166 2013 sponte
187 1944 221 1990 so
242 1946 384 2002 movere,
399 1937 496 2012 atque
517 1926 615 1991 talem
637 1944 706 1989 esse
726 1924 812 1989 buno
833 1933 969 2002 motum,
994 1933 1031 1990 ut
1051 1922 1114 1990 sibi

50 2008 135 2093 ipsis
155 2028 329 2073 occurrere
355 2007 518 2085 debeant,
541 2018 574 2074 et
599 2026 709 2073 secum
737 2008 986 2085 consocientur,
1008 2018 1116 2074 tamen

50 2110 113 2155 nec
134 2089 167 2154 id
188 2092 296 2155 evinci
318 2101 437 2187 potest,
459 2091 545 2156 bunc
566 2086 678 2154 mundi
702 2086 850 2152 ordinem
873 2109 914 2152 ex
936 2089 1015 2174 ipsis
1037 2096 1141 2155 easu'

51 2170 223 2258 prodiisse.
240 2173 369 2238 Etenim
384 2171 460 2257 fingi
477 2194 540 2236 non
563 2179 668 2257 potest
691 2180 813 2236 atomos
835 2169 971 2235 infinitis
988 2170 1119 2237 vicibus

51 2275 112 2319 sua
132 2264 246 2339 sponte
268 2275 301 2319 se
323 2252 517 2331 dissolvisse,
532 2253 630 2319 semel
652 2271 689 2316 ee
710 2272 788 2316 vero
809 2252 899 2332 baec,
914 2272 997 2337 quae
1020 2254 1119 2317 modo

51 2347 227 2433 spectatur,
250 2335 364 2402 mundi
385 2334 600 2402 conlorrnatio
621 2352 698 2399 easu
720 2333 868 2417 contigit,
891 2355 955 2398 non
977 2354 1029 2399 am
1055 2334 1118 2399 lius

52 2418 200 2484 drssolri.
217 2417 358 2494 aenaea,
373 2439 447 2483 curn
462 2428 610 2484 constans
632 2414 765 2481 allectus
787 2424 985 2482 constantem
1000 2417 1019 2480 b
1082 2436 1118 2481 re

52 2500 170 2566 debeat
182 2520 325 2578 eausam,
341 2499 412 2565 fieri
427 2520 490 2564 non
505 2500 674 2582 potuisset,
689 2494 961 2581 quemadmodum
981 2520 1006 2563 a.
1022 2498 1120 2565 atha-

53 2582 164 2649 nasius
182 2581 412 2657 observarit⁸,
434 2590 471 2647 ut
493 2590 539 2647 tot
559 2600 625 2645 nou
652 2578 823 2643 dissimilia
849 2580 978 2656 solnm,
1004 2600 1117 2645 verum

52 2663 154 2731 etiarn
175 2664 335 2730 contraria
356 2682 493 2748 corpora
513 2662 736 2747 conspirarent
758 2662 793 2725 in
814 2680 929 2736 unum,
949 2664 1119 2731 unitatem-

52 2768 120 2834 que
140 2756 367 2812 conservarent
387 2756 559 2831 perpetuo,
581 2764 620 2808 ac
642 2752 810 2810 tuerentur
822 2744 846 2805 ⁸.

388 2886 718 2907 ᾔ

91 2969 102 3009 ¹
124 2968 153 3022 ln
172 2972 245 3021 Paul.
261 2972 402 3031 CXLVIII,
422 2985 449 3020 n.
469 2970 497 3027 3,
517 2975 545 3020 at
562 2970 591 3020 I.
611 2963 648 3020 CI
662 2981 685 3018 a.
702 2965 785 3031 Iup,
799 2968 837 3018 Ile
850 2969 902 3020 cle.
918 2969 978 3029 Del,
997 2968 1050 3020 loe.
1070 2972 1117 3021 eil.

91 3044 105 3081 ²
123 3040 161 3093 ue
180 3042 221 3093 bie
238 3042 271 3093 cl
286 3044 411 3102 Coemol„
431 3057 457 3094 c.
477 3040 537 3101 l'll,
557 3056 585 3091 ι.
607 3040 632 3100 l,
654 3055 680 3103 p.
705 3040 764 3091 tot.
786 3046 841 3089 uot.
862 3041 890 3091 I.

92 3114 203 3174 libid„
224 3130 252 3179 p.
276 3115 336 3176 tea,
356 3122 384 3166 et
401 3129 428 3166 c.
449 3112 471 3174 l,
491 3129 519 3164 ι.
542 3114 566 3169 l,
586 3128 614 3177 p.
634 3112 729 3163 tte-ee.

91 3187 103 3224 ⁴
125 3190 164 3238 ne
181 3191 224 3240 e‘ru
245 3190 301 3246 Dei.
321 3203 347 3239 e.
370 3188 466 3238 tlt—³
484 3189 576 3237 Oratio
595 3192 686 3236 eontra
706 3186 807 3243 Gentes,
827 3199 854 3234 n.
876 3184 922 3236 35.

92 3255 191 3312 ecum
211 3262 278 3311 baec
298 3263 333 3310 ita
352 3274 381 3311 ee
400 3260 524 3316 babeant,
543 3259 621 3308 Iaclle
641 3256 759 3306 redditur
778 3268 932 3320 responsum
951 3255 1038 3306 albeta
1056 3254 1121 3315 lllie,

56 3334 102 3395 qul
121 3334 244 3396 exemplo
263 3336 375 3383 utuntur
392 3330 516 3389 llorncri,
536 3338 583 3380 ant
603 3328 706 3392 Virgiltl
725 3330 860 3385 earmlnle,
879 3328 959 3393 quod,
979 3328 1002 3378 sl
1021 3326 1121 3380 lnflnite

58 3407 183 3455 nolarum
205 3406 463 3471 typographycarnm
483 3402 679 3465 coagmentatio
698 3406 828 3464 ponatur,
849 3414 880 3450 er
899 3412 992 3451 aarum
1011 3398 1122 3451 lortuito

58 3478 131 3526 tactu
151 3478 258 3529 landam
277 3478 420 3542 aliqnando
433 3476 538 3539 prodire
557 3488 633 3537 posse
648 3473 761 3537 fingunt.
783 3470 900 3529 Etenim,
921 3476 950 3522 ut
969 3472 1036 3521 baso
1049 3486 1125 3523 corn-

59 3550 158 3610 poaltlo
176 3550 236 3613 tlngl
256 3551 348 3613 possit,
368 3549 514 3613 requlu'tur
532 3560 612 3597 cauea
632 3546 798 3609 intelligens,
818 3557 886 3609 quae
906 3547 981 3594 notas
1001 3548 1125 3608 typogra-

59 3618 159 3681 pbycas
178 3621 315 3680 ellormet,
340 3622 437 3686 quibas
462 3623 555 3670 Illerae
580 3618 728 3682 iusoulptae
754 3616 852 3667 luerint
877 3621 955 3680 aptae
980 3613 1124 3667 Aeneidem

59 3691 193 3747 confluere
212 3696 319 3763 pollue,
339 3707 421 3761 qnam
439 3692 566 3755 Iliadem,
587 3694 635 3743 ant
654 3702 748 3757 poena
767 3688 874 3759 aliquod
893 3686 1037 3743 Arabicum
1048 3724 1058 3753 ‚
1077 3690 1126 3743 aut

1132 3846 1236 3883 ‚A
