<?xml version="1.0" encoding="UTF-8"?>
<!DOCTYPE html PUBLIC "-//W3C//DTD XHTML 1.0 Transitional//EN"
    "http://www.w3.org/TR/xhtml1/DTD/xhtml1-transitional.dtd">
<html xmlns="http://www.w3.org/1999/xhtml" xml:lang="en" lang="en">
 <head>
  <title>
</title>
<meta http-equiv="Content-Type" content="text/html;charset=utf-8" />
  <meta name='ocr-system' content='tesseract 3.04.00' />
  <meta name='ocr-capabilities' content='ocr_page ocr_carea ocr_par ocr_line ocrx_word'/>
</head>
<body>
  <div class='ocr_page' id='page_1' title='image "./philosophiachri00sansgoog_0346.png"; bbox 0 0 2475 3909; ppageno 0'>
   <div class='ocr_carea' id='block_1_1' title="bbox 119 90 710 155">
    <p class='ocr_par' dir='ltr' id='par_1_1' title="bbox 119 90 710 155">
     <span class='ocr_line' id='line_1_1' title="bbox 119 90 710 155; baseline -0.002 0"><span class='ocrx_word' id='word_1_1' title='bbox 119 90 162 155; x_wconf 83' lang='lat' dir='ltr'><strong>ll</strong></span> <span class='ocrx_word' id='word_1_2' title='bbox 528 106 710 154; x_wconf 77' lang='lat' dir='ltr'><strong>osroaaarn</strong></span> 
     </span>
    </p>
   </div>
   <div class='ocr_carea' id='block_1_2' title="bbox 64 184 1147 2977">
    <p class='ocr_par' dir='ltr' id='par_1_2' title="bbox 71 184 1147 1071">
     <span class='ocr_line' id='line_1_2' title="bbox 77 184 1144 269; baseline -0.008 -12"><span class='ocrx_word' id='word_1_3' title='bbox 77 192 166 257; x_wconf 91' lang='lat' dir='ltr'><strong>modi</strong></span> <span class='ocrx_word' id='word_1_4' title='bbox 187 204 292 269; x_wconf 87' lang='lat' dir='ltr'><strong>esset,</strong></span> <span class='ocrx_word' id='word_1_5' title='bbox 320 198 357 255; x_wconf 91' lang='lat' dir='ltr'><strong>nt</strong></span> <span class='ocrx_word' id='word_1_6' title='bbox 382 190 453 253; x_wconf 89' lang='lat' dir='ltr'><strong>eius</strong></span> <span class='ocrx_word' id='word_1_7' title='bbox 480 191 617 258; x_wconf 77' lang='lat' dir='ltr'><strong>essentia</strong></span> <span class='ocrx_word' id='word_1_8' title='bbox 644 190 853 257; x_wconf 75' lang='lat' dir='ltr'>existentiam</span> <span class='ocrx_word' id='word_1_9' title='bbox 874 184 1027 253; x_wconf 86' lang='lat' dir='ltr'><strong>includat.</strong></span> <span class='ocrx_word' id='word_1_10' title='bbox 1050 184 1144 262; x_wconf 89' lang='lat' dir='ltr'><strong>ltem,</strong></span> 
     </span>
     <span class='ocr_line' id='line_1_3' title="bbox 74 266 1147 414; baseline -0.005 -77"><span class='ocrx_word' id='word_1_11' title='bbox 74 274 102 337; x_wconf 90' lang='lat' dir='ltr'><strong>si</strong></span> <span class='ocrx_word' id='word_1_12' title='bbox 125 272 301 339; x_wconf 87' lang='lat' dir='ltr'><strong>substantia</strong></span> <span class='ocrx_word' id='word_1_13' title='bbox 323 272 449 336; x_wconf 88' lang='lat' dir='ltr'><strong>dicatur</strong></span> <span class='ocrx_word' id='word_1_14' title='bbox 471 271 522 349; x_wconf 94' lang='lat' dir='ltr'><strong>id,</strong></span> <span class='ocrx_word' id='word_1_15' title='bbox 542 273 638 337; x_wconf 90' lang='lat' dir='ltr'><strong>cuius</strong></span> <span class='ocrx_word' id='word_1_16' title='bbox 659 282 833 357; x_wconf 87' lang='lat' dir='ltr'><strong>conceptus</strong></span> <span class='ocrx_word' id='word_1_17' title='bbox 854 289 917 334; x_wconf 91' lang='lat' dir='ltr'><strong>non</strong></span> <span class='ocrx_word' id='word_1_18' title='bbox 931 266 1057 414; x_wconf 68' lang='lat' dir='ltr'><strong>indipet</strong></span> <span class='ocrx_word' id='word_1_19' title='bbox 1071 287 1147 363; x_wconf 77' lang='lat' dir='ltr'><strong>con-</strong></span> 
     </span>
     <span class='ocr_line' id='line_1_4' title="bbox 73 352 1145 444; baseline -0.006 -25"><span class='ocrx_word' id='word_1_20' title='bbox 73 366 172 441; x_wconf 86' lang='lat' dir='ltr'><strong>ceptu</strong></span> <span class='ocrx_word' id='word_1_21' title='bbox 196 355 330 420; x_wconf 89' lang='lat' dir='ltr'><strong>alterius</strong></span> <span class='ocrx_word' id='word_1_22' title='bbox 352 353 412 429; x_wconf 88' lang='lat' dir='ltr'><strong>rei,</strong></span> <span class='ocrx_word' id='word_1_23' title='bbox 428 352 497 438; x_wconf 89' lang='lat' dir='ltr'><strong>ipsa</strong></span> <span class='ocrx_word' id='word_1_24' title='bbox 516 354 704 421; x_wconf 85' lang='lat' dir='ltr'><strong>huiusmodi</strong></span> <span class='ocrx_word' id='word_1_25' title='bbox 725 363 822 428; x_wconf 88' lang='lat' dir='ltr'><strong>esset,</strong></span> <span class='ocrx_word' id='word_1_26' title='bbox 835 361 874 417; x_wconf 88' lang='lat' dir='ltr'><strong>ut</strong></span> <span class='ocrx_word' id='word_1_27' title='bbox 892 371 955 415; x_wconf 89' lang='lat' dir='ltr'><strong>non</strong></span> <span class='ocrx_word' id='word_1_28' title='bbox 976 371 1012 415; x_wconf 93' lang='lat' dir='ltr'><strong>so</strong></span> <span class='ocrx_word' id='word_1_29' title='bbox 1024 370 1082 413; x_wconf 91' lang='lat' dir='ltr'><strong>um</strong></span> <span class='ocrx_word' id='word_1_30' title='bbox 1094 370 1145 444; x_wconf 68' lang='lat' dir='ltr'><strong>pn-</strong></span> 
     </span>
     <span class='ocr_line' id='line_1_5' title="bbox 74 433 1145 513; baseline -0.005 -12"><span class='ocrx_word' id='word_1_31' title='bbox 74 434 274 503; x_wconf 87' lang='lat' dir='ltr'><strong>baarentiam</strong></span> <span class='ocrx_word' id='word_1_32' title='bbox 289 436 323 501; x_wconf 92' lang='lat' dir='ltr'><strong>in</strong></span> <span class='ocrx_word' id='word_1_33' title='bbox 338 433 492 513; x_wconf 88' lang='lat' dir='ltr'><strong>subiecto,</strong></span> <span class='ocrx_word' id='word_1_34' title='bbox 509 436 681 504; x_wconf 87' lang='lat' dir='ltr'><strong>sedetiam</strong></span> <span class='ocrx_word' id='word_1_35' title='bbox 701 455 830 502; x_wconf 83' lang='lat' dir='ltr'><strong>causam</strong></span> <span class='ocrx_word' id='word_1_36' title='bbox 853 455 930 499; x_wconf 90' lang='lat' dir='ltr'><strong>suae</strong></span> <span class='ocrx_word' id='word_1_37' title='bbox 951 434 1145 499; x_wconf 77' lang='lat' dir='ltr'><strong>existentiae</strong></span> 
     </span>
     <span class='ocr_line' id='line_1_6' title="bbox 74 516 1145 603; baseline -0.004 -22"><span class='ocrx_word' id='word_1_38' title='bbox 74 516 236 584; x_wconf 85' lang='lat' dir='ltr'><strong>excludat.</strong></span> <span class='ocrx_word' id='word_1_39' title='bbox 260 517 360 603; x_wconf 76' lang='lat' dir='ltr'><strong>Atqui</strong></span> <span class='ocrx_word' id='word_1_40' title='bbox 386 516 464 582; x_wconf 89' lang='lat' dir='ltr'><strong>baec</strong></span> <span class='ocrx_word' id='word_1_41' title='bbox 491 518 557 586; x_wconf 94' lang='lat' dir='ltr'><strong>duo</strong></span> <span class='ocrx_word' id='word_1_42' title='bbox 583 519 644 585; x_wconf 89' lang='lat' dir='ltr'><strong>soli</strong></span> <span class='ocrx_word' id='word_1_43' title='bbox 672 518 741 583; x_wconf 88' lang='lat' dir='ltr'><strong>Deo</strong></span> <span class='ocrx_word' id='word_1_44' title='bbox 763 516 968 582; x_wconf 82' lang='lat' dir='ltr'><strong>conveniunt.</strong></span> <span class='ocrx_word' id='word_1_45' title='bbox 992 516 1080 597; x_wconf 79' lang='lat' dir='ltr'><strong>Ergo</strong></span> <span class='ocrx_word' id='word_1_46' title='bbox 1100 533 1145 577; x_wconf 85' lang='lat' dir='ltr'><strong>ex</strong></span> 
     </span>
     <span class='ocr_line' id='line_1_7' title="bbox 72 594 1145 695; baseline -0.005 -32"><span class='ocrx_word' id='word_1_47' title='bbox 72 597 263 665; x_wconf 88' lang='lat' dir='ltr'><strong>definitione</strong></span> <span class='ocrx_word' id='word_1_48' title='bbox 291 598 482 695; x_wconf 86' lang='lat' dir='ltr'><strong>Spinosiana</strong></span> <span class='ocrx_word' id='word_1_49' title='bbox 510 603 745 687; x_wconf 81' lang='lat' dir='ltr'><strong>consequitur,</strong></span> <span class='ocrx_word' id='word_1_50' title='bbox 775 594 1052 691; x_wconf 76' lang='lat' dir='ltr'><strong>quemadmodum</strong></span> <span class='ocrx_word' id='word_1_51' title='bbox 1073 594 1145 680; x_wconf 87' lang='lat' dir='ltr'><strong>ipse</strong></span> 
     </span>
     <span class='ocr_line' id='line_1_8' title="bbox 72 679 1146 774; baseline -0.006 -28"><span class='ocrx_word' id='word_1_52' title='bbox 72 681 207 766; x_wconf 89' lang='lat' dir='ltr'><strong>Spinosa</strong></span> <span class='ocrx_word' id='word_1_53' title='bbox 228 680 354 755; x_wconf 77' lang='lat' dir='ltr'><strong>docuit,</strong></span> <span class='ocrx_word' id='word_1_54' title='bbox 377 681 481 746; x_wconf 89' lang='lat' dir='ltr'><strong>solum</strong></span> <span class='ocrx_word' id='word_1_55' title='bbox 497 683 601 749; x_wconf 88' lang='lat' dir='ltr'><strong>Deum</strong></span> <span class='ocrx_word' id='word_1_56' title='bbox 623 704 691 748; x_wconf 90' lang='lat' dir='ltr'><strong>esse</strong></span> <span class='ocrx_word' id='word_1_57' title='bbox 714 679 938 747; x_wconf 76' lang='lat' dir='ltr'><strong>substantiam.</strong></span> <span class='ocrx_word' id='word_1_58' title='bbox 954 683 1055 763; x_wconf 70' lang='lat' dir='ltr'><strong>utam</strong></span> <span class='ocrx_word' id='word_1_59' title='bbox 1068 697 1146 774; x_wconf 76' lang='lat' dir='ltr'><strong>eon-</strong></span> 
     </span>
     <span class='ocr_line' id='line_1_9' title="bbox 71 762 1145 848; baseline -0.002 -21"><span class='ocrx_word' id='word_1_60' title='bbox 71 783 220 847; x_wconf 86' lang='lat' dir='ltr'><strong>sequens,</strong></span> <span class='ocrx_word' id='word_1_61' title='bbox 236 772 273 828; x_wconf 90' lang='lat' dir='ltr'><strong>ut</strong></span> <span class='ocrx_word' id='word_1_62' title='bbox 294 764 328 827; x_wconf 90' lang='lat' dir='ltr'><strong>in</strong></span> <span class='ocrx_word' id='word_1_63' title='bbox 342 762 517 848; x_wconf 82' lang='lat' dir='ltr'><strong>Tbeologia</strong></span> <span class='ocrx_word' id='word_1_64' title='bbox 542 766 680 830; x_wconf 89' lang='lat' dir='ltr'><strong>naturali</strong></span> <span class='ocrx_word' id='word_1_65' title='bbox 697 762 913 837; x_wconf 71' lang='lat' dir='ltr'><strong>ostendemus,</strong></span> <span class='ocrx_word' id='word_1_66' title='bbox 929 770 978 826; x_wconf 90' lang='lat' dir='ltr'><strong>est</strong></span> <span class='ocrx_word' id='word_1_67' title='bbox 999 779 1145 825; x_wconf 76' lang='lat' dir='ltr'><strong>maxime</strong></span> 
     </span>
     <span class='ocr_line' id='line_1_10' title="bbox 72 842 1146 938; baseline -0.001 -30"><span class='ocrx_word' id='word_1_68' title='bbox 72 843 263 909; x_wconf 83' lang='lat' dir='ltr'><strong>absurdum.</strong></span> <span class='ocrx_word' id='word_1_69' title='bbox 288 846 376 929; x_wconf 82' lang='lat' dir='ltr'><strong>Ergo</strong></span> <span class='ocrx_word' id='word_1_70' title='bbox 390 845 572 931; x_wconf 88' lang='lat' dir='ltr'><strong>spinosiana</strong></span> <span class='ocrx_word' id='word_1_71' title='bbox 589 847 784 913; x_wconf 86' lang='lat' dir='ltr'><strong>substantiae</strong></span> <span class='ocrx_word' id='word_1_72' title='bbox 797 842 959 917; x_wconf 85' lang='lat' dir='ltr'><strong>definitio,</strong></span> <span class='ocrx_word' id='word_1_73' title='bbox 971 864 1013 907; x_wconf 80' lang='lat' dir='ltr'><strong>ex</strong></span> <span class='ocrx_word' id='word_1_74' title='bbox 1026 861 1092 938; x_wconf 77' lang='lat' dir='ltr'><strong>qua</strong></span> <span class='ocrx_word' id='word_1_75' title='bbox 1106 842 1146 907; x_wconf 92' lang='lat' dir='ltr'><strong>il·</strong></span> 
     </span>
     <span class='ocr_line' id='line_1_11' title="bbox 72 924 1146 1071; baseline 0 -82"><span class='ocrx_word' id='word_1_76' title='bbox 72 924 129 1071; x_wconf 71' lang='lat' dir='ltr'><strong>ldud</strong></span> <span class='ocrx_word' id='word_1_77' title='bbox 150 946 349 1011; x_wconf 87' lang='lat' dir='ltr'><strong>consequeus</strong></span> <span class='ocrx_word' id='word_1_78' title='bbox 364 926 540 1007; x_wconf 86' lang='lat' dir='ltr'><strong>derivatur,</strong></span> <span class='ocrx_word' id='word_1_79' title='bbox 558 930 657 995; x_wconf 89' lang='lat' dir='ltr'><strong>veluti</strong></span> <span class='ocrx_word' id='word_1_80' title='bbox 680 930 814 993; x_wconf 89' lang='lat' dir='ltr'><strong>omnino</strong></span> <span class='ocrx_word' id='word_1_81' title='bbox 837 924 975 989; x_wconf 88' lang='lat' dir='ltr'><strong>absurda</strong></span> <span class='ocrx_word' id='word_1_82' title='bbox 990 924 1146 989; x_wconf 80' lang='lat' dir='ltr'><strong>reincien-</strong></span> 
     </span>
    </p>

    <p class='ocr_par' dir='ltr' id='par_1_3' title="bbox 97 1018 194 1071">
     <span class='ocr_line' id='line_1_12' title="bbox 97 1018 194 1071; baseline 0.01 -1"><span class='ocrx_word' id='word_1_83' title='bbox 97 1028 114 1070; x_wconf 89' lang='lat' dir='ltr'><strong>a</strong></span> <span class='ocrx_word' id='word_1_84' title='bbox 137 1018 194 1071; x_wconf 90' lang='lat' dir='ltr'><strong>cst.</strong></span> 
     </span>
    </p>

    <p class='ocr_par' dir='ltr' id='par_1_4' title="bbox 70 1086 1141 1255">
     <span class='ocr_line' id='line_1_13' title="bbox 113 1086 1141 1173; baseline 0.001 -22"><span class='ocrx_word' id='word_1_85' title='bbox 113 1088 182 1153; x_wconf 78' lang='lat'><strong>125.</strong></span> <span class='ocrx_word' id='word_1_86' title='bbox 207 1090 302 1172; x_wconf 88' lang='lat' dir='ltr'><strong>Prop.</strong></span> <span class='ocrx_word' id='word_1_87' title='bbox 325 1086 372 1154; x_wconf 74' lang='lat'><strong>3².</strong></span> <span class='ocrx_word' id='word_1_88' title='bbox 395 1090 488 1156; x_wconf 83' lang='lat' dir='ltr'><strong>Falsi</strong></span> <span class='ocrx_word' id='word_1_89' title='bbox 509 1103 579 1157; x_wconf 86' lang='lat' dir='ltr'><strong>suat</strong></span> <span class='ocrx_word' id='word_1_90' title='bbox 598 1092 773 1159; x_wconf 84' lang='lat' dir='ltr'><strong>Leibaitius</strong></span> <span class='ocrx_word' id='word_1_91' title='bbox 791 1090 814 1167; x_wconf 82' lang='lat'><strong>¹,</strong></span> <span class='ocrx_word' id='word_1_92' title='bbox 830 1088 968 1154; x_wconf 78' lang='lat' dir='ltr'><strong>diustius</strong></span> <span class='ocrx_word' id='word_1_93' title='bbox 982 1089 1008 1163; x_wconf 81' lang='lat'><strong>²,</strong></span> <span class='ocrx_word' id='word_1_94' title='bbox 1024 1088 1141 1173; x_wconf 78' lang='lat' dir='ltr'><strong>aliique</strong></span> 
     </span>
     <span class='ocr_line' id='line_1_14' title="bbox 70 1170 1086 1255; baseline 0.003 -24"><span class='ocrx_word' id='word_1_95' title='bbox 70 1189 115 1231; x_wconf 85' lang='lat' dir='ltr'><strong>aa</strong></span> <span class='ocrx_word' id='word_1_96' title='bbox 137 1171 195 1245; x_wconf 86' lang='lat' dir='ltr'><strong>eri,</strong></span> <span class='ocrx_word' id='word_1_97' title='bbox 218 1172 272 1255; x_wconf 80' lang='lat' dir='ltr'><strong>pai</strong></span> <span class='ocrx_word' id='word_1_98' title='bbox 293 1170 498 1237; x_wconf 77' lang='lat' dir='ltr'><strong>substantiam</strong></span> <span class='ocrx_word' id='word_1_99' title='bbox 522 1196 659 1250; x_wconf 88' lang='lat' dir='ltr'><strong>causam,</strong></span> <span class='ocrx_word' id='word_1_100' title='bbox 683 1172 822 1238; x_wconf 80' lang='lat' dir='ltr'><strong>senaim</strong></span> <span class='ocrx_word' id='word_1_101' title='bbox 844 1190 903 1233; x_wconf 82' lang='lat' dir='ltr'><strong>esse</strong></span> <span class='ocrx_word' id='word_1_102' title='bbox 920 1179 1086 1253; x_wconf 78' lang='lat' dir='ltr'><strong>potarum.</strong></span> 
     </span>
    </p>

    <p class='ocr_par' dir='ltr' id='par_1_5' title="bbox 67 1190 1141 1993">
     <span class='ocr_line' id='line_1_15' title="bbox 112 1190 1140 1341; baseline 0.003 -26"><span class='ocrx_word' id='word_1_103' title='bbox 112 1190 281 1316; x_wconf 49' lang='lat' dir='ltr'><strong>iratam.</strong></span> <span class='ocrx_word' id='word_1_104' title='bbox 308 1252 492 1321; x_wconf 81' lang='lat' dir='ltr'><strong>Substantia</strong></span> <span class='ocrx_word' id='word_1_105' title='bbox 525 1278 583 1340; x_wconf 89' lang='lat' dir='ltr'><strong>per</strong></span> <span class='ocrx_word' id='word_1_106' title='bbox 610 1278 643 1321; x_wconf 91' lang='lat' dir='ltr'><strong>se</strong></span> <span class='ocrx_word' id='word_1_107' title='bbox 666 1265 807 1341; x_wconf 87' lang='lat' dir='ltr'><strong>spectata</strong></span> <span class='ocrx_word' id='word_1_108' title='bbox 838 1273 903 1317; x_wconf 91' lang='lat' dir='ltr'><strong>nou</strong></span> <span class='ocrx_word' id='word_1_109' title='bbox 930 1251 1072 1318; x_wconf 83' lang='lat' dir='ltr'><strong>refertur</strong></span> <span class='ocrx_word' id='word_1_110' title='bbox 1097 1251 1140 1318; x_wconf 92' lang='lat' dir='ltr'><strong>ad</strong></span> 
     </span>
     <span class='ocr_line' id='line_1_16' title="bbox 71 1329 1141 1422; baseline 0.006 -28"><span class='ocrx_word' id='word_1_111' title='bbox 71 1329 172 1409; x_wconf 88' lang='lat' dir='ltr'><strong>alind,</strong></span> <span class='ocrx_word' id='word_1_112' title='bbox 188 1332 277 1418; x_wconf 90' lang='lat' dir='ltr'><strong>quod</strong></span> <span class='ocrx_word' id='word_1_113' title='bbox 298 1334 339 1399; x_wconf 89' lang='lat' dir='ltr'><strong>ab</strong></span> <span class='ocrx_word' id='word_1_114' title='bbox 362 1337 432 1422; x_wconf 90' lang='lat' dir='ltr'><strong>ipsa</strong></span> <span class='ocrx_word' id='word_1_115' title='bbox 455 1334 539 1411; x_wconf 88' lang='lat' dir='ltr'><strong>lluit;</strong></span> <span class='ocrx_word' id='word_1_116' title='bbox 557 1340 645 1404; x_wconf 90' lang='lat' dir='ltr'><strong>notio</strong></span> <span class='ocrx_word' id='word_1_117' title='bbox 667 1348 776 1404; x_wconf 86' lang='lat' dir='ltr'><strong>autem</strong></span> <span class='ocrx_word' id='word_1_118' title='bbox 797 1355 913 1399; x_wconf 87' lang='lat' dir='ltr'><strong>causae</strong></span> <span class='ocrx_word' id='word_1_119' title='bbox 927 1333 1141 1403; x_wconf 87' lang='lat' dir='ltr'><strong>substantiam</strong></span> 
     </span>
     <span class='ocr_line' id='line_1_17' title="bbox 70 1412 1138 1501; baseline 0.005 -23"><span class='ocrx_word' id='word_1_120' title='bbox 70 1412 212 1492; x_wconf 87' lang='lat' dir='ltr'><strong>denotat,</strong></span> <span class='ocrx_word' id='word_1_121' title='bbox 237 1428 332 1501; x_wconf 90' lang='lat' dir='ltr'><strong>prout</strong></span> <span class='ocrx_word' id='word_1_122' title='bbox 352 1418 429 1483; x_wconf 87' lang='lat' dir='ltr'><strong>baec</strong></span> <span class='ocrx_word' id='word_1_123' title='bbox 452 1418 594 1485; x_wconf 82' lang='lat' dir='ltr'><strong>refertur</strong></span> <span class='ocrx_word' id='word_1_124' title='bbox 616 1421 657 1484; x_wconf 90' lang='lat' dir='ltr'><strong>ad</strong></span> <span class='ocrx_word' id='word_1_125' title='bbox 679 1416 779 1495; x_wconf 91' lang='lat' dir='ltr'><strong>aliud,</strong></span> <span class='ocrx_word' id='word_1_126' title='bbox 794 1415 882 1501; x_wconf 89' lang='lat' dir='ltr'><strong>quod</strong></span> <span class='ocrx_word' id='word_1_127' title='bbox 903 1414 944 1480; x_wconf 91' lang='lat' dir='ltr'><strong>ab</strong></span> <span class='ocrx_word' id='word_1_128' title='bbox 965 1418 1036 1501; x_wconf 88' lang='lat' dir='ltr'><strong>ipsa</strong></span> <span class='ocrx_word' id='word_1_129' title='bbox 1053 1416 1138 1495; x_wconf 90' lang='lat' dir='ltr'><strong>tluit,</strong></span> 
     </span>
     <span class='ocr_line' id='line_1_18' title="bbox 70 1496 1140 1643; baseline 0.004 -82"><span class='ocrx_word' id='word_1_130' title='bbox 70 1496 224 1643; x_wconf 75' lang='lat' dir='ltr'><strong>qnodpue</strong></span> <span class='ocrx_word' id='word_1_131' title='bbox 245 1497 370 1583; x_wconf 75' lang='lat' dir='ltr'><strong>effertus</strong></span> <span class='ocrx_word' id='word_1_132' title='bbox 390 1498 524 1575; x_wconf 87' lang='lat' dir='ltr'><strong>dicitnr;</strong></span> <span class='ocrx_word' id='word_1_133' title='bbox 546 1512 746 1587; x_wconf 88' lang='lat' dir='ltr'><strong>quapropter</strong></span> <span class='ocrx_word' id='word_1_134' title='bbox 768 1500 857 1564; x_wconf 93' lang='lat' dir='ltr'><strong>notio</strong></span> <span class='ocrx_word' id='word_1_135' title='bbox 878 1518 994 1563; x_wconf 88' lang='lat' dir='ltr'><strong>causae</strong></span> <span class='ocrx_word' id='word_1_136' title='bbox 1016 1498 1140 1585; x_wconf 84' lang='lat' dir='ltr'><strong>aliquid</strong></span> 
     </span>
     <span class='ocr_line' id='line_1_19' title="bbox 70 1580 1136 1666; baseline 0.002 -23"><span class='ocrx_word' id='word_1_137' title='bbox 70 1598 165 1666; x_wconf 82' lang='lat' dir='ltr'><strong>comp</strong></span> <span class='ocrx_word' id='word_1_138' title='bbox 179 1580 319 1658; x_wconf 86' lang='lat' dir='ltr'><strong>ectitur,</strong></span> <span class='ocrx_word' id='word_1_139' title='bbox 346 1580 432 1666; x_wconf 92' lang='lat' dir='ltr'><strong>quod</strong></span> <span class='ocrx_word' id='word_1_140' title='bbox 460 1583 588 1647; x_wconf 91' lang='lat' dir='ltr'><strong>notione</strong></span> <span class='ocrx_word' id='word_1_141' title='bbox 612 1582 811 1649; x_wconf 84' lang='lat' dir='ltr'><strong>substantiae</strong></span> <span class='ocrx_word' id='word_1_142' title='bbox 833 1602 895 1645; x_wconf 92' lang='lat' dir='ltr'><strong>non</strong></span> <span class='ocrx_word' id='word_1_143' title='bbox 918 1582 1100 1649; x_wconf 85' lang='lat' dir='ltr'><strong>continetur</strong></span> <span class='ocrx_word' id='word_1_144' title='bbox 1113 1584 1136 1645; x_wconf 84' lang='lat'><strong>⁸.</strong></span> 
     </span>
     <span class='ocr_line' id='line_1_20' title="bbox 67 1660 1139 1750; baseline -0.002 -19"><span class='ocrx_word' id='word_1_145' title='bbox 67 1663 169 1747; x_wconf 76' lang='lat' dir='ltr'><strong>Atqui</strong></span> <span class='ocrx_word' id='word_1_146' title='bbox 185 1661 212 1726; x_wconf 87' lang='lat' dir='ltr'><strong>si</strong></span> <span class='ocrx_word' id='word_1_147' title='bbox 226 1664 315 1727; x_wconf 91' lang='lat' dir='ltr'><strong>notio</strong></span> <span class='ocrx_word' id='word_1_148' title='bbox 334 1683 450 1729; x_wconf 88' lang='lat' dir='ltr'><strong>causae</strong></span> <span class='ocrx_word' id='word_1_149' title='bbox 472 1662 598 1747; x_wconf 87' lang='lat' dir='ltr'><strong>aliquid</strong></span> <span class='ocrx_word' id='word_1_150' title='bbox 619 1663 859 1750; x_wconf 82' lang='lat' dir='ltr'><strong>complectitur,</strong></span> <span class='ocrx_word' id='word_1_151' title='bbox 881 1660 970 1747; x_wconf 89' lang='lat' dir='ltr'><strong>quod</strong></span> <span class='ocrx_word' id='word_1_152' title='bbox 992 1664 1139 1729; x_wconf 83' lang='lat' dir='ltr'><strong>substau-</strong></span> 
     </span>
     <span class='ocr_line' id='line_1_21' title="bbox 69 1742 1139 1824; baseline 0.002 -15"><span class='ocrx_word' id='word_1_153' title='bbox 69 1743 135 1809; x_wconf 84' lang='lat' dir='ltr'><strong>tiae</strong></span> <span class='ocrx_word' id='word_1_154' title='bbox 158 1743 289 1809; x_wconf 90' lang='lat' dir='ltr'><strong>natione</strong></span> <span class='ocrx_word' id='word_1_155' title='bbox 311 1764 374 1809; x_wconf 92' lang='lat' dir='ltr'><strong>non</strong></span> <span class='ocrx_word' id='word_1_156' title='bbox 396 1746 600 1824; x_wconf 86' lang='lat' dir='ltr'><strong>continetur,</strong></span> <span class='ocrx_word' id='word_1_157' title='bbox 624 1745 689 1811; x_wconf 90' lang='lat' dir='ltr'><strong>alia</strong></span> <span class='ocrx_word' id='word_1_158' title='bbox 740 1742 862 1809; x_wconf 84' lang='lat' dir='ltr'><strong>relecto</strong></span> <span class='ocrx_word' id='word_1_159' title='bbox 889 1755 937 1811; x_wconf 92' lang='lat' dir='ltr'><strong>est</strong></span> <span class='ocrx_word' id='word_1_160' title='bbox 957 1746 1045 1812; x_wconf 88' lang='lat' dir='ltr'><strong>notio</strong></span> <span class='ocrx_word' id='word_1_161' title='bbox 1065 1767 1139 1811; x_wconf 75' lang='lat' dir='ltr'><strong>aar·</strong></span> 
     </span>
     <span class='ocr_line' id='line_1_22' title="bbox 68 1768 1137 1911; baseline 0.006 -23"><span class='ocrx_word' id='word_1_162' title='bbox 68 1845 130 1903; x_wconf 84' lang='lat' dir='ltr'><strong>rae,</strong></span> <span class='ocrx_word' id='word_1_163' title='bbox 153 1846 210 1889; x_wconf 90' lang='lat' dir='ltr'><strong>seu</strong></span> <span class='ocrx_word' id='word_1_164' title='bbox 232 1822 292 1903; x_wconf 69' lang='grc' dir='ltr'><strong>υἷε,</strong></span> <span class='ocrx_word' id='word_1_165' title='bbox 307 1826 369 1891; x_wconf 88' lang='lat' dir='ltr'><strong>elia</strong></span> <span class='ocrx_word' id='word_1_166' title='bbox 393 1828 482 1891; x_wconf 92' lang='lat' dir='ltr'><strong>notio</strong></span> <span class='ocrx_word' id='word_1_167' title='bbox 505 1827 704 1893; x_wconf 82' lang='lat' dir='ltr'><strong>substantiae.</strong></span> <span class='ocrx_word' id='word_1_168' title='bbox 718 1768 810 1911; x_wconf 64' lang='lat' dir='ltr'><strong>brgo</strong></span> <span class='ocrx_word' id='word_1_169' title='bbox 833 1825 1009 1892; x_wconf 83' lang='lat' dir='ltr'><strong>substantia</strong></span> <span class='ocrx_word' id='word_1_170' title='bbox 1029 1849 1137 1903; x_wconf 86' lang='lat' dir='ltr'><strong>causa,</strong></span> 
     </span>
     <span class='ocr_line' id='line_1_23' title="bbox 72 1904 600 1993; baseline 0.002 -21"><span class='ocrx_word' id='word_1_171' title='bbox 72 1926 130 1972; x_wconf 88' lang='lat' dir='ltr'><strong>seu</strong></span> <span class='ocrx_word' id='word_1_172' title='bbox 152 1909 200 1971; x_wconf 83' lang='lat' dir='ltr'><strong>ris</strong></span> <span class='ocrx_word' id='word_1_173' title='bbox 221 1904 366 1974; x_wconf 90' lang='lat' dir='ltr'><strong>absolute</strong></span> <span class='ocrx_word' id='word_1_174' title='bbox 388 1906 454 1973; x_wconf 93' lang='lat' dir='ltr'><strong>dici</strong></span> <span class='ocrx_word' id='word_1_175' title='bbox 477 1910 600 1993; x_wconf 84' lang='lat' dir='ltr'><strong>nequit.</strong></span> 
     </span>
    </p>

    <p class='ocr_par' dir='ltr' id='par_1_6' title="bbox 64 1989 1137 2251">
     <span class='ocr_line' id='line_1_24' title="bbox 111 1989 1136 2075; baseline 0.001 -21"><span class='ocrx_word' id='word_1_176' title='bbox 111 1989 180 2054; x_wconf 81' lang='lat'><strong>126.</strong></span> <span class='ocrx_word' id='word_1_177' title='bbox 205 1989 301 2075; x_wconf 86' lang='lat' dir='ltr'><strong>Prop.</strong></span> <span class='ocrx_word' id='word_1_178' title='bbox 324 1989 372 2055; x_wconf 81' lang='lat' dir='ltr'><strong>t².</strong></span> <span class='ocrx_word' id='word_1_179' title='bbox 397 1990 569 2073; x_wconf 82' lang='lat' dir='ltr'><strong>Perpsram</strong></span> <span class='ocrx_word' id='word_1_180' title='bbox 592 1989 770 2054; x_wconf 82' lang='lat' dir='ltr'><strong>Giodcrtius</strong></span> <span class='ocrx_word' id='word_1_181' title='bbox 797 1990 908 2053; x_wconf 79' lang='lat' dir='ltr'><strong>statuit</strong></span> <span class='ocrx_word' id='word_1_182' title='bbox 934 1990 1136 2055; x_wconf 71' lang='lat' dir='ltr'><strong>arietantium</strong></span> 
     </span>
     <span class='ocr_line' id='line_1_25' title="bbox 66 2070 1137 2155; baseline 0.003 -22"><span class='ocrx_word' id='word_1_183' title='bbox 66 2074 205 2155; x_wconf 85' lang='lat' dir='ltr'><strong>positum</strong></span> <span class='ocrx_word' id='word_1_184' title='bbox 227 2092 287 2137; x_wconf 84' lang='lat' dir='ltr'><strong>esse</strong></span> <span class='ocrx_word' id='word_1_185' title='bbox 309 2073 342 2135; x_wconf 85' lang='lat' dir='ltr'><strong>iu</strong></span> <span class='ocrx_word' id='word_1_186' title='bbox 363 2072 514 2150; x_wconf 76' lang='lat' dir='ltr'><strong>realitate,</strong></span> <span class='ocrx_word' id='word_1_187' title='bbox 537 2074 603 2135; x_wconf 86' lang='lat' dir='ltr'><strong>sica</strong></span> <span class='ocrx_word' id='word_1_188' title='bbox 616 2074 651 2135; x_wconf 87' lang='lat' dir='ltr'><strong>iu</strong></span> <span class='ocrx_word' id='word_1_189' title='bbox 665 2073 822 2154; x_wconf 68' lang='lat' dir='ltr'><strong>vacuatione</strong></span> <span class='ocrx_word' id='word_1_190' title='bbox 842 2070 1021 2146; x_wconf 64' lang='lat' dir='ltr'><strong>scibilibus</strong></span> <span class='ocrx_word' id='word_1_191' title='bbox 1042 2085 1086 2139; x_wconf 82' lang='lat' dir='ltr'><strong>ast</strong></span> <span class='ocrx_word' id='word_1_192' title='bbox 1100 2074 1137 2137; x_wconf 80' lang='lat' dir='ltr'><strong>irs</strong></span> 
     </span>
     <span class='ocr_line' id='line_1_26' title="bbox 64 2151 1039 2251; baseline 0.006 -36"><span class='ocrx_word' id='word_1_193' title='bbox 64 2152 177 2237; x_wconf 80' lang='lat' dir='ltr'><strong>prisci</strong></span> <span class='ocrx_word' id='word_1_194' title='bbox 201 2152 232 2215; x_wconf 87' lang='lat' dir='ltr'><strong>io</strong></span> <span class='ocrx_word' id='word_1_195' title='bbox 253 2154 450 2239; x_wconf 80' lang='lat' dir='ltr'><strong>operationis,</strong></span> <span class='ocrx_word' id='word_1_196' title='bbox 467 2174 527 2237; x_wconf 80' lang='lat' dir='ltr'><strong>per</strong></span> <span class='ocrx_word' id='word_1_197' title='bbox 549 2174 645 2251; x_wconf 77' lang='lat' dir='ltr'><strong>quam</strong></span> <span class='ocrx_word' id='word_1_198' title='bbox 666 2154 737 2237; x_wconf 86' lang='lat' dir='ltr'><strong>ipra</strong></span> <span class='ocrx_word' id='word_1_199' title='bbox 756 2151 895 2216; x_wconf 79' lang='lat' dir='ltr'><strong>sidilum</strong></span> <span class='ocrx_word' id='word_1_200' title='bbox 916 2158 1039 2238; x_wconf 54' lang='lat' dir='ltr'><strong>aeaut&amp;</strong></span> 
     </span>
    </p>

    <p class='ocr_par' dir='ltr' id='par_1_7' title="bbox 65 2172 1136 2893">
     <span class='ocr_line' id='line_1_27' title="bbox 114 2172 1135 2323; baseline 0.006 -26"><span class='ocrx_word' id='word_1_201' title='bbox 114 2172 280 2299; x_wconf 68' lang='lat' dir='ltr'><strong>Prodatur.</strong></span> <span class='ocrx_word' id='word_1_202' title='bbox 304 2232 336 2299; x_wconf 81' lang='lat'><strong>1⁰</strong></span> <span class='ocrx_word' id='word_1_203' title='bbox 351 2235 384 2301; x_wconf 92' lang='lat' dir='ltr'><strong>Si</strong></span> <span class='ocrx_word' id='word_1_204' title='bbox 402 2235 580 2301; x_wconf 79' lang='lat' dir='ltr'><strong>substantia</strong></span> <span class='ocrx_word' id='word_1_205' title='bbox 601 2236 634 2299; x_wconf 92' lang='lat' dir='ltr'><strong>in</strong></span> <span class='ocrx_word' id='word_1_206' title='bbox 649 2235 811 2311; x_wconf 86' lang='lat' dir='ltr'><strong>realitate,</strong></span> <span class='ocrx_word' id='word_1_207' title='bbox 824 2236 891 2299; x_wconf 84' lang='lat' dir='ltr'><strong>sive</strong></span> <span class='ocrx_word' id='word_1_208' title='bbox 906 2236 940 2300; x_wconf 93' lang='lat' dir='ltr'><strong>in</strong></span> <span class='ocrx_word' id='word_1_209' title='bbox 962 2239 1135 2323; x_wconf 76' lang='lat' dir='ltr'><strong>negatione</strong></span> 
     </span>
     <span class='ocr_line' id='line_1_28' title="bbox 68 2315 1136 2404; baseline 0.004 -24"><span class='ocrx_word' id='word_1_210' title='bbox 68 2315 173 2394; x_wconf 89' lang='lat' dir='ltr'><strong>nihili,</strong></span> <span class='ocrx_word' id='word_1_211' title='bbox 198 2337 235 2381; x_wconf 90' lang='lat' dir='ltr'><strong>ac</strong></span> <span class='ocrx_word' id='word_1_212' title='bbox 257 2316 391 2404; x_wconf 85' lang='lat' dir='ltr'><strong>proinde</strong></span> <span class='ocrx_word' id='word_1_213' title='bbox 414 2318 448 2382; x_wconf 91' lang='lat' dir='ltr'><strong>in</strong></span> <span class='ocrx_word' id='word_1_214' title='bbox 471 2318 634 2402; x_wconf 86' lang='lat' dir='ltr'><strong>positione</strong></span> <span class='ocrx_word' id='word_1_215' title='bbox 656 2319 742 2384; x_wconf 90' lang='lat' dir='ltr'><strong>entis</strong></span> <span class='ocrx_word' id='word_1_216' title='bbox 762 2318 962 2395; x_wconf 83' lang='lat' dir='ltr'><strong>consisteret,</strong></span> <span class='ocrx_word' id='word_1_217' title='bbox 985 2340 1049 2385; x_wconf 92' lang='lat' dir='ltr'><strong>nou</strong></span> <span class='ocrx_word' id='word_1_218' title='bbox 1069 2319 1136 2385; x_wconf 86' lang='lat' dir='ltr'><strong>alia</strong></span> 
     </span>
     <span class='ocr_line' id='line_1_29' title="bbox 68 2397 1135 2484; baseline 0.006 -23"><span class='ocrx_word' id='word_1_219' title='bbox 68 2397 209 2475; x_wconf 90' lang='lat' dir='ltr'><strong>realitas,</strong></span> <span class='ocrx_word' id='word_1_220' title='bbox 225 2400 292 2465; x_wconf 82' lang='lat' dir='ltr'><strong>sive</strong></span> <span class='ocrx_word' id='word_1_221' title='bbox 315 2419 378 2463; x_wconf 90' lang='lat' dir='ltr'><strong>nou</strong></span> <span class='ocrx_word' id='word_1_222' title='bbox 402 2398 466 2465; x_wconf 88' lang='lat' dir='ltr'><strong>alia</strong></span> <span class='ocrx_word' id='word_1_223' title='bbox 488 2400 607 2484; x_wconf 93' lang='lat' dir='ltr'><strong>positio</strong></span> <span class='ocrx_word' id='word_1_224' title='bbox 630 2399 713 2465; x_wconf 91' lang='lat' dir='ltr'><strong>entis</strong></span> <span class='ocrx_word' id='word_1_225' title='bbox 735 2397 930 2468; x_wconf 75' lang='lat' dir='ltr'><strong>admittenda</strong></span> <span class='ocrx_word' id='word_1_226' title='bbox 951 2412 1046 2480; x_wconf 90' lang='lat' dir='ltr'><strong>esset,</strong></span> <span class='ocrx_word' id='word_1_227' title='bbox 1068 2402 1135 2467; x_wconf 90' lang='lat' dir='ltr'><strong>nisi</strong></span> 
     </span>
     <span class='ocr_line' id='line_1_30' title="bbox 68 2478 1134 2569; baseline 0.006 -25"><span class='ocrx_word' id='word_1_228' title='bbox 68 2478 258 2548; x_wconf 86' lang='lat' dir='ltr'><strong>substantia.</strong></span> <span class='ocrx_word' id='word_1_229' title='bbox 281 2482 381 2566; x_wconf 80' lang='lat' dir='ltr'><strong>Atqui</strong></span> <span class='ocrx_word' id='word_1_230' title='bbox 403 2483 462 2547; x_wconf 91' lang='lat' dir='ltr'><strong>boc</strong></span> <span class='ocrx_word' id='word_1_231' title='bbox 487 2481 723 2548; x_wconf 84' lang='lat' dir='ltr'><strong>consectarium</strong></span> <span class='ocrx_word' id='word_1_232' title='bbox 749 2489 796 2545; x_wconf 89' lang='lat' dir='ltr'><strong>est</strong></span> <span class='ocrx_word' id='word_1_233' title='bbox 823 2478 1025 2562; x_wconf 92' lang='lat' dir='ltr'><strong>absurdum,</strong></span> <span class='ocrx_word' id='word_1_234' title='bbox 1052 2486 1134 2569; x_wconf 81' lang='lat' dir='ltr'><strong>qnia</strong></span> 
     </span>
     <span class='ocr_line' id='line_1_31' title="bbox 68 2560 1134 2651; baseline 0.005 -24"><span class='ocrx_word' id='word_1_235' title='bbox 68 2582 131 2627; x_wconf 91' lang='lat' dir='ltr'><strong>non</strong></span> <span class='ocrx_word' id='word_1_236' title='bbox 147 2560 252 2630; x_wconf 89' lang='lat' dir='ltr'><strong>solum</strong></span> <span class='ocrx_word' id='word_1_237' title='bbox 266 2561 456 2638; x_wconf 88' lang='lat' dir='ltr'><strong>substantia,</strong></span> <span class='ocrx_word' id='word_1_238' title='bbox 474 2561 528 2627; x_wconf 90' lang='lat' dir='ltr'><strong>sed</strong></span> <span class='ocrx_word' id='word_1_239' title='bbox 545 2564 645 2628; x_wconf 88' lang='lat' dir='ltr'><strong>etiam</strong></span> <span class='ocrx_word' id='word_1_240' title='bbox 659 2561 807 2627; x_wconf 87' lang='lat' dir='ltr'><strong>accidens</strong></span> <span class='ocrx_word' id='word_1_241' title='bbox 821 2572 871 2627; x_wconf 87' lang='lat' dir='ltr'><strong>est</strong></span> <span class='ocrx_word' id='word_1_242' title='bbox 884 2564 1023 2648; x_wconf 86' lang='lat' dir='ltr'><strong>aliquid,</strong></span> <span class='ocrx_word' id='word_1_243' title='bbox 1042 2568 1134 2651; x_wconf 85' lang='lat' dir='ltr'><strong>quad</strong></span> 
     </span>
     <span class='ocr_line' id='line_1_32' title="bbox 68 2645 1134 2731; baseline 0.003 -22"><span class='ocrx_word' id='word_1_244' title='bbox 68 2645 209 2710; x_wconf 92' lang='lat' dir='ltr'><strong>nibilum</strong></span> <span class='ocrx_word' id='word_1_245' title='bbox 230 2656 335 2731; x_wconf 81' lang='lat' dir='ltr'><strong>negat,</strong></span> <span class='ocrx_word' id='word_1_246' title='bbox 352 2649 419 2710; x_wconf 90' lang='lat' dir='ltr'><strong>sive</strong></span> <span class='ocrx_word' id='word_1_247' title='bbox 436 2646 582 2710; x_wconf 89' lang='lat' dir='ltr'><strong>nan-enti</strong></span> <span class='ocrx_word' id='word_1_248' title='bbox 597 2645 787 2730; x_wconf 90' lang='lat' dir='ltr'><strong>opponitur,</strong></span> <span class='ocrx_word' id='word_1_249' title='bbox 800 2664 838 2708; x_wconf 83' lang='lat' dir='ltr'><strong>ac</strong></span> <span class='ocrx_word' id='word_1_250' title='bbox 853 2645 988 2729; x_wconf 85' lang='lat' dir='ltr'><strong>proinde</strong></span> <span class='ocrx_word' id='word_1_251' title='bbox 1009 2657 1058 2714; x_wconf 90' lang='lat' dir='ltr'><strong>est</strong></span> <span class='ocrx_word' id='word_1_252' title='bbox 1072 2648 1134 2714; x_wconf 93' lang='lat' dir='ltr'><strong>ali-</strong></span> 
     </span>
     <span class='ocr_line' id='line_1_33' title="bbox 65 2726 1135 2825; baseline 0.004 -33"><span class='ocrx_word' id='word_1_253' title='bbox 65 2748 131 2825; x_wconf 74' lang='lat' dir='ltr'><strong>qua</strong></span> <span class='ocrx_word' id='word_1_254' title='bbox 153 2728 269 2812; x_wconf 86' lang='lat' dir='ltr'><strong>positio</strong></span> <span class='ocrx_word' id='word_1_255' title='bbox 292 2730 385 2794; x_wconf 89' lang='lat' dir='ltr'><strong>cutis.</strong></span> <span class='ocrx_word' id='word_1_256' title='bbox 408 2730 495 2812; x_wconf 79' lang='lat' dir='ltr'><strong>Ergo</strong></span> <span class='ocrx_word' id='word_1_257' title='bbox 517 2726 636 2791; x_wconf 82' lang='lat' dir='ltr'><strong>falsum</strong></span> <span class='ocrx_word' id='word_1_258' title='bbox 656 2738 705 2792; x_wconf 88' lang='lat' dir='ltr'><strong>est</strong></span> <span class='ocrx_word' id='word_1_259' title='bbox 727 2727 921 2803; x_wconf 90' lang='lat' dir='ltr'><strong>realitatem,</strong></span> <span class='ocrx_word' id='word_1_260' title='bbox 943 2729 1012 2797; x_wconf 85' lang='lat' dir='ltr'><strong>sive</strong></span> <span class='ocrx_word' id='word_1_261' title='bbox 1035 2751 1135 2817; x_wconf 76' lang='lat' dir='ltr'><strong>nega·</strong></span> 
     </span>
     <span class='ocr_line' id='line_1_34' title="bbox 67 2807 1059 2893; baseline 0.001 -18"><span class='ocrx_word' id='word_1_262' title='bbox 67 2820 190 2875; x_wconf 78' lang='lat' dir='ltr'><strong>taonem</strong></span> <span class='ocrx_word' id='word_1_263' title='bbox 212 2809 307 2875; x_wconf 90' lang='lat' dir='ltr'><strong>nihili</strong></span> <span class='ocrx_word' id='word_1_264' title='bbox 329 2830 398 2875; x_wconf 91' lang='lat' dir='ltr'><strong>esse</strong></span> <span class='ocrx_word' id='word_1_265' title='bbox 422 2808 515 2885; x_wconf 89' lang='lat' dir='ltr'><strong>illud,</strong></span> <span class='ocrx_word' id='word_1_266' title='bbox 537 2807 624 2893; x_wconf 90' lang='lat' dir='ltr'><strong>quod</strong></span> <span class='ocrx_word' id='word_1_267' title='bbox 647 2808 859 2877; x_wconf 88' lang='lat' dir='ltr'><strong>substantiam</strong></span> <span class='ocrx_word' id='word_1_268' title='bbox 881 2813 1059 2878; x_wconf 88' lang='lat' dir='ltr'><strong>constituit.</strong></span> 
     </span>
    </p>

    <p class='ocr_par' dir='ltr' id='par_1_8' title="bbox 106 2890 1133 2977">
     <span class='ocr_line' id='line_1_35' title="bbox 106 2890 1133 2977; baseline 0.001 -18"><span class='ocrx_word' id='word_1_269' title='bbox 106 2891 143 2959; x_wconf 74' lang='lat'><strong>2⁰</strong></span> <span class='ocrx_word' id='word_1_270' title='bbox 164 2891 263 2960; x_wconf 89' lang='lat' dir='ltr'><strong>Notio</strong></span> <span class='ocrx_word' id='word_1_271' title='bbox 285 2891 507 2969; x_wconf 89' lang='lat' dir='ltr'><strong>substantiae,</strong></span> <span class='ocrx_word' id='word_1_272' title='bbox 528 2892 576 2958; x_wconf 90' lang='lat' dir='ltr'><strong>uti</strong></span> <span class='ocrx_word' id='word_1_273' title='bbox 600 2890 698 2977; x_wconf 91' lang='lat' dir='ltr'><strong>paulo</strong></span> <span class='ocrx_word' id='word_1_274' title='bbox 724 2903 799 2960; x_wconf 87' lang='lat' dir='ltr'><strong>unte</strong></span> <span class='ocrx_word' id='word_1_275' title='bbox 819 2891 1041 2973; x_wconf 86' lang='lat' dir='ltr'><strong>ostendimus,</strong></span> <span class='ocrx_word' id='word_1_276' title='bbox 1064 2893 1133 2961; x_wconf 85' lang='lat' dir='ltr'><strong>alia</strong></span> 
     </span>
    </p>
   </div>
   <div class='ocr_carea' id='block_1_3' title="bbox 429 3032 561 3043">
    <p class='ocr_par' dir='ltr' id='par_1_9' title="bbox 429 3032 561 3043">
     <span class='ocr_line' id='line_1_36' title="bbox 429 3032 561 3043; baseline -0.023 0"><span class='ocrx_word' id='word_1_277' title='bbox 429 3032 561 3043; x_wconf 62' lang='grc' dir='ltr'>...ιιι-...-</span> 
     </span>
    </p>
   </div>
   <div class='ocr_carea' id='block_1_4' title="bbox 66 3080 1133 3654">
    <p class='ocr_par' dir='ltr' id='par_1_10' title="bbox 66 3080 1133 3654">
     <span class='ocr_line' id='line_1_37' title="bbox 67 3080 1133 3148; baseline 0.012 -16"><span class='ocrx_word' id='word_1_278' title='bbox 67 3083 94 3132; x_wconf 86' lang='lat' dir='ltr'><strong>lu</strong></span> <span class='ocrx_word' id='word_1_279' title='bbox 113 3082 165 3134; x_wconf 83' lang='lat' dir='ltr'><strong>hoe</strong></span> <span class='ocrx_word' id='word_1_280' title='bbox 185 3080 272 3133; x_wconf 84' lang='lat' dir='ltr'><strong>dillert</strong></span> <span class='ocrx_word' id='word_1_281' title='bbox 284 3080 317 3133; x_wconf 82' lang='lat' dir='ltr'><strong>ab</strong></span> <span class='ocrx_word' id='word_1_282' title='bbox 330 3088 396 3141; x_wconf 81' lang='lat' dir='ltr'><strong>rute,</strong></span> <span class='ocrx_word' id='word_1_283' title='bbox 415 3085 485 3148; x_wconf 83' lang='lat' dir='ltr'><strong>qnod</strong></span> <span class='ocrx_word' id='word_1_284' title='bbox 504 3099 550 3137; x_wconf 83' lang='lat' dir='ltr'><strong>sur</strong></span> <span class='ocrx_word' id='word_1_285' title='bbox 568 3085 683 3135; x_wconf 89' lang='lat' dir='ltr'><strong>sumttur</strong></span> <span class='ocrx_word' id='word_1_286' title='bbox 701 3086 734 3137; x_wconf 82' lang='lat' dir='ltr'><strong>ab</strong></span> <span class='ocrx_word' id='word_1_287' title='bbox 752 3092 813 3139; x_wconf 78' lang='lat' dir='ltr'><strong>ratu</strong></span> <span class='ocrx_word' id='word_1_288' title='bbox 832 3089 947 3147; x_wconf 78' lang='lat' dir='ltr'><strong>emudt,</strong></span> <span class='ocrx_word' id='word_1_289' title='bbox 967 3091 1012 3142; x_wconf 84' lang='lat' dir='ltr'><strong>sed</strong></span> <span class='ocrx_word' id='word_1_290' title='bbox 1032 3106 1133 3145; x_wconf 73' lang='lat' dir='ltr'><strong>maren</strong></span> 
     </span>
     <span class='ocr_line' id='line_1_38' title="bbox 67 3154 1130 3226; baseline 0.013 -24"><span class='ocrx_word' id='word_1_291' title='bbox 67 3155 241 3219; x_wconf 81' lang='lat' dir='ltr'><strong>relexprtmtt</strong></span> <span class='ocrx_word' id='word_1_292' title='bbox 259 3154 444 3219; x_wconf 82' lang='lat' dir='ltr'><strong>qntddltatem,</strong></span> <span class='ocrx_word' id='word_1_293' title='bbox 463 3159 517 3209; x_wconf 84' lang='lat' dir='ltr'><strong>sive</strong></span> <span class='ocrx_word' id='word_1_294' title='bbox 535 3158 679 3207; x_wconf 80' lang='lat' dir='ltr'><strong>essentium</strong></span> <span class='ocrx_word' id='word_1_295' title='bbox 697 3163 761 3209; x_wconf 81' lang='lat' dir='ltr'><strong>enm</strong></span> <span class='ocrx_word' id='word_1_296' title='bbox 773 3178 798 3219; x_wconf 65' lang='grc' dir='ltr'><strong>ις</strong></span> <span class='ocrx_word' id='word_1_297' title='bbox 811 3162 859 3225; x_wconf 75' lang='lat' dir='ltr'><strong>(tq.</strong></span> <span class='ocrx_word' id='word_1_298' title='bbox 879 3163 982 3225; x_wconf 60' lang='lat' dir='ltr'><strong>dissip„</strong></span> <span class='ocrx_word' id='word_1_299' title='bbox 996 3165 1034 3214; x_wconf 77' lang='lat' dir='ltr'><strong>lte</strong></span> <span class='ocrx_word' id='word_1_300' title='bbox 1054 3166 1130 3226; x_wconf 75' lang='lat' dir='ltr'><strong>tar..</strong></span> 
     </span>
     <span class='ocr_line' id='line_1_39' title="bbox 66 3222 1133 3347; baseline 0.011 -71"><span class='ocrx_word' id='word_1_301' title='bbox 66 3224 141 3347; x_wconf 60' lang='lat' dir='ltr'><strong>mul,</strong></span> <span class='ocrx_word' id='word_1_302' title='bbox 161 3242 188 3279; x_wconf 78' lang='lat' dir='ltr'><strong>a.</strong></span> <span class='ocrx_word' id='word_1_303' title='bbox 210 3230 221 3278; x_wconf 94' lang='lat' dir='ltr'><strong>l</strong></span> <span class='ocrx_word' id='word_1_304' title='bbox 244 3242 271 3279; x_wconf 88' lang='lat' dir='ltr'><strong>o.</strong></span> <span class='ocrx_word' id='word_1_305' title='bbox 291 3222 327 3279; x_wconf 82' lang='lat' dir='ltr'><strong>Cl</strong></span> <span class='ocrx_word' id='word_1_306' title='bbox 341 3232 461 3278; x_wconf 84' lang='lat' dir='ltr'><strong>nostrum</strong></span> <span class='ocrx_word' id='word_1_307' title='bbox 481 3232 593 3281; x_wconf 80' lang='lat' dir='ltr'><strong>Leataau</strong></span> <span class='ocrx_word' id='word_1_308' title='bbox 609 3233 802 3295; x_wconf 74' lang='lat' dir='ltr'><strong>peripateticum</strong></span> <span class='ocrx_word' id='word_1_309' title='bbox 820 3237 895 3291; x_wconf 83' lang='lat' dir='ltr'><strong>etc..</strong></span> <span class='ocrx_word' id='word_1_310' title='bbox 922 3248 950 3297; x_wconf 86' lang='lat' dir='ltr'><strong>p.</strong></span> <span class='ocrx_word' id='word_1_311' title='bbox 973 3234 1041 3297; x_wconf 76' lang='lat' dir='ltr'><strong>tua,</strong></span> <span class='ocrx_word' id='word_1_312' title='bbox 1060 3232 1133 3288; x_wconf 76' lang='lat' dir='ltr'><strong>Noa·</strong></span> 
     </span>
     <span class='ocr_line' id='line_1_40' title="bbox 101 3369 1042 3437; baseline 0.006 -15"><span class='ocrx_word' id='word_1_313' title='bbox 101 3371 113 3409; x_wconf 87' lang='lat'>¹</span> <span class='ocrx_word' id='word_1_314' title='bbox 132 3372 253 3425; x_wconf 80' lang='lat' dir='ltr'><strong>Ncuueau</strong></span> <span class='ocrx_word' id='word_1_315' title='bbox 271 3369 379 3437; x_wconf 66' lang='lat' dir='ltr'><strong>syrdms</strong></span> <span class='ocrx_word' id='word_1_316' title='bbox 396 3374 427 3423; x_wconf 81' lang='lat' dir='ltr'><strong>ds</strong></span> <span class='ocrx_word' id='word_1_317' title='bbox 445 3374 472 3423; x_wconf 90' lang='lat' dir='ltr'><strong>ta</strong></span> <span class='ocrx_word' id='word_1_318' title='bbox 489 3380 581 3424; x_wconf 82' lang='lat' dir='ltr'><strong>nature</strong></span> <span class='ocrx_word' id='word_1_319' title='bbox 599 3378 667 3433; x_wconf 82' lang='lat' dir='ltr'><strong>ete..</strong></span> <span class='ocrx_word' id='word_1_320' title='bbox 687 3388 714 3437; x_wconf 87' lang='lat' dir='ltr'><strong>p.</strong></span> <span class='ocrx_word' id='word_1_321' title='bbox 737 3374 866 3437; x_wconf 71' lang='lat' dir='ltr'><strong>tut-tta,</strong></span> <span class='ocrx_word' id='word_1_322' title='bbox 884 3377 927 3427; x_wconf 85' lang='lat' dir='ltr'><strong>ed.</strong></span> <span class='ocrx_word' id='word_1_323' title='bbox 949 3374 1042 3429; x_wconf 85' lang='lat' dir='ltr'><strong>llrdm.</strong></span> 
     </span>
     <span class='ocr_line' id='line_1_41' title="bbox 101 3440 1130 3517; baseline 0.013 -25"><span class='ocrx_word' id='word_1_324' title='bbox 101 3440 114 3477; x_wconf 86' lang='lat'>²</span> <span class='ocrx_word' id='word_1_325' title='bbox 132 3444 262 3493; x_wconf 76' lang='lat' dir='ltr'><strong>Elementa</strong></span> <span class='ocrx_word' id='word_1_326' title='bbox 280 3444 452 3515; x_wconf 73' lang='lat' dir='ltr'><strong>metaplasmo</strong></span> <span class='ocrx_word' id='word_1_327' title='bbox 469 3446 591 3497; x_wconf 76' lang='lat' dir='ltr'><strong>seleutias</strong></span> <span class='ocrx_word' id='word_1_328' title='bbox 608 3452 720 3497; x_wconf 70' lang='lat' dir='ltr'><strong>auarus</strong></span> <span class='ocrx_word' id='word_1_329' title='bbox 731 3443 850 3517; x_wconf 72' lang='lat' dir='ltr'><strong>(germ),</strong></span> <span class='ocrx_word' id='word_1_330' title='bbox 864 3463 892 3513; x_wconf 88' lang='lat' dir='ltr'><strong>p.</strong></span> <span class='ocrx_word' id='word_1_331' title='bbox 906 3448 953 3508; x_wconf 71' lang='lat' dir='ltr'><strong>ll,</strong></span> <span class='ocrx_word' id='word_1_332' title='bbox 965 3445 1029 3515; x_wconf 68' lang='lat' dir='ltr'><strong>biga</strong></span> <span class='ocrx_word' id='word_1_333' title='bbox 1046 3450 1130 3505; x_wconf 72' lang='lat' dir='ltr'><strong>llll&#39;l.</strong></span> 
     </span>
     <span class='ocr_line' id='line_1_42' title="bbox 102 3508 961 3589; baseline 0.014 -25"><span class='ocrx_word' id='word_1_334' title='bbox 102 3512 115 3549; x_wconf 81' lang='lat'>⁸</span> <span class='ocrx_word' id='word_1_335' title='bbox 135 3508 170 3565; x_wconf 77' lang='lat' dir='ltr'><strong>Gt</strong></span> <span class='ocrx_word' id='word_1_336' title='bbox 187 3530 209 3565; x_wconf 88' lang='lat' dir='ltr'><strong>s.</strong></span> <span class='ocrx_word' id='word_1_337' title='bbox 230 3512 337 3570; x_wconf 73' lang='lat' dir='ltr'><strong>thom..</strong></span> <span class='ocrx_word' id='word_1_338' title='bbox 358 3517 407 3579; x_wconf 76' lang='lat' dir='ltr'><strong>Qu.</strong></span> <span class='ocrx_word' id='word_1_339' title='bbox 426 3519 524 3582; x_wconf 70' lang='lat' dir='ltr'><strong>aspa..</strong></span> <span class='ocrx_word' id='word_1_340' title='bbox 545 3520 586 3570; x_wconf 83' lang='lat' dir='ltr'><strong>Dr</strong></span> <span class='ocrx_word' id='word_1_341' title='bbox 602 3519 675 3579; x_wconf 78' lang='lat' dir='ltr'><strong>Por..</strong></span> <span class='ocrx_word' id='word_1_342' title='bbox 695 3532 725 3589; x_wconf 74' lang='lat' dir='ltr'><strong>q.</strong></span> <span class='ocrx_word' id='word_1_343' title='bbox 742 3516 779 3582; x_wconf 73' lang='grc' dir='ltr'><strong>Χ,</strong></span> <span class='ocrx_word' id='word_1_344' title='bbox 799 3535 826 3573; x_wconf 83' lang='grc' dir='ltr'><strong>ι.</strong></span> <span class='ocrx_word' id='word_1_345' title='bbox 847 3522 859 3575; x_wconf 81' lang='lat' dir='ltr'><strong>l</strong></span> <span class='ocrx_word' id='word_1_346' title='bbox 881 3522 915 3578; x_wconf 76' lang='lat' dir='ltr'><strong>td</strong></span> <span class='ocrx_word' id='word_1_347' title='bbox 933 3521 961 3576; x_wconf 86' lang='lat' dir='ltr'><strong>s.</strong></span> 
     </span>
     <span class='ocr_line' id='line_1_43' title="bbox 101 3581 400 3654; baseline 0.007 -16"><span class='ocrx_word' id='word_1_348' title='bbox 101 3581 245 3647; x_wconf 62' lang='lat' dir='ltr'><strong>irrotat,</strong></span> <span class='ocrx_word' id='word_1_349' title='bbox 266 3582 358 3654; x_wconf 64' lang='lat' dir='ltr'><strong>Saepto</strong></span> <span class='ocrx_word' id='word_1_350' title='bbox 377 3584 400 3640; x_wconf 91' lang='lat' dir='ltr'><strong>l.</strong></span> 
     </span>
    </p>
   </div>
   <div class='ocr_carea' id='block_1_5' title="bbox 0 0 1242 3909">
    <p class='ocr_par' dir='ltr' id='par_1_11' title="bbox 0 0 1242 3909">
     <span class='ocr_line' id='line_1_44' title="bbox 0 0 1242 3909; baseline 0 3"><span class='ocrx_word' id='word_1_351' title='bbox 0 0 1242 3909; x_wconf 95' lang='lat' dir='ltr'><strong> </strong></span> 
     </span>
    </p>
   </div>
   <div class='ocr_carea' id='block_1_6' title="bbox 7 3830 95 3879">
    <p class='ocr_par' dir='ltr' id='par_1_12' title="bbox 7 3830 95 3879">
     <span class='ocr_line' id='line_1_45' title="bbox 7 3830 95 3879; baseline 0 0"><span class='ocrx_word' id='word_1_352' title='bbox 7 3830 95 3879; x_wconf 64' lang='lat' dir='ltr'>A</span> 
     </span>
    </p>
   </div>
  </div>
 </body>
</html>
