2475 3909
96 89 135 153 tn
487 111 670 158 anroeoma

57 189 215 266 stituunt;
230 189 400 253 nominales
414 212 505 269 vero,
520 215 604 277 quae
621 216 638 256 a
654 212 763 257 rerum
785 191 1016 257 constitutione
1037 190 1124 256 baud

60 269 213 352 pendent,
235 271 290 335 sed
312 294 395 357 opus
417 286 493 341 sunt
514 287 641 339 nostrae
662 275 791 348 mentis,
813 294 897 359 quae
919 282 1047 337 revocat
1070 294 1125 350 na·

56 350 122 413 rias
145 372 196 415 res
218 352 257 417 ad
275 355 444 421 nonnullas
466 358 600 443 species,
617 370 650 423 et
663 355 817 441 confingit
838 354 1005 439 generalia
1025 375 1125 439 quae-

57 428 130 495 dam
154 436 284 498 nomina
306 437 345 499 ad
371 437 499 503 iliarum
534 436 710 503 discrimen
733 436 979 523 designandum.
1003 434 1125 500 Docuit

55 525 224 595 practerea
245 519 414 582 nominales
427 520 560 603 quidem
582 521 747 595 essentias,
763 539 940 602 numquam
962 539 1040 582 vero
1053 538 1125 583 rea·

54 596 101 659 les
117 618 135 660 a
151 596 244 661 nobis
266 604 416 683 cognosci
430 604 453 664 ¹.
470 602 626 668 Eamdem
648 603 836 666 sententiam
861 600 961 665 tuitus
982 610 1031 665 est
1047 600 1126 665 Gio-

55 676 196 756 bertius;
220 681 272 744 hic
294 682 384 745 enim
407 686 586 761 essentias,
609 706 690 769 quas
712 683 853 749 Lcckius
874 681 1044 745 nominales
1067 701 1125 765 ap-

55 758 198 904 pellavit,
222 763 389 827 rationales
411 768 551 841 vocavit,
574 776 671 851 atque
692 766 849 830 essentias
870 762 974 829 reales
996 784 1060 826 non
1076 782 1125 825 sa

69 862 123 904 um
146 840 323 927 impervias
345 857 453 911 nostro
476 848 677 925 intellectui,
702 845 757 911 sed
782 848 814 909 in
836 846 953 930 seipsis
974 843 1126 909 inintelli-

57 922 176 1004 pibiles,
201 926 267 991 sive
290 928 540 1011 inexcoqitabiles
562 952 630 994 esse
654 927 853 1014 pertendit².

100 1004 372 1148 3821ffi¹i¹¹⁵¹¹¹⁰di
401 1013 575 1077 sententiae
604 1010 787 1076 absurditas
814 1008 874 1071 bac
895 1007 1124 1091 Propositione

57 1106 161 1149 evinci
181 1108 236 1151 ur:

97 1166 280 1233 Multarum
302 1192 409 1235 rernm
432 1175 576 1238 essentiae
597 1175 691 1238 reales
705 1196 725 1237 a
738 1172 826 1236 nobis
847 1178 1081 1254 eopnesenntnr.

97 1248 264 1315 Probatur.
287 1250 439 1318 Dubitari
463 1257 586 1339 nequit,
609 1257 691 1341 quin
714 1254 826 1319 multis
851 1255 884 1316 in
910 1251 1009 1316 rebus
1029 1269 1124 1335 quas·

55 1326 128 1407 dam
158 1329 357 1399 differentias
386 1337 631 1421 concipiamuS,
654 1357 738 1422 qnae
768 1336 839 1399 illas
866 1335 1068 1399 constituunt
1089 1334 1124 1395 in

54 1408 266 1479 determinato
289 1419 413 1481 entium
438 1417 538 1504 gradu
553 1439 570 1480 a
587 1421 703 1484 ceteris
725 1416 888 1492 distincto,
908 1424 1048 1499 suntque
1071 1434 1126 1477 re·

56 1492 114 1555 luti
139 1491 256 1571 sontes,
281 1497 365 1561 unde
386 1519 497 1563 carum
524 1500 679 1563 attribute
706 1497 876 1584 pullulent.
900 1499 939 1562 E.
963 1518 1013 1580 g.‚
1035 1494 1125 1580 quis·

54 1572 126 1656 quis
148 1576 291 1643 admittit
312 1580 407 1644 bruta
429 1580 559 1644 differre
582 1602 600 1644 a
622 1582 750 1666 plantis,
772 1593 805 1646 et
850 1580 986 1644 lantssa
1006 1575 1127 1661 lapidi-

53 1653 126 1732 bus,
149 1677 188 1721 eo
210 1659 295 1742 quod
319 1660 414 1726 bruta
435 1662 598 1738 sentiunt,
623 1684 685 1726 non
709 1683 785 1727 nera
809 1600 958 1745 plantae,
980 1670 1013 1725 et
1032 1658 1125 1804 plan-

53 1746 104 1799 tae
129 1750 292 1823 vegetant,
316 1764 378 1807 non
401 1754 509 1807 autem
537 1742 671 1829 lapides.
701 1745 801 1828 Atqui
826 1739 1012 1806 huiusmodi
1058 1739 1126 1804 itte-

47 1820 179 1883 ·rentiae
202 1832 276 1888 sunt
298 1826 413 1901 reales,
434 1827 603 1923 ipsamque
626 1847 736 1890 rerum
757 1825 1040 1898 constitutionem,
1064 1823 1124 1885 boo

54 1912 114 1975 est,
137 1905 309 1969 essentiam
330 1905 569 2002 ingrediuntur3
586 1927 660 1969 nam
675 1909 744 1971 sive
759 1907 955 1991 cogitentur,
975 1904 1042 1968 sive
1059 1924 1124 1967 non

55 1984 249 2066 cogitentur,
266 1987 334 2052 sive
347 1987 409 2062 bis,
433 1992 498 2052 sive
521 1987 595 2052 aliis
611 1986 799 2052 nominibus
813 1987 889 2051 illae
904 1985 1121 2071 appellentur,

55 2063 120 2127 sive
143 2064 181 2127 ad
205 2067 272 2145 bas,
296 2068 362 2133 sive
385 2067 424 2131 ad
448 2069 521 2132 ilias
535 2068 658 2154 species
673 2090 691 2133 a
707 2068 800 2133 nobis
814 2077 1021 2142 revocentur,
1041 2086 1123 2131 sem-

54 2165 112 2289 ppr
132 2168 245 2213 verum
267 2159 316 2213 est
336 2149 431 2215 bruta
453 2152 590 2227 sentire,
613 2150 656 2213 ob
680 2150 777 2236 idque
799 2173 819 2215 a
840 2150 959 2234 plantis
979 2149 1123 2215 differre.

86 2237 174 2292 atum
196 2229 309 2314 igitur,
333 2229 527 2316 firmumque
543 2233 586 2299 sit
600 2231 703 2297 reales
724 2234 877 2299 essentias
899 2252 1047 2297 reruma
1068 2250 1126 2293 no-

53 2308 104 2375 bis
127 2312 275 2456 copposci
291 2313 313 2375 ³.

95 2392 144 2457 39.
196 2404 350 2469 caeterea,
376 2417 392 2457 n
415 2415 478 2471 res,
499 2395 605 2460 aiente
628 2400 806 2479 Aquinate,
829 2417 888 2480 per
908 2415 1000 2460 suam
1018 2414 1126 2459 essen-

54 2474 133 2538 tiam
156 2476 382 2560 cognoscibilis
404 2486 464 2553 est,
486 2488 519 2543 et
546 2478 578 2540 in
602 2479 710 2561 specie
733 2476 918 2552 ordinatur,
942 2478 991 2541 vei
1015 2476 1048 2539 in
1071 2495 1127 2559 ge-

54 2576 131 2620 nere
147 2557 159 2593 ⁸
177 2576 215 2631 »3
238 2569 450 2644 quapropter,
467 2559 494 2622 si
516 2559 612 2623 realis
633 2559 808 2624 cuiuslibet
833 2561 881 2623 rei
904 2558 1043 2625 essentia
1066 2578 1126 2621 nos

54 2636 187 2715 lateret,
210 2638 296 2705 baud
319 2639 472 2723 possibile
495 2639 580 2706 soret
607 2663 665 2706 nos
685 2641 852 2706 scientiam
878 2662 988 2706 rerum
1009 2639 1126 2725 adqui-

415 2781 433 2787 -
448 2779 721 2787 .---—-----—-——

92 2844 100 2879 ¹
122 2846 198 2895 Eseai
215 2859 261 2895 mr
279 2848 404 2899 t’ennne.
425 2849 507 2905 inm..
529 2848 574 2896 iib.
598 2846 645 2913 iti,
665 2862 692 2897 e.
713 2848 774 2907 3,s
798 2847 888 2896 15-17.

90 2915 238 2976 ²1ntrod.‚
261 2918 306 2968 lib.
328 2917 362 2978 ll,
383 2934 408 2969 o.
429 2920 456 2975 8,
478 2926 534 2969 not.
555 2919 582 2969 ἓ.

91 2988 102 3023 ³
123 2987 260 3039 advertito
279 2992 406 3041 essentias
426 3006 514 3041 rerum
535 3006 586 3040 non
607 3006 668 3041 raro
688 3005 738 3040 non
759 2992 887 3054 aptiori,
902 2988 948 3038 sed
960 3003 977 3037 a
988 2992 1127 3053 posteriori

55 3074 68 3110 a
91 3062 165 3110 nobis
185 3065 319 3123 cognosci,
341 3064 376 3112 ita
397 3076 492 3125 nempe
512 3068 542 3113 ut
561 3078 613 3113 non
632 3077 664 3113 ex
682 3065 775 3126 seipsis
793 3076 838 3111 ees
857 3062 1064 3124 comperiamus,
1078 3063 1125 3111 sed

54 3147 87 3182 ex
105 3147 200 3183 earum
227 3136 450 3198 proprietatibus,
477 3140 504 3185 et
528 3136 709 3185 accidentibus
734 3136 889 3196 detegamus
913 3132 955 3198 (of
971 3149 994 3185 s.
1015 3130 1125 3191 Thoar..

55 3208 104 3270 Qq.
124 3208 221 3270 distem,
243 3210 282 3258 De
301 3210 372 3266 Pet..
392 3222 419 3271 q.
441 3204 497 3267 tx,
517 3222 544 3258 a.
565 3208 580 3257 9
601 3210 636 3259 ad
654 3207 693 3276 ὅ).
719 3205 904 3272 Quadrantem
923 3207 956 3257 de
974 3208 1126 3269 cognitione

54 3278 177 3328 distincta
199 3280 373 3330 essentiarum
395 3294 484 3329 rerum
505 3280 708 3344 intelligendum
720 3285 771 3340 θείς
791 3281 813 3330 si
832 3280 905 3329 enim
923 3278 956 3327 de
975 3279 1126 3342 cognitione

55 3348 165 3399 contusa
186 3358 297 3414 agatur,
318 3355 430 3402 essentia
451 3366 540 3403 rerum
560 3355 758 3408 materialium,
779 3357 808 3401 ut
826 3363 906 3413 saepe
931 3352 1064 3411 diximus,
1085 3357 1127 3402 est

56 3423 171 3483 primum
190 3423 322 3473 obiectum
342 3426 493 3481 intellectus
512 3428 610 3485 uestri,
631 3441 663 3476 ac
683 3425 791 3488 proinde
811 3424 885 3473 illem
904 3424 1006 3487 primo,
1027 3428 1055 3473 et
1073 3436 1127 3474 nou

56 3507 87 3543 ex
106 3494 164 3541 eius
185 3499 398 3557 proprietatibus,
419 3502 446 3547 et
465 3498 648 3549 accidentibus
666 3496 900 3560 apprehendimus.

93 3562 103 3599 ⁵
122 3566 159 3616 De
177 3567 243 3617 Bate
262 3576 285 3618 et
304 3573 422 3631 reseretis,
443 3582 469 3619 o.
489 3568 516 3617 Ξ.
558 3618 561 3625 ,
