<?xml version="1.0" encoding="UTF-8"?>
<!DOCTYPE html PUBLIC "-//W3C//DTD XHTML 1.0 Transitional//EN"
    "http://www.w3.org/TR/xhtml1/DTD/xhtml1-transitional.dtd">
<html xmlns="http://www.w3.org/1999/xhtml" xml:lang="en" lang="en">
 <head>
  <title>
</title>
<meta http-equiv="Content-Type" content="text/html;charset=utf-8" />
  <meta name='ocr-system' content='tesseract 3.04.00' />
  <meta name='ocr-capabilities' content='ocr_page ocr_carea ocr_par ocr_line ocrx_word'/>
</head>
<body>
  <div class='ocr_page' id='page_1' title='image "./philosophiachri00sansgoog_0630.png"; bbox 0 0 2475 3909; ppageno 0'>
   <div class='ocr_carea' id='block_1_1' title="bbox 129 140 826 207">
    <p class='ocr_par' dir='ltr' id='par_1_1' title="bbox 129 140 826 207">
     <span class='ocr_line' id='line_1_1' title="bbox 129 140 826 207; baseline -0.006 0"><span class='ocrx_word' id='word_1_1' title='bbox 129 140 192 207; x_wconf 66' lang='lat'><strong>334</strong></span> <span class='ocrx_word' id='word_1_2' title='bbox 422 156 609 204; x_wconf 74' lang='lat' dir='ltr'><strong>rononoora</strong></span> <span class='ocrx_word' id='word_1_3' title='bbox 638 154 826 203; x_wconf 75' lang='lat' dir='ltr'><strong>narvuams</strong></span> 
     </span>
    </p>
   </div>
   <div class='ocr_carea' id='block_1_2' title="bbox 89 237 1170 490">
    <p class='ocr_par' dir='ltr' id='par_1_2' title="bbox 89 237 1170 490">
     <span class='ocr_line' id='line_1_2' title="bbox 132 237 1170 324; baseline 0.003 -21"><span class='ocrx_word' id='word_1_4' title='bbox 132 245 185 310; x_wconf 84' lang='lat'><strong>89.</strong></span> <span class='ocrx_word' id='word_1_5' title='bbox 207 241 333 317; x_wconf 86' lang='lat' dir='ltr'><strong>Quarto</strong></span> <span class='ocrx_word' id='word_1_6' title='bbox 362 238 520 324; x_wconf 84' lang='lat' dir='ltr'><strong>denique:</strong></span> <span class='ocrx_word' id='word_1_7' title='bbox 543 237 644 305; x_wconf 86' lang='lat' dir='ltr'><strong>Nulla</strong></span> <span class='ocrx_word' id='word_1_8' title='bbox 672 241 705 303; x_wconf 92' lang='lat' dir='ltr'><strong>in</strong></span> <span class='ocrx_word' id='word_1_9' title='bbox 728 238 796 305; x_wconf 84' lang='lat' dir='ltr'><strong>Deo</strong></span> <span class='ocrx_word' id='word_1_10' title='bbox 825 254 872 309; x_wconf 91' lang='lat' dir='ltr'><strong>est</strong></span> <span class='ocrx_word' id='word_1_11' title='bbox 894 262 968 305; x_wconf 88' lang='lat' dir='ltr'><strong>com</strong></span> <span class='ocrx_word' id='word_1_12' title='bbox 993 243 1099 308; x_wconf 86' lang='lat' dir='ltr'><strong>ositio</strong></span> <span class='ocrx_word' id='word_1_13' title='bbox 1127 264 1170 306; x_wconf 77' lang='lat' dir='ltr'><strong>ex</strong></span> 
     </span>
     <span class='ocr_line' id='line_1_3' title="bbox 89 263 1169 399; baseline -0.001 -11"><span class='ocrx_word' id='word_1_14' title='bbox 89 323 264 397; x_wconf 80' lang='lat' dir='ltr'><strong>subiecto,</strong></span> <span class='ocrx_word' id='word_1_15' title='bbox 287 334 319 386; x_wconf 91' lang='lat' dir='ltr'><strong>et</strong></span> <span class='ocrx_word' id='word_1_16' title='bbox 341 320 576 386; x_wconf 82' lang='lat' dir='ltr'><strong>accidentibus.</strong></span> <span class='ocrx_word' id='word_1_17' title='bbox 599 320 720 387; x_wconf 88' lang='lat' dir='ltr'><strong>«Nilril</strong></span> <span class='ocrx_word' id='word_1_18' title='bbox 743 324 776 386; x_wconf 94' lang='lat' dir='ltr'><strong>in</strong></span> <span class='ocrx_word' id='word_1_19' title='bbox 800 322 891 399; x_wconf 89' lang='lat' dir='ltr'><strong>Deo,</strong></span> <span class='ocrx_word' id='word_1_20' title='bbox 915 263 1026 390; x_wconf 75' lang='lat' dir='ltr'><strong>aiellat</strong></span> <span class='ocrx_word' id='word_1_21' title='bbox 1048 346 1075 389; x_wconf 84' lang='lat' dir='ltr'><strong>s.</strong></span> <span class='ocrx_word' id='word_1_22' title='bbox 1100 328 1169 388; x_wconf 80' lang='lat' dir='ltr'><strong>Au-</strong></span> 
     </span>
     <span class='ocr_line' id='line_1_4' title="bbox 92 401 1168 490; baseline -0.001 -20"><span class='ocrx_word' id='word_1_23' title='bbox 92 406 252 490; x_wconf 80' lang='lat' dir='ltr'><strong>gustinus,</strong></span> <span class='ocrx_word' id='word_1_24' title='bbox 276 401 455 469; x_wconf 86' lang='lat' dir='ltr'><strong>seeundum</strong></span> <span class='ocrx_word' id='word_1_25' title='bbox 477 402 626 468; x_wconf 86' lang='lat' dir='ltr'><strong>accidens</strong></span> <span class='ocrx_word' id='word_1_26' title='bbox 648 402 792 467; x_wconf 75' lang='lat' dir='ltr'><strong>dioiturl</strong></span> <span class='ocrx_word' id='word_1_27' title='bbox 811 428 840 467; x_wconf 76' lang='lat' dir='ltr'><strong>n.</strong></span> <span class='ocrx_word' id='word_1_28' title='bbox 857 405 904 469; x_wconf 87' lang='lat' dir='ltr'><strong>lle</strong></span> <span class='ocrx_word' id='word_1_29' title='bbox 925 407 1063 489; x_wconf 89' lang='lat' dir='ltr'><strong>quidem</strong></span> <span class='ocrx_word' id='word_1_30' title='bbox 1089 427 1168 470; x_wconf 81' lang='lat' dir='ltr'><strong>vera</strong></span> 
     </span>
    </p>
   </div>
   <div class='ocr_carea' id='block_1_3' title="bbox 91 483 1230 651">
    <p class='ocr_par' dir='ltr' id='par_1_3' title="bbox 91 483 1230 651">
     <span class='ocr_line' id='line_1_5' title="bbox 91 483 1230 571; baseline 0.003 -24"><span class='ocrx_word' id='word_1_31' title='bbox 91 511 110 547; x_wconf 87' lang='lat'>«</span> <span class='ocrx_word' id='word_1_32' title='bbox 127 483 277 551; x_wconf 80' lang='lat' dir='ltr'><strong>accidens</strong></span> <span class='ocrx_word' id='word_1_33' title='bbox 297 493 506 569; x_wconf 84' lang='lat' dir='ltr'><strong>eomparatur</strong></span> <span class='ocrx_word' id='word_1_34' title='bbox 527 484 567 549; x_wconf 87' lang='lat' dir='ltr'><strong>ud</strong></span> <span class='ocrx_word' id='word_1_35' title='bbox 591 483 800 561; x_wconf 86' lang='lat' dir='ltr'><strong>subiectum,</strong></span> <span class='ocrx_word' id='word_1_36' title='bbox 825 486 908 551; x_wconf 87' lang='lat' dir='ltr'><strong>siout</strong></span> <span class='ocrx_word' id='word_1_37' title='bbox 930 500 1023 553; x_wconf 83' lang='lat' dir='ltr'><strong>actus</strong></span> <span class='ocrx_word' id='word_1_38' title='bbox 1046 486 1087 550; x_wconf 92' lang='lat' dir='ltr'><strong>ad</strong></span> <span class='ocrx_word' id='word_1_39' title='bbox 1112 506 1170 571; x_wconf 73' lang='lat' dir='ltr'><strong>po</strong></span> <span class='ocrx_word' id='word_1_40' title='bbox 1229 548 1230 559; x_wconf 44' lang='lat'><strong>,</strong></span> 
     </span>
     <span class='ocr_line' id='line_1_6' title="bbox 92 564 1230 651; baseline -0.002 -18"><span class='ocrx_word' id='word_1_41' title='bbox 92 569 255 640; x_wconf 89' lang='lat' dir='ltr'><strong>tentiam,</strong></span> <span class='ocrx_word' id='word_1_42' title='bbox 278 586 353 630; x_wconf 84' lang='lat' dir='ltr'><strong>curn</strong></span> <span class='ocrx_word' id='word_1_43' title='bbox 375 567 418 631; x_wconf 90' lang='lat' dir='ltr'><strong>sit</strong></span> <span class='ocrx_word' id='word_1_44' title='bbox 438 566 597 649; x_wconf 80' lang='lat' dir='ltr'><strong>quaedam</strong></span> <span class='ocrx_word' id='word_1_45' title='bbox 621 564 726 630; x_wconf 80' lang='lat' dir='ltr'><strong>forma</strong></span> <span class='ocrx_word' id='word_1_46' title='bbox 748 568 879 651; x_wconf 84' lang='lat' dir='ltr'><strong>ipsins²</strong></span> <span class='ocrx_word' id='word_1_47' title='bbox 896 592 925 631; x_wconf 83' lang='lat' dir='ltr'><strong>n.</strong></span> <span class='ocrx_word' id='word_1_48' title='bbox 950 570 986 632; x_wconf 88' lang='lat' dir='ltr'><strong>ln</strong></span> <span class='ocrx_word' id='word_1_49' title='bbox 1008 569 1082 633; x_wconf 85' lang='lat' dir='ltr'><strong>Ileo</strong></span> <span class='ocrx_word' id='word_1_50' title='bbox 1111 588 1169 632; x_wconf 81' lang='lat' dir='ltr'><strong>au·</strong></span> <span class='ocrx_word' id='word_1_51' title='bbox 1229 564 1230 589; x_wconf 65' lang='lat'>¹</span> 
     </span>
    </p>
   </div>
   <div class='ocr_carea' id='block_1_4' title="bbox 93 646 1168 734">
    <p class='ocr_par' dir='ltr' id='par_1_4' title="bbox 93 646 1168 734">
     <span class='ocr_line' id='line_1_7' title="bbox 93 646 1168 734; baseline -0.001 -20"><span class='ocrx_word' id='word_1_52' title='bbox 93 662 184 726; x_wconf 90' lang='lat' dir='ltr'><strong>tem,</strong></span> <span class='ocrx_word' id='word_1_53' title='bbox 207 660 244 712; x_wconf 89' lang='lat' dir='ltr'><strong>ut</strong></span> <span class='ocrx_word' id='word_1_54' title='bbox 265 650 332 712; x_wconf 87' lang='lat' dir='ltr'><strong>iam</strong></span> <span class='ocrx_word' id='word_1_55' title='bbox 353 661 517 714; x_wconf 87' lang='lat' dir='ltr'><strong>ostensum</strong></span> <span class='ocrx_word' id='word_1_56' title='bbox 539 658 612 723; x_wconf 87' lang='lat' dir='ltr'><strong>est,</strong></span> <span class='ocrx_word' id='word_1_57' title='bbox 636 646 724 713; x_wconf 83' lang='lat' dir='ltr'><strong>nulla</strong></span> <span class='ocrx_word' id='word_1_58' title='bbox 746 668 816 712; x_wconf 86' lang='lat' dir='ltr'><strong>esse</strong></span> <span class='ocrx_word' id='word_1_59' title='bbox 842 660 946 734; x_wconf 86' lang='lat' dir='ltr'><strong>potest</strong></span> <span class='ocrx_word' id='word_1_60' title='bbox 967 650 1168 733; x_wconf 77' lang='lat' dir='ltr'><strong>compositio</strong></span> 
     </span>
    </p>
   </div>
   <div class='ocr_carea' id='block_1_5' title="bbox 92 728 1230 907">
    <p class='ocr_par' dir='ltr' id='par_1_5' title="bbox 92 728 1230 907">
     <span class='ocr_line' id='line_1_8' title="bbox 92 728 1230 817; baseline -0.004 -22"><span class='ocrx_word' id='word_1_61' title='bbox 92 754 136 795; x_wconf 82' lang='lat' dir='ltr'><strong>ex</strong></span> <span class='ocrx_word' id='word_1_62' title='bbox 158 730 322 817; x_wconf 90' lang='lat' dir='ltr'><strong>potentia,</strong></span> <span class='ocrx_word' id='word_1_63' title='bbox 345 739 379 793; x_wconf 91' lang='lat' dir='ltr'><strong>et</strong></span> <span class='ocrx_word' id='word_1_64' title='bbox 399 740 484 795; x_wconf 85' lang='lat' dir='ltr'><strong>actu.</strong></span> <span class='ocrx_word' id='word_1_65' title='bbox 508 730 667 812; x_wconf 87' lang='lat' dir='ltr'><strong>insuper,</strong></span> <span class='ocrx_word' id='word_1_66' title='bbox 690 728 841 795; x_wconf 87' lang='lat' dir='ltr'><strong>accidens</strong></span> <span class='ocrx_word' id='word_1_67' title='bbox 862 730 1006 814; x_wconf 76' lang='lat' dir='ltr'><strong>aliquem</strong></span> <span class='ocrx_word' id='word_1_68' title='bbox 1030 730 1168 795; x_wconf 88' lang='lat' dir='ltr'><strong>modum</strong></span> <span class='ocrx_word' id='word_1_69' title='bbox 1229 768 1230 785; x_wconf 74' lang='lat'><strong>.</strong></span> 
     </span>
     <span class='ocr_line' id='line_1_9' title="bbox 93 807 1230 907; baseline -0.004 -29"><span class='ocrx_word' id='word_1_70' title='bbox 93 809 220 878; x_wconf 80' lang='lat' dir='ltr'><strong>essendi</strong></span> <span class='ocrx_word' id='word_1_71' title='bbox 243 810 386 886; x_wconf 88' lang='lat' dir='ltr'><strong>denotat,</strong></span> <span class='ocrx_word' id='word_1_72' title='bbox 402 812 459 893; x_wconf 91' lang='lat' dir='ltr'><strong>qui</strong></span> <span class='ocrx_word' id='word_1_73' title='bbox 475 813 632 876; x_wconf 77' lang='lat' dir='ltr'><strong>essentiae</strong></span> <span class='ocrx_word' id='word_1_74' title='bbox 655 810 796 875; x_wconf 87' lang='lat' dir='ltr'><strong>advenit.</strong></span> <span class='ocrx_word' id='word_1_75' title='bbox 813 814 911 896; x_wconf 77' lang='lat' dir='ltr'><strong>Atqui</strong></span> <span class='ocrx_word' id='word_1_76' title='bbox 926 812 1014 877; x_wconf 88' lang='lat' dir='ltr'><strong>Dens</strong></span> <span class='ocrx_word' id='word_1_77' title='bbox 1037 835 1080 875; x_wconf 79' lang='lat' dir='ltr'><strong>ex</strong></span> <span class='ocrx_word' id='word_1_78' title='bbox 1098 814 1167 907; x_wconf 84' lang='lat' dir='ltr'><strong>ipsa</strong></span> <span class='ocrx_word' id='word_1_79' title='bbox 1229 807 1230 843; x_wconf 53' lang='lat'>³</span> 
     </span>
    </p>
   </div>
   <div class='ocr_carea' id='block_1_6' title="bbox 93 890 1168 1069">
    <p class='ocr_par' dir='ltr' id='par_1_6' title="bbox 93 890 1168 1069">
     <span class='ocr_line' id='line_1_10' title="bbox 93 890 1168 976; baseline -0.005 -17"><span class='ocrx_word' id='word_1_80' title='bbox 93 915 153 959; x_wconf 93' lang='lat' dir='ltr'><strong>sua</strong></span> <span class='ocrx_word' id='word_1_81' title='bbox 166 894 315 959; x_wconf 85' lang='lat' dir='ltr'><strong>Essentia</strong></span> <span class='ocrx_word' id='word_1_82' title='bbox 330 890 559 976; x_wconf 75' lang='lat' dir='ltr'><strong>perfectionem</strong></span> <span class='ocrx_word' id='word_1_83' title='bbox 574 891 700 957; x_wconf 87' lang='lat' dir='ltr'><strong>essendi</strong></span> <span class='ocrx_word' id='word_1_84' title='bbox 724 892 832 970; x_wconf 88' lang='lat' dir='ltr'><strong>lrabet,</strong></span> <span class='ocrx_word' id='word_1_85' title='bbox 847 904 880 960; x_wconf 87' lang='lat' dir='ltr'><strong>et</strong></span> <span class='ocrx_word' id='word_1_86' title='bbox 894 893 969 959; x_wconf 91' lang='lat' dir='ltr'><strong>ideo</strong></span> <span class='ocrx_word' id='word_1_87' title='bbox 984 894 1069 958; x_wconf 89' lang='lat' dir='ltr'><strong>nihil</strong></span> <span class='ocrx_word' id='word_1_88' title='bbox 1087 895 1168 957; x_wconf 83' lang='lat' dir='ltr'><strong>Erus</strong></span> 
     </span>
     <span class='ocr_line' id='line_1_11' title="bbox 94 973 725 1069; baseline -0.01 -26"><span class='ocrx_word' id='word_1_89' title='bbox 94 976 261 1043; x_wconf 85' lang='lat' dir='ltr'><strong>Esseotiae</strong></span> <span class='ocrx_word' id='word_1_90' title='bbox 284 973 437 1038; x_wconf 82' lang='lat' dir='ltr'><strong>advenire</strong></span> <span class='ocrx_word' id='word_1_91' title='bbox 459 983 574 1058; x_wconf 85' lang='lat' dir='ltr'><strong>potest.</strong></span> <span class='ocrx_word' id='word_1_92' title='bbox 598 975 687 1069; x_wconf 69' lang='lat' dir='ltr'><strong>Ergo</strong></span> <span class='ocrx_word' id='word_1_93' title='bbox 702 974 725 1037; x_wconf 79' lang='lat'><strong>⁸.</strong></span> 
     </span>
    </p>
   </div>
   <div class='ocr_carea' id='block_1_7' title="bbox 133 1052 1230 1140">
    <p class='ocr_par' dir='ltr' id='par_1_7' title="bbox 133 1052 1230 1140">
     <span class='ocr_line' id='line_1_12' title="bbox 133 1052 1230 1140; baseline -0.006 -16"><span class='ocrx_word' id='word_1_94' title='bbox 133 1058 185 1124; x_wconf 83' lang='grc'><strong>90.</strong></span> <span class='ocrx_word' id='word_1_95' title='bbox 209 1057 306 1138; x_wconf 89' lang='lat' dir='ltr'><strong>Prop.</strong></span> <span class='ocrx_word' id='word_1_96' title='bbox 326 1052 373 1119; x_wconf 75' lang='lat'><strong>3⁸.</strong></span> <span class='ocrx_word' id='word_1_97' title='bbox 391 1054 583 1138; x_wconf 78' lang='lat' dir='ltr'><strong>Compositio</strong></span> <span class='ocrx_word' id='word_1_98' title='bbox 602 1055 716 1138; x_wconf 78' lang='lat' dir='ltr'><strong>loqaco,</strong></span> <span class='ocrx_word' id='word_1_99' title='bbox 737 1075 778 1118; x_wconf 78' lang='lat' dir='ltr'><strong>ex</strong></span> <span class='ocrx_word' id='word_1_100' title='bbox 798 1074 903 1138; x_wconf 75' lang='lat' dir='ltr'><strong>penore</strong></span> <span class='ocrx_word' id='word_1_101' title='bbox 923 1074 1032 1140; x_wconf 82' lang='lat' dir='ltr'><strong>nempe</strong></span> <span class='ocrx_word' id='word_1_102' title='bbox 1054 1068 1083 1119; x_wconf 84' lang='lat' dir='ltr'><strong>et</strong></span> <span class='ocrx_word' id='word_1_103' title='bbox 1107 1056 1169 1137; x_wconf 79' lang='lat' dir='ltr'><strong>dis·</strong></span> <span class='ocrx_word' id='word_1_104' title='bbox 1229 1062 1230 1069; x_wconf 75' lang='grc'>’</span> 
     </span>
    </p>
   </div>
   <div class='ocr_carea' id='block_1_8' title="bbox 93 1136 1171 2365">
    <p class='ocr_par' dir='ltr' id='par_1_8' title="bbox 93 1136 749 1221">
     <span class='ocr_line' id='line_1_13' title="bbox 93 1136 749 1221; baseline -0.006 -18"><span class='ocrx_word' id='word_1_105' title='bbox 93 1138 238 1221; x_wconf 72' lang='lat' dir='ltr'><strong>ferentin,</strong></span> <span class='ocrx_word' id='word_1_106' title='bbox 259 1137 295 1200; x_wconf 86' lang='lat' dir='ltr'><strong>in</strong></span> <span class='ocrx_word' id='word_1_107' title='bbox 316 1136 381 1199; x_wconf 84' lang='lat' dir='ltr'><strong>Deo</strong></span> <span class='ocrx_word' id='word_1_108' title='bbox 401 1137 594 1200; x_wconf 73' lang='lat' dir='ltr'><strong>adrnittendo</strong></span> <span class='ocrx_word' id='word_1_109' title='bbox 614 1156 677 1200; x_wconf 81' lang='lat' dir='ltr'><strong>non</strong></span> <span class='ocrx_word' id='word_1_110' title='bbox 698 1146 749 1199; x_wconf 77' lang='lat' dir='ltr'><strong>eat.</strong></span> 
     </span>
    </p>

    <p class='ocr_par' dir='ltr' id='par_1_9' title="bbox 95 1216 1171 1873">
     <span class='ocr_line' id='line_1_14' title="bbox 135 1216 1168 1302; baseline -0.002 -17"><span class='ocrx_word' id='word_1_111' title='bbox 135 1218 306 1285; x_wconf 77' lang='lat' dir='ltr'><strong>Probatur.</strong></span> <span class='ocrx_word' id='word_1_112' title='bbox 321 1218 484 1295; x_wconf 87' lang='lat' dir='ltr'><strong>Quoniam</strong></span> <span class='ocrx_word' id='word_1_113' title='bbox 498 1218 682 1284; x_wconf 80' lang='lat' dir='ltr'><strong>differentia</strong></span> <span class='ocrx_word' id='word_1_114' title='bbox 702 1216 907 1292; x_wconf 84' lang='lat' dir='ltr'><strong>determinat,</strong></span> <span class='ocrx_word' id='word_1_115' title='bbox 922 1230 954 1282; x_wconf 90' lang='lat' dir='ltr'><strong>et</strong></span> <span class='ocrx_word' id='word_1_116' title='bbox 969 1217 1102 1302; x_wconf 76' lang='lat' dir='ltr'><strong>perlicit</strong></span> <span class='ocrx_word' id='word_1_117' title='bbox 1118 1239 1168 1302; x_wconf 70' lang='lat' dir='ltr'><strong>ge</strong></span> 
     </span>
     <span class='ocr_line' id='line_1_15' title="bbox 95 1297 1167 1385; baseline -0.006 -18"><span class='ocrx_word' id='word_1_118' title='bbox 95 1321 157 1367; x_wconf 83' lang='lat' dir='ltr'><strong>nus</strong></span> <span class='ocrx_word' id='word_1_119' title='bbox 171 1302 196 1376; x_wconf 77' lang='lat'><strong>⁶,</strong></span> <span class='ocrx_word' id='word_1_120' title='bbox 221 1320 322 1385; x_wconf 80' lang='lat' dir='ltr'><strong>genus</strong></span> <span class='ocrx_word' id='word_1_121' title='bbox 342 1311 391 1366; x_wconf 89' lang='lat' dir='ltr'><strong>est</strong></span> <span class='ocrx_word' id='word_1_122' title='bbox 423 1300 523 1365; x_wconf 87' lang='lat' dir='ltr'><strong>veluti</strong></span> <span class='ocrx_word' id='word_1_123' title='bbox 545 1297 778 1385; x_wconf 80' lang='lat' dir='ltr'><strong>perfectibile,</strong></span> <span class='ocrx_word' id='word_1_124' title='bbox 801 1308 833 1363; x_wconf 90' lang='lat' dir='ltr'><strong>et</strong></span> <span class='ocrx_word' id='word_1_125' title='bbox 854 1298 1040 1364; x_wconf 79' lang='lat' dir='ltr'><strong>differentia</strong></span> <span class='ocrx_word' id='word_1_126' title='bbox 1063 1299 1167 1367; x_wconf 80' lang='lat' dir='ltr'><strong>veluti</strong></span> 
     </span>
     <span class='ocr_line' id='line_1_16' title="bbox 97 1377 1170 1479; baseline -0.003 -30"><span class='ocrx_word' id='word_1_127' title='bbox 97 1380 293 1469; x_wconf 85' lang='lat' dir='ltr'><strong>perficiens,</strong></span> <span class='ocrx_word' id='word_1_128' title='bbox 315 1382 385 1446; x_wconf 80' lang='lat' dir='ltr'><strong>sive</strong></span> <span class='ocrx_word' id='word_1_129' title='bbox 407 1402 509 1465; x_wconf 79' lang='lat' dir='ltr'><strong>genus</strong></span> <span class='ocrx_word' id='word_1_130' title='bbox 535 1391 746 1479; x_wconf 83' lang='lat' dir='ltr'><strong>eomparatur</strong></span> <span class='ocrx_word' id='word_1_131' title='bbox 776 1377 816 1443; x_wconf 81' lang='lat' dir='ltr'><strong>od</strong></span> <span class='ocrx_word' id='word_1_132' title='bbox 838 1379 1059 1447; x_wconf 80' lang='lat' dir='ltr'><strong>differentiam</strong></span> <span class='ocrx_word' id='word_1_133' title='bbox 1090 1394 1170 1448; x_wconf 75' lang='lat' dir='ltr'><strong>tani·</strong></span> 
     </span>
     <span class='ocr_line' id='line_1_17' title="bbox 96 1458 1170 1605; baseline -0.002 -75"><span class='ocrx_word' id='word_1_134' title='bbox 96 1486 193 1550; x_wconf 89' lang='lat' dir='ltr'><strong>quam</strong></span> <span class='ocrx_word' id='word_1_135' title='bbox 211 1460 255 1539; x_wconf 91' lang='lat' dir='ltr'><strong>id,</strong></span> <span class='ocrx_word' id='word_1_136' title='bbox 270 1461 359 1547; x_wconf 94' lang='lat' dir='ltr'><strong>quod</strong></span> <span class='ocrx_word' id='word_1_137' title='bbox 379 1472 427 1528; x_wconf 87' lang='lat' dir='ltr'><strong>est</strong></span> <span class='ocrx_word' id='word_1_138' title='bbox 447 1464 483 1526; x_wconf 84' lang='lat' dir='ltr'><strong>in</strong></span> <span class='ocrx_word' id='word_1_139' title='bbox 498 1473 655 1548; x_wconf 73' lang='lat' dir='ltr'><strong>potentio,</strong></span> <span class='ocrx_word' id='word_1_140' title='bbox 672 1462 711 1527; x_wconf 85' lang='lat' dir='ltr'><strong>ad</strong></span> <span class='ocrx_word' id='word_1_141' title='bbox 734 1458 784 1537; x_wconf 90' lang='lat' dir='ltr'><strong>id,</strong></span> <span class='ocrx_word' id='word_1_142' title='bbox 795 1461 888 1605; x_wconf 58' lang='lat' dir='ltr'><strong>pund</strong></span> <span class='ocrx_word' id='word_1_143' title='bbox 910 1474 958 1529; x_wconf 90' lang='lat' dir='ltr'><strong>est</strong></span> <span class='ocrx_word' id='word_1_144' title='bbox 978 1474 1072 1538; x_wconf 67' lang='lat' dir='ltr'><strong>actm</strong></span> <span class='ocrx_word' id='word_1_145' title='bbox 1089 1485 1170 1549; x_wconf 87' lang='lat' dir='ltr'><strong>qna-</strong></span> 
     </span>
     <span class='ocr_line' id='line_1_18' title="bbox 97 1540 1171 1640; baseline -0.002 -29"><span class='ocrx_word' id='word_1_146' title='bbox 97 1556 231 1632; x_wconf 89' lang='lat' dir='ltr'><strong>propter</strong></span> <span class='ocrx_word' id='word_1_147' title='bbox 251 1544 285 1608; x_wconf 94' lang='lat' dir='ltr'><strong>in</strong></span> <span class='ocrx_word' id='word_1_148' title='bbox 308 1545 362 1621; x_wconf 92' lang='lat' dir='ltr'><strong>iis,</strong></span> <span class='ocrx_word' id='word_1_149' title='bbox 384 1565 469 1629; x_wconf 86' lang='lat' dir='ltr'><strong>quae</strong></span> <span class='ocrx_word' id='word_1_150' title='bbox 491 1565 532 1608; x_wconf 85' lang='lat' dir='ltr'><strong>ex</strong></span> <span class='ocrx_word' id='word_1_151' title='bbox 555 1565 689 1629; x_wconf 82' lang='lat' dir='ltr'><strong>genere,</strong></span> <span class='ocrx_word' id='word_1_152' title='bbox 705 1552 739 1608; x_wconf 89' lang='lat' dir='ltr'><strong>et</strong></span> <span class='ocrx_word' id='word_1_153' title='bbox 759 1540 791 1605; x_wconf 87' lang='lat' dir='ltr'><strong>dl</strong></span> <span class='ocrx_word' id='word_1_154' title='bbox 819 1545 944 1611; x_wconf 84' lang='lat' dir='ltr'><strong>erentin</strong></span> <span class='ocrx_word' id='word_1_155' title='bbox 967 1564 1171 1640; x_wconf 89' lang='lat' dir='ltr'><strong>componun-</strong></span> 
     </span>
     <span class='ocr_line' id='line_1_19' title="bbox 97 1624 1170 1713; baseline -0.001 -21"><span class='ocrx_word' id='word_1_156' title='bbox 97 1640 162 1703; x_wconf 92' lang='lat' dir='ltr'><strong>tnr,</strong></span> <span class='ocrx_word' id='word_1_157' title='bbox 179 1626 335 1711; x_wconf 88' lang='lat' dir='ltr'><strong>potentia,</strong></span> <span class='ocrx_word' id='word_1_158' title='bbox 350 1638 384 1692; x_wconf 93' lang='lat' dir='ltr'><strong>et</strong></span> <span class='ocrx_word' id='word_1_159' title='bbox 403 1636 494 1691; x_wconf 78' lang='lat' dir='ltr'><strong>aetus</strong></span> <span class='ocrx_word' id='word_1_160' title='bbox 514 1624 744 1712; x_wconf 77' lang='lat' dir='ltr'><strong>distinguendo</strong></span> <span class='ocrx_word' id='word_1_161' title='bbox 766 1636 852 1690; x_wconf 89' lang='lat' dir='ltr'><strong>sunt.</strong></span> <span class='ocrx_word' id='word_1_162' title='bbox 872 1628 987 1710; x_wconf 80' lang='lat' dir='ltr'><strong>Atqui,</strong></span> <span class='ocrx_word' id='word_1_163' title='bbox 1003 1638 1053 1691; x_wconf 83' lang='lat' dir='ltr'><strong>uir</strong></span> <span class='ocrx_word' id='word_1_164' title='bbox 1070 1625 1170 1713; x_wconf 83' lang='lat' dir='ltr'><strong>paulo</strong></span> 
     </span>
     <span class='ocr_line' id='line_1_20' title="bbox 99 1705 1170 1791; baseline -0.002 -18"><span class='ocrx_word' id='word_1_165' title='bbox 99 1720 173 1774; x_wconf 87' lang='lat' dir='ltr'><strong>ante</strong></span> <span class='ocrx_word' id='word_1_166' title='bbox 196 1705 420 1785; x_wconf 87' lang='lat' dir='ltr'><strong>ostendimus,</strong></span> <span class='ocrx_word' id='word_1_167' title='bbox 443 1706 532 1771; x_wconf 89' lang='lat' dir='ltr'><strong>Deus</strong></span> <span class='ocrx_word' id='word_1_168' title='bbox 552 1728 628 1772; x_wconf 88' lang='lat' dir='ltr'><strong>curu</strong></span> <span class='ocrx_word' id='word_1_169' title='bbox 657 1708 699 1772; x_wconf 84' lang='lat' dir='ltr'><strong>sit</strong></span> <span class='ocrx_word' id='word_1_170' title='bbox 719 1715 810 1771; x_wconf 81' lang='lat' dir='ltr'><strong>actus</strong></span> <span class='ocrx_word' id='word_1_171' title='bbox 832 1710 1054 1791; x_wconf 83' lang='lat' dir='ltr'><strong>purissimus,</strong></span> <span class='ocrx_word' id='word_1_172' title='bbox 1078 1708 1170 1773; x_wconf 90' lang='lat' dir='ltr'><strong>nullo</strong></span> 
     </span>
     <span class='ocr_line' id='line_1_21' title="bbox 99 1789 873 1873; baseline -0.006 -18"><span class='ocrx_word' id='word_1_173' title='bbox 99 1789 194 1855; x_wconf 91' lang='lat' dir='ltr'><strong>modo</strong></span> <span class='ocrx_word' id='word_1_174' title='bbox 216 1809 257 1854; x_wconf 85' lang='lat' dir='ltr'><strong>ex</strong></span> <span class='ocrx_word' id='word_1_175' title='bbox 280 1791 439 1873; x_wconf 87' lang='lat' dir='ltr'><strong>potentia,</strong></span> <span class='ocrx_word' id='word_1_176' title='bbox 462 1801 496 1856; x_wconf 89' lang='lat' dir='ltr'><strong>et</strong></span> <span class='ocrx_word' id='word_1_177' title='bbox 517 1804 591 1855; x_wconf 86' lang='lat' dir='ltr'><strong>actu</strong></span> <span class='ocrx_word' id='word_1_178' title='bbox 614 1798 749 1854; x_wconf 81' lang='lat' dir='ltr'><strong>consur.</strong></span> <span class='ocrx_word' id='word_1_179' title='bbox 774 1789 873 1869; x_wconf 89' lang='lat' dir='ltr'><strong>Ergo.</strong></span> 
     </span>
    </p>

    <p class='ocr_par' dir='ltr' id='par_1_10' title="bbox 99 1868 1171 2283">
     <span class='ocr_line' id='line_1_22' title="bbox 137 1868 1171 1955; baseline -0.005 -17"><span class='ocrx_word' id='word_1_180' title='bbox 137 1873 188 1939; x_wconf 82' lang='lat'><strong>91.</strong></span> <span class='ocrx_word' id='word_1_181' title='bbox 214 1872 396 1935; x_wconf 84' lang='lat' dir='ltr'><strong>Praeterea.</strong></span> <span class='ocrx_word' id='word_1_182' title='bbox 423 1870 514 1933; x_wconf 88' lang='lat' dir='ltr'><strong>Dens</strong></span> <span class='ocrx_word' id='word_1_183' title='bbox 535 1870 695 1935; x_wconf 85' lang='lat' dir='ltr'><strong>infinitam</strong></span> <span class='ocrx_word' id='word_1_184' title='bbox 723 1868 956 1955; x_wconf 83' lang='lat' dir='ltr'><strong>perfectionem</strong></span> <span class='ocrx_word' id='word_1_185' title='bbox 984 1872 1090 1936; x_wconf 90' lang='lat' dir='ltr'><strong>totius</strong></span> <span class='ocrx_word' id='word_1_186' title='bbox 1112 1892 1171 1934; x_wconf 78' lang='lat' dir='ltr'><strong>erse</strong></span> 
     </span>
     <span class='ocr_line' id='line_1_23' title="bbox 99 1949 1171 2037; baseline 0.001 -20"><span class='ocrx_word' id='word_1_187' title='bbox 99 1953 134 2017; x_wconf 93' lang='lat' dir='ltr'><strong>in</strong></span> <span class='ocrx_word' id='word_1_188' title='bbox 156 1974 189 2018; x_wconf 85' lang='lat' dir='ltr'><strong>se</strong></span> <span class='ocrx_word' id='word_1_189' title='bbox 210 1951 450 2037; x_wconf 84' lang='lat' dir='ltr'><strong>complectitur.</strong></span> <span class='ocrx_word' id='word_1_190' title='bbox 467 1952 566 2037; x_wconf 78' lang='lat' dir='ltr'><strong>Atqui</strong></span> <span class='ocrx_word' id='word_1_191' title='bbox 590 1949 684 2027; x_wconf 92' lang='lat' dir='ltr'><strong>illud,</strong></span> <span class='ocrx_word' id='word_1_192' title='bbox 708 1950 796 2034; x_wconf 93' lang='lat' dir='ltr'><strong>quod</strong></span> <span class='ocrx_word' id='word_1_193' title='bbox 817 1970 860 2014; x_wconf 81' lang='lat' dir='ltr'><strong>ex</strong></span> <span class='ocrx_word' id='word_1_194' title='bbox 882 1970 999 2036; x_wconf 82' lang='lat' dir='ltr'><strong>genere</strong></span> <span class='ocrx_word' id='word_1_195' title='bbox 1021 1962 1055 2016; x_wconf 89' lang='lat' dir='ltr'><strong>et</strong></span> <span class='ocrx_word' id='word_1_196' title='bbox 1075 1951 1171 2018; x_wconf 84' lang='lat' dir='ltr'><strong>dille-</strong></span> 
     </span>
     <span class='ocr_line' id='line_1_24' title="bbox 99 2031 1170 2120; baseline 0.002 -23"><span class='ocrx_word' id='word_1_197' title='bbox 99 2036 205 2100; x_wconf 88' lang='lat' dir='ltr'><strong>rentia</strong></span> <span class='ocrx_word' id='word_1_198' title='bbox 226 2043 362 2111; x_wconf 83' lang='lat' dir='ltr'><strong>constat,</strong></span> <span class='ocrx_word' id='word_1_199' title='bbox 377 2033 418 2099; x_wconf 89' lang='lat' dir='ltr'><strong>ad</strong></span> <span class='ocrx_word' id='word_1_200' title='bbox 440 2031 573 2117; x_wconf 78' lang='lat' dir='ltr'><strong>aliquod</strong></span> <span class='ocrx_word' id='word_1_201' title='bbox 595 2052 709 2118; x_wconf 79' lang='lat' dir='ltr'><strong>genus,</strong></span> <span class='ocrx_word' id='word_1_202' title='bbox 722 2043 755 2097; x_wconf 89' lang='lat' dir='ltr'><strong>et</strong></span> <span class='ocrx_word' id='word_1_203' title='bbox 776 2031 816 2096; x_wconf 89' lang='lat' dir='ltr'><strong>ad</strong></span> <span class='ocrx_word' id='word_1_204' title='bbox 837 2052 888 2107; x_wconf 88' lang='lat' dir='ltr'><strong>ea,</strong></span> <span class='ocrx_word' id='word_1_205' title='bbox 903 2053 987 2117; x_wconf 88' lang='lat' dir='ltr'><strong>quae</strong></span> <span class='ocrx_word' id='word_1_206' title='bbox 1010 2034 1104 2098; x_wconf 91' lang='lat' dir='ltr'><strong>illius</strong></span> <span class='ocrx_word' id='word_1_207' title='bbox 1120 2055 1170 2120; x_wconf 83' lang='lat' dir='ltr'><strong>ge·</strong></span> 
     </span>
     <span class='ocr_line' id='line_1_25' title="bbox 100 2113 1169 2258; baseline -0.002 -79"><span class='ocrx_word' id='word_1_208' title='bbox 100 2116 189 2180; x_wconf 85' lang='lat' dir='ltr'><strong>neris</strong></span> <span class='ocrx_word' id='word_1_209' title='bbox 215 2124 291 2181; x_wconf 90' lang='lat' dir='ltr'><strong>sunt</strong></span> <span class='ocrx_word' id='word_1_210' title='bbox 312 2116 472 2200; x_wconf 87' lang='lat' dir='ltr'><strong>propria,</strong></span> <span class='ocrx_word' id='word_1_211' title='bbox 496 2113 811 2189; x_wconf 60' lang='lat' dir='ltr'><strong>determinatumque</strong></span> <span class='ocrx_word' id='word_1_212' title='bbox 836 2114 973 2258; x_wconf 85' lang='lat' dir='ltr'><strong>proinde</strong></span> <span class='ocrx_word' id='word_1_213' title='bbox 1004 2126 1169 2201; x_wconf 87' lang='lat' dir='ltr'><strong>tamquam</strong></span> 
     </span>
     <span class='ocr_line' id='line_1_26' title="bbox 101 2192 1167 2283; baseline -0.004 -22"><span class='ocrx_word' id='word_1_214' title='bbox 101 2196 276 2274; x_wconf 89' lang='lat' dir='ltr'><strong>inlinitum,</strong></span> <span class='ocrx_word' id='word_1_215' title='bbox 290 2207 321 2262; x_wconf 86' lang='lat' dir='ltr'><strong>et</strong></span> <span class='ocrx_word' id='word_1_216' title='bbox 335 2207 437 2262; x_wconf 89' lang='lat' dir='ltr'><strong>totum</strong></span> <span class='ocrx_word' id='word_1_217' title='bbox 451 2216 513 2259; x_wconf 78' lang='lat' dir='ltr'><strong>erse</strong></span> <span class='ocrx_word' id='word_1_218' title='bbox 525 2198 559 2261; x_wconf 92' lang='lat' dir='ltr'><strong>in</strong></span> <span class='ocrx_word' id='word_1_219' title='bbox 574 2214 608 2259; x_wconf 90' lang='lat' dir='ltr'><strong>se</strong></span> <span class='ocrx_word' id='word_1_220' title='bbox 623 2192 741 2259; x_wconf 85' lang='lat' dir='ltr'><strong>habens</strong></span> <span class='ocrx_word' id='word_1_221' title='bbox 756 2194 892 2281; x_wconf 83' lang='lat' dir='ltr'><strong>inteligi</strong></span> <span class='ocrx_word' id='word_1_222' title='bbox 910 2198 1032 2281; x_wconf 88' lang='lat' dir='ltr'><strong>nequit.</strong></span> <span class='ocrx_word' id='word_1_223' title='bbox 1048 2199 1167 2283; x_wconf 59' lang='lat' dir='ltr'><strong>Ergof.</strong></span> 
     </span>
    </p>

    <p class='ocr_par' dir='ltr' id='par_1_11' title="bbox 139 2274 1166 2365">
     <span class='ocr_line' id='line_1_27' title="bbox 139 2274 1166 2365; baseline -0.002 -20"><span class='ocrx_word' id='word_1_224' title='bbox 139 2278 191 2345; x_wconf 76' lang='lat'><strong>92.</strong></span> <span class='ocrx_word' id='word_1_225' title='bbox 214 2276 376 2362; x_wconf 89' lang='lat' dir='ltr'><strong>Denique,</strong></span> <span class='ocrx_word' id='word_1_226' title='bbox 392 2278 420 2341; x_wconf 90' lang='lat' dir='ltr'><strong>si</strong></span> <span class='ocrx_word' id='word_1_227' title='bbox 442 2276 530 2341; x_wconf 84' lang='lat' dir='ltr'><strong>Deus</strong></span> <span class='ocrx_word' id='word_1_228' title='bbox 553 2278 585 2341; x_wconf 92' lang='lat' dir='ltr'><strong>in</strong></span> <span class='ocrx_word' id='word_1_229' title='bbox 607 2274 720 2361; x_wconf 90' lang='lat' dir='ltr'><strong>aliquo</strong></span> <span class='ocrx_word' id='word_1_230' title='bbox 743 2296 861 2361; x_wconf 78' lang='lat' dir='ltr'><strong>genere</strong></span> <span class='ocrx_word' id='word_1_231' title='bbox 883 2298 952 2341; x_wconf 84' lang='lat' dir='ltr'><strong>esse</strong></span> <span class='ocrx_word' id='word_1_232' title='bbox 974 2290 1166 2365; x_wconf 83' lang='lat' dir='ltr'><strong>poneretur,</strong></span> 
     </span>
    </p>
   </div>
   <div class='ocr_carea' id='block_1_9' title="bbox 101 2528 1230 2598">
    <p class='ocr_par' dir='ltr' id='par_1_12' title="bbox 101 2528 1230 2598">
     <span class='ocr_line' id='line_1_28' title="bbox 101 2528 1230 2598; baseline -0.002 -10"><span class='ocrx_word' id='word_1_233' title='bbox 101 2534 297 2590; x_wconf 70' lang='lat' dir='ltr'><strong>ratiocinatio,</strong></span> <span class='ocrx_word' id='word_1_234' title='bbox 318 2536 447 2597; x_wconf 77' lang='lat' dir='ltr'><strong>quaeest</strong></span> <span class='ocrx_word' id='word_1_235' title='bbox 466 2532 536 2583; x_wconf 90' lang='lat' dir='ltr'><strong>inter</strong></span> <span class='ocrx_word' id='word_1_236' title='bbox 556 2529 646 2582; x_wconf 81' lang='lat' dir='ltr'><strong>{lirina</strong></span> <span class='ocrx_word' id='word_1_237' title='bbox 666 2528 819 2590; x_wconf 75' lang='lat' dir='ltr'><strong>Attrtnuu,</strong></span> <span class='ocrx_word' id='word_1_238' title='bbox 839 2546 891 2581; x_wconf 90' lang='lat' dir='ltr'><strong>nou</strong></span> <span class='ocrx_word' id='word_1_239' title='bbox 911 2534 947 2583; x_wconf 86' lang='lat' dir='ltr'><strong>ita</strong></span> <span class='ocrx_word' id='word_1_240' title='bbox 968 2534 1169 2598; x_wconf 78' lang='lat' dir='ltr'><strong>intelligendam</strong></span> <span class='ocrx_word' id='word_1_241' title='bbox 1229 2530 1230 2539; x_wconf 73' lang='grc'>’</span> 
     </span>
    </p>
   </div>
   <div class='ocr_carea' id='block_1_10' title="bbox 101 2604 1171 3030">
    <p class='ocr_par' dir='ltr' id='par_1_13' title="bbox 101 2604 1171 2745">
     <span class='ocr_line' id='line_1_29' title="bbox 101 2604 1171 2669; baseline 0 -10"><span class='ocrx_word' id='word_1_242' title='bbox 101 2622 171 2668; x_wconf 66' lang='lat' dir='ltr'><strong>erae,</strong></span> <span class='ocrx_word' id='word_1_243' title='bbox 192 2613 223 2657; x_wconf 92' lang='lat' dir='ltr'><strong>ut</strong></span> <span class='ocrx_word' id='word_1_244' title='bbox 241 2619 323 2656; x_wconf 81' lang='lat' dir='ltr'><strong>unuin</strong></span> <span class='ocrx_word' id='word_1_245' title='bbox 343 2607 416 2656; x_wconf 85' lang='lat' dir='ltr'><strong>alind</strong></span> <span class='ocrx_word' id='word_1_246' title='bbox 435 2606 570 2663; x_wconf 81' lang='lat' dir='ltr'><strong>excludat,</strong></span> <span class='ocrx_word' id='word_1_247' title='bbox 591 2604 635 2654; x_wconf 76' lang='lat' dir='ltr'><strong>sed</strong></span> <span class='ocrx_word' id='word_1_248' title='bbox 655 2606 691 2654; x_wconf 82' lang='lat' dir='ltr'><strong>ita</strong></span> <span class='ocrx_word' id='word_1_249' title='bbox 711 2610 741 2653; x_wconf 86' lang='lat' dir='ltr'><strong>ut</strong></span> <span class='ocrx_word' id='word_1_250' title='bbox 761 2618 843 2654; x_wconf 89' lang='lat' dir='ltr'><strong>unum</strong></span> <span class='ocrx_word' id='word_1_251' title='bbox 863 2604 935 2655; x_wconf 84' lang='lat' dir='ltr'><strong>aliud</strong></span> <span class='ocrx_word' id='word_1_252' title='bbox 955 2607 1079 2669; x_wconf 77' lang='lat' dir='ltr'><strong>implicite</strong></span> <span class='ocrx_word' id='word_1_253' title='bbox 1098 2622 1171 2659; x_wconf 86' lang='lat' dir='ltr'><strong>com·</strong></span> 
     </span>
     <span class='ocr_line' id='line_1_30' title="bbox 103 2672 999 2745; baseline -0.006 -13"><span class='ocrx_word' id='word_1_254' title='bbox 103 2682 246 2745; x_wconf 76' lang='lat' dir='ltr'><strong>plectatur.</strong></span> <span class='ocrx_word' id='word_1_255' title='bbox 268 2672 304 2729; x_wconf 81' lang='lat' dir='ltr'><strong>Cl</strong></span> <span class='ocrx_word' id='word_1_256' title='bbox 319 2674 413 2735; x_wconf 85' lang='lat' dir='ltr'><strong>Gonet,</strong></span> <span class='ocrx_word' id='word_1_257' title='bbox 435 2679 484 2741; x_wconf 77' lang='lat' dir='ltr'><strong>op.</strong></span> <span class='ocrx_word' id='word_1_258' title='bbox 505 2682 560 2735; x_wconf 73' lang='lat' dir='ltr'><strong>cin,</strong></span> <span class='ocrx_word' id='word_1_259' title='bbox 581 2680 661 2726; x_wconf 77' lang='lat' dir='ltr'><strong>tract.</strong></span> <span class='ocrx_word' id='word_1_260' title='bbox 682 2674 703 2736; x_wconf 93' lang='lat' dir='ltr'><strong>l,</strong></span> <span class='ocrx_word' id='word_1_261' title='bbox 725 2690 750 2726; x_wconf 90' lang='lat' dir='ltr'><strong>o.</strong></span> <span class='ocrx_word' id='word_1_262' title='bbox 771 2678 799 2737; x_wconf 77' lang='lat' dir='ltr'><strong>i,</strong></span> <span class='ocrx_word' id='word_1_263' title='bbox 821 2682 836 2737; x_wconf 87' lang='lat' dir='ltr'>s</span> <span class='ocrx_word' id='word_1_264' title='bbox 859 2678 883 2734; x_wconf 91' lang='lat' dir='ltr'><strong>i,</strong></span> <span class='ocrx_word' id='word_1_265' title='bbox 903 2691 931 2740; x_wconf 89' lang='lat' dir='ltr'><strong>p.</strong></span> <span class='ocrx_word' id='word_1_266' title='bbox 952 2676 999 2727; x_wconf 75' lang='lat'><strong>62.</strong></span> 
     </span>
    </p>

    <p class='ocr_par' dir='ltr' id='par_1_14' title="bbox 141 2748 629 2809">
     <span class='ocr_line' id='line_1_31' title="bbox 141 2748 629 2809; baseline -0.006 -8"><span class='ocrx_word' id='word_1_267' title='bbox 141 2753 149 2788; x_wconf 82' lang='lat'><strong>¹</strong></span> <span class='ocrx_word' id='word_1_268' title='bbox 172 2754 211 2801; x_wconf 85' lang='lat' dir='ltr'><strong>De</strong></span> <span class='ocrx_word' id='word_1_269' title='bbox 229 2752 315 2809; x_wconf 72' lang='lat' dir='ltr'><strong>liin„</strong></span> <span class='ocrx_word' id='word_1_270' title='bbox 336 2750 382 2800; x_wconf 87' lang='lat' dir='ltr'><strong>lib.</strong></span> <span class='ocrx_word' id='word_1_271' title='bbox 404 2748 436 2807; x_wconf 93' lang='lat' dir='ltr'><strong>V,</strong></span> <span class='ocrx_word' id='word_1_272' title='bbox 456 2762 483 2798; x_wconf 84' lang='lat' dir='ltr'><strong>e.</strong></span> <span class='ocrx_word' id='word_1_273' title='bbox 504 2750 531 2807; x_wconf 76' lang='grc' dir='ltr'><strong>ὅ,</strong></span> <span class='ocrx_word' id='word_1_274' title='bbox 552 2763 579 2798; x_wconf 90' lang='lat' dir='ltr'><strong>o.</strong></span> <span class='ocrx_word' id='word_1_275' title='bbox 601 2749 629 2798; x_wconf 85' lang='lat' dir='ltr'><strong>ii.</strong></span> 
     </span>
    </p>

    <p class='ocr_par' dir='ltr' id='par_1_15' title="bbox 140 2817 750 2887">
     <span class='ocr_line' id='line_1_32' title="bbox 140 2817 750 2887; baseline -0.005 -16"><span class='ocrx_word' id='word_1_276' title='bbox 140 2822 152 2859; x_wconf 83' lang='lat'>²</span> <span class='ocrx_word' id='word_1_277' title='bbox 172 2824 221 2887; x_wconf 83' lang='lat' dir='ltr'><strong>(lq.</strong></span> <span class='ocrx_word' id='word_1_278' title='bbox 241 2823 339 2885; x_wconf 57' lang='lat' dir='ltr'><strong>diiii„</strong></span> <span class='ocrx_word' id='word_1_279' title='bbox 362 2826 400 2873; x_wconf 83' lang='lat' dir='ltr'><strong>De</strong></span> <span class='ocrx_word' id='word_1_280' title='bbox 418 2824 490 2881; x_wconf 77' lang='lat' dir='ltr'><strong>Pet,</strong></span> <span class='ocrx_word' id='word_1_281' title='bbox 511 2837 539 2884; x_wconf 89' lang='lat' dir='ltr'><strong>q.</strong></span> <span class='ocrx_word' id='word_1_282' title='bbox 564 2817 620 2878; x_wconf 84' lang='lat' dir='ltr'><strong>llll,</strong></span> <span class='ocrx_word' id='word_1_283' title='bbox 641 2832 667 2869; x_wconf 83' lang='lat' dir='ltr'><strong>a.</strong></span> <span class='ocrx_word' id='word_1_284' title='bbox 688 2819 705 2869; x_wconf 75' lang='lat'>4</span> <span class='ocrx_word' id='word_1_285' title='bbox 725 2833 750 2870; x_wconf 83' lang='lat' dir='ltr'><strong>o.</strong></span> 
     </span>
    </p>

    <p class='ocr_par' dir='ltr' id='par_1_16' title="bbox 103 2891 1170 3030">
     <span class='ocr_line' id='line_1_33' title="bbox 141 2891 1170 2959; baseline 0.007 -20"><span class='ocrx_word' id='word_1_286' title='bbox 141 2891 151 2928; x_wconf 77' lang='lat'>⁸</span> <span class='ocrx_word' id='word_1_287' title='bbox 173 2914 184 2939; x_wconf 68' lang='lat' dir='ltr'><strong>a</strong></span> <span class='ocrx_word' id='word_1_288' title='bbox 207 2892 237 2945; x_wconf 91' lang='lat' dir='ltr'><strong>lu</strong></span> <span class='ocrx_word' id='word_1_289' title='bbox 257 2891 310 2943; x_wconf 88' lang='lat' dir='ltr'><strong>Deo</strong></span> <span class='ocrx_word' id='word_1_290' title='bbox 330 2897 404 2946; x_wconf 83' lang='lat' dir='ltr'><strong>nulla</strong></span> <span class='ocrx_word' id='word_1_291' title='bbox 423 2900 464 2943; x_wconf 80' lang='lat' dir='ltr'><strong>ert</strong></span> <span class='ocrx_word' id='word_1_292' title='bbox 482 2892 630 2943; x_wconf 70' lang='lat' dir='ltr'><strong>differentia</strong></span> <span class='ocrx_word' id='word_1_293' title='bbox 651 2892 781 2950; x_wconf 82' lang='lat' dir='ltr'><strong>habentis,</strong></span> <span class='ocrx_word' id='word_1_294' title='bbox 796 2898 823 2941; x_wconf 90' lang='lat' dir='ltr'><strong>et</strong></span> <span class='ocrx_word' id='word_1_295' title='bbox 836 2891 930 2947; x_wconf 85' lang='lat' dir='ltr'><strong>habiti,</strong></span> <span class='ocrx_word' id='word_1_296' title='bbox 951 2893 993 2943; x_wconf 82' lang='lat' dir='ltr'><strong>vel</strong></span> <span class='ocrx_word' id='word_1_297' title='bbox 1008 2895 1170 2959; x_wconf 76' lang='lat' dir='ltr'><strong>participan-</strong></span> 
     </span>
     <span class='ocr_line' id='line_1_34' title="bbox 103 2962 1169 3030; baseline -0.001 -13"><span class='ocrx_word' id='word_1_298' title='bbox 103 2969 148 3027; x_wconf 81' lang='lat' dir='ltr'><strong>iis,</strong></span> <span class='ocrx_word' id='word_1_299' title='bbox 170 2972 197 3017; x_wconf 88' lang='lat' dir='ltr'><strong>et</strong></span> <span class='ocrx_word' id='word_1_300' title='bbox 217 2968 389 3030; x_wconf 56' lang='lat' dir='ltr'><strong>participatu</strong></span> <span class='ocrx_word' id='word_1_301' title='bbox 410 2966 493 3015; x_wconf 88' lang='lat' dir='ltr'><strong>immo</strong></span> <span class='ocrx_word' id='word_1_302' title='bbox 513 2962 572 3027; x_wconf 79' lang='lat' dir='ltr'><strong>lpse</strong></span> <span class='ocrx_word' id='word_1_303' title='bbox 591 2970 631 3014; x_wconf 81' lang='lat' dir='ltr'><strong>ert</strong></span> <span class='ocrx_word' id='word_1_304' title='bbox 650 2970 680 3012; x_wconf 85' lang='lat' dir='ltr'><strong>ei</strong></span> <span class='ocrx_word' id='word_1_305' title='bbox 697 2977 745 3013; x_wconf 82' lang='lat' dir='ltr'><strong>sna</strong></span> <span class='ocrx_word' id='word_1_306' title='bbox 764 2970 879 3022; x_wconf 87' lang='lat' dir='ltr'><strong>natura,</strong></span> <span class='ocrx_word' id='word_1_307' title='bbox 900 2970 927 3014; x_wconf 88' lang='lat' dir='ltr'><strong>et</strong></span> <span class='ocrx_word' id='word_1_308' title='bbox 946 2978 1025 3015; x_wconf 80' lang='lat' dir='ltr'><strong>suum</strong></span> <span class='ocrx_word' id='word_1_309' title='bbox 1045 2979 1106 3017; x_wconf 76' lang='lat' dir='ltr'><strong>esse</strong></span> <span class='ocrx_word' id='word_1_310' title='bbox 1121 2988 1128 3028; x_wconf 84' lang='lat'><strong>;</strong></span> <span class='ocrx_word' id='word_1_311' title='bbox 1146 2976 1169 3017; x_wconf 86' lang='lat' dir='ltr'><strong>et</strong></span> 
     </span>
    </p>
   </div>
   <div class='ocr_carea' id='block_1_11' title="bbox 9 3031 1039 3099">
    <p class='ocr_par' dir='ltr' id='par_1_17' title="bbox 9 3031 1039 3099">
     <span class='ocr_line' id='line_1_35' title="bbox 9 3031 1039 3099; baseline -0.003 -10"><span class='ocrx_word' id='word_1_312' title='bbox 9 3031 10 3050; x_wconf 70' lang='lat'><em>³</em></span> <span class='ocrx_word' id='word_1_313' title='bbox 105 3040 165 3091; x_wconf 88' lang='lat' dir='ltr'><strong>ideo</strong></span> <span class='ocrx_word' id='word_1_314' title='bbox 184 3039 250 3088; x_wconf 87' lang='lat' dir='ltr'><strong>nihii</strong></span> <span class='ocrx_word' id='word_1_315' title='bbox 271 3038 400 3098; x_wconf 81' lang='lat' dir='ltr'><strong>alienum,</strong></span> <span class='ocrx_word' id='word_1_316' title='bbox 420 3039 463 3088; x_wconf 81' lang='lat' dir='ltr'><strong>vel</strong></span> <span class='ocrx_word' id='word_1_317' title='bbox 482 3038 648 3088; x_wconf 79' lang='lat' dir='ltr'><strong>accidentale</strong></span> <span class='ocrx_word' id='word_1_318' title='bbox 668 3040 754 3099; x_wconf 85' lang='lat' dir='ltr'><strong>potest</strong></span> <span class='ocrx_word' id='word_1_319' title='bbox 773 3033 803 3086; x_wconf 86' lang='lat' dir='ltr'><strong>El</strong></span> <span class='ocrx_word' id='word_1_320' title='bbox 825 3038 908 3086; x_wconf 74' lang='lat' dir='ltr'><strong>inesse</strong></span> <span class='ocrx_word' id='word_1_321' title='bbox 931 3056 955 3095; x_wconf 66' lang='grc' dir='ltr'><strong>ις</strong></span> <span class='ocrx_word' id='word_1_322' title='bbox 975 3038 1039 3087; x_wconf 83' lang='lat' dir='ltr'><strong>idid.</strong></span> 
     </span>
    </p>
   </div>
   <div class='ocr_carea' id='block_1_12' title="bbox 141 3105 823 3175">
    <p class='ocr_par' dir='ltr' id='par_1_18' title="bbox 141 3105 823 3175">
     <span class='ocr_line' id='line_1_36' title="bbox 141 3105 823 3175; baseline -0.012 -12"><span class='ocrx_word' id='word_1_323' title='bbox 141 3106 209 3163; x_wconf 77' lang='lat' dir='ltr'><strong>⁴Ci</strong></span> <span class='ocrx_word' id='word_1_324' title='bbox 225 3113 327 3175; x_wconf 78' lang='lat' dir='ltr'><strong>loqioo,</strong></span> <span class='ocrx_word' id='word_1_325' title='bbox 348 3123 376 3174; x_wconf 87' lang='lat' dir='ltr'><strong>p.</strong></span> <span class='ocrx_word' id='word_1_326' title='bbox 396 3111 416 3167; x_wconf 92' lang='lat' dir='ltr'><strong>l,</strong></span> <span class='ocrx_word' id='word_1_327' title='bbox 436 3124 463 3160; x_wconf 85' lang='lat' dir='ltr'><strong>e.</strong></span> <span class='ocrx_word' id='word_1_328' title='bbox 483 3106 505 3168; x_wconf 91' lang='lat' dir='ltr'><strong>l,</strong></span> <span class='ocrx_word' id='word_1_329' title='bbox 526 3123 552 3159; x_wconf 84' lang='lat' dir='ltr'><strong>a.</strong></span> <span class='ocrx_word' id='word_1_330' title='bbox 573 3106 601 3165; x_wconf 80' lang='lat'><strong>2,</strong></span> <span class='ocrx_word' id='word_1_331' title='bbox 622 3121 650 3172; x_wconf 89' lang='lat' dir='ltr'><strong>p.</strong></span> <span class='ocrx_word' id='word_1_332' title='bbox 675 3107 703 3156; x_wconf 90' lang='lat' dir='ltr'><strong>il</strong></span> <span class='ocrx_word' id='word_1_333' title='bbox 727 3109 781 3157; x_wconf 78' lang='lat' dir='ltr'><strong>rol.</strong></span> <span class='ocrx_word' id='word_1_334' title='bbox 803 3105 823 3156; x_wconf 96' lang='lat' dir='ltr'><strong>l.</strong></span> 
     </span>
    </p>
   </div>
   <div class='ocr_carea' id='block_1_13' title="bbox 108 3176 1167 3317">
    <p class='ocr_par' dir='ltr' id='par_1_19' title="bbox 108 3176 1230 3327">
     <span class='ocr_line' id='line_1_37' title="bbox 141 3176 1167 3245; baseline -0.004 -11"><span class='ocrx_word' id='word_1_335' title='bbox 141 3185 154 3221; x_wconf 77' lang='lat'>³</span> <span class='ocrx_word' id='word_1_336' title='bbox 173 3178 209 3234; x_wconf 84' lang='lat' dir='ltr'><strong>Gi</strong></span> <span class='ocrx_word' id='word_1_337' title='bbox 223 3198 246 3233; x_wconf 80' lang='lat' dir='ltr'><strong>r.</strong></span> <span class='ocrx_word' id='word_1_338' title='bbox 268 3178 375 3242; x_wconf 65' lang='lat' dir='ltr'><strong>Tuom„</strong></span> <span class='ocrx_word' id='word_1_339' title='bbox 397 3183 445 3245; x_wconf 85' lang='lat' dir='ltr'><strong>Qq.</strong></span> <span class='ocrx_word' id='word_1_340' title='bbox 465 3183 564 3243; x_wconf 68' lang='lat' dir='ltr'><strong>dirpp„</strong></span> <span class='ocrx_word' id='word_1_341' title='bbox 587 3182 626 3230; x_wconf 77' lang='lat' dir='ltr'><strong>Da</strong></span> <span class='ocrx_word' id='word_1_342' title='bbox 644 3180 715 3233; x_wconf 87' lang='lat' dir='ltr'><strong>Pot..</strong></span> <span class='ocrx_word' id='word_1_343' title='bbox 735 3193 762 3243; x_wconf 92' lang='lat' dir='ltr'><strong>q.</strong></span> <span class='ocrx_word' id='word_1_344' title='bbox 785 3176 843 3236; x_wconf 88' lang='lat' dir='ltr'><strong>Vll,</strong></span> <span class='ocrx_word' id='word_1_345' title='bbox 858 3193 883 3230; x_wconf 84' lang='lat' dir='ltr'><strong>a.</strong></span> <span class='ocrx_word' id='word_1_346' title='bbox 898 3179 925 3229; x_wconf 83' lang='lat'><strong>3.</strong></span> <span class='ocrx_word' id='word_1_347' title='bbox 941 3176 996 3242; x_wconf 79' lang='lat' dir='ltr'><strong>Qun</strong></span> <span class='ocrx_word' id='word_1_348' title='bbox 1012 3182 1038 3229; x_wconf 91' lang='lat' dir='ltr'><strong>io</strong></span> <span class='ocrx_word' id='word_1_349' title='bbox 1055 3196 1085 3232; x_wconf 87' lang='lat' dir='ltr'><strong>re</strong></span> <span class='ocrx_word' id='word_1_350' title='bbox 1104 3185 1167 3233; x_wconf 82' lang='lat' dir='ltr'><strong>idem</strong></span> 
     </span>
     <span class='ocr_line' id='line_1_38' title="bbox 108 3249 1167 3317; baseline -0.002 -13"><span class='ocrx_word' id='word_1_351' title='bbox 108 3252 226 3317; x_wconf 74' lang='lat' dir='ltr'><strong>Aquinas</strong></span> <span class='ocrx_word' id='word_1_352' title='bbox 244 3262 336 3305; x_wconf 85' lang='lat' dir='ltr'><strong>monet</strong></span> <span class='ocrx_word' id='word_1_353' title='bbox 354 3267 386 3303; x_wconf 84' lang='lat' dir='ltr'><strong>ox</strong></span> <span class='ocrx_word' id='word_1_354' title='bbox 405 3267 456 3311; x_wconf 87' lang='lat' dir='ltr'><strong>eo,</strong></span> <span class='ocrx_word' id='word_1_355' title='bbox 477 3253 548 3315; x_wconf 90' lang='lat' dir='ltr'><strong>qnod</strong></span> <span class='ocrx_word' id='word_1_356' title='bbox 567 3249 637 3302; x_wconf 81' lang='lat' dir='ltr'><strong>lleur</strong></span> <span class='ocrx_word' id='word_1_357' title='bbox 659 3252 692 3300; x_wconf 84' lang='lat' dir='ltr'><strong>ab</strong></span> <span class='ocrx_word' id='word_1_358' title='bbox 711 3252 770 3301; x_wconf 74' lang='lat' dir='ltr'><strong>aliis</strong></span> <span class='ocrx_word' id='word_1_359' title='bbox 789 3250 867 3300; x_wconf 84' lang='lat' dir='ltr'><strong>rebus</strong></span> <span class='ocrx_word' id='word_1_360' title='bbox 887 3251 1000 3309; x_wconf 80' lang='lat' dir='ltr'><strong>diflerat,</strong></span> <span class='ocrx_word' id='word_1_361' title='bbox 1024 3272 1033 3297; x_wconf 78' lang='grc' dir='ltr'>ι</span> <span class='ocrx_word' id='word_1_362' title='bbox 1059 3266 1112 3303; x_wconf 87' lang='lat' dir='ltr'><strong>nou</strong></span> <span class='ocrx_word' id='word_1_363' title='bbox 1131 3268 1167 3305; x_wconf 76' lang='lat' dir='ltr'><strong>oe·</strong></span> 
     </span>
    </p>
   </div>
   <div class='ocr_carea' id='block_1_14' title="bbox 106 3322 1167 3671">
    <p class='ocr_par' dir='ltr' id='par_1_20' title="bbox 106 3322 1167 3671">
     <span class='ocr_line' id='line_1_39' title="bbox 106 3322 1167 3389; baseline 0.004 -17"><span class='ocrx_word' id='word_1_364' title='bbox 106 3327 152 3386; x_wconf 91' lang='lat' dir='ltr'><strong>qui</strong></span> <span class='ocrx_word' id='word_1_365' title='bbox 171 3325 241 3387; x_wconf 91' lang='lat' dir='ltr'><strong>qnod</strong></span> <span class='ocrx_word' id='word_1_366' title='bbox 261 3326 350 3389; x_wconf 83' lang='lat' dir='ltr'><strong>aliqua</strong></span> <span class='ocrx_word' id='word_1_367' title='bbox 369 3323 517 3374; x_wconf 75' lang='lat' dir='ltr'><strong>differentia</strong></span> <span class='ocrx_word' id='word_1_368' title='bbox 546 3322 668 3379; x_wconf 76' lang='lat' dir='ltr'><strong>uiderat,</strong></span> <span class='ocrx_word' id='word_1_369' title='bbox 698 3323 744 3373; x_wconf 77' lang='lat' dir='ltr'><strong>aed</strong></span> <span class='ocrx_word' id='word_1_370' title='bbox 772 3322 842 3385; x_wconf 89' lang='lat' dir='ltr'><strong>quod</strong></span> <span class='ocrx_word' id='word_1_371' title='bbox 864 3322 967 3375; x_wconf 86' lang='lat' dir='ltr'><strong>dillerat</strong></span> <span class='ocrx_word' id='word_1_372' title='bbox 993 3324 1027 3373; x_wconf 87' lang='lat' dir='ltr'><strong>ab</strong></span> <span class='ocrx_word' id='word_1_373' title='bbox 1046 3328 1108 3375; x_wconf 86' lang='lat' dir='ltr'><strong>aliis</strong></span> <span class='ocrx_word' id='word_1_374' title='bbox 1126 3338 1167 3388; x_wconf 82' lang='lat' dir='ltr'><strong>per</strong></span> 
     </span>
     <span class='ocr_line' id='line_1_40' title="bbox 108 3392 1166 3459; baseline 0.004 -18"><span class='ocrx_word' id='word_1_375' title='bbox 108 3407 184 3442; x_wconf 77' lang='lat' dir='ltr'><strong>enam</strong></span> <span class='ocrx_word' id='word_1_376' title='bbox 213 3395 406 3453; x_wconf 68' lang='lat' dir='ltr'><strong>substanttam</strong></span> <span class='ocrx_word' id='word_1_377' title='bbox 428 3395 478 3445; x_wconf 86' lang='lat' dir='ltr'><strong>hoo</strong></span> <span class='ocrx_word' id='word_1_378' title='bbox 497 3396 568 3445; x_wconf 88' lang='lat' dir='ltr'><strong>enim</strong></span> <span class='ocrx_word' id='word_1_379' title='bbox 588 3407 697 3445; x_wconf 76' lang='lat' dir='ltr'><strong>necesse</strong></span> <span class='ocrx_word' id='word_1_380' title='bbox 723 3399 764 3444; x_wconf 85' lang='lat' dir='ltr'><strong>est</strong></span> <span class='ocrx_word' id='word_1_381' title='bbox 782 3396 809 3443; x_wconf 88' lang='lat' dir='ltr'><strong>in</strong></span> <span class='ocrx_word' id='word_1_382' title='bbox 829 3392 939 3455; x_wconf 78' lang='lat' dir='ltr'><strong>primis,</strong></span> <span class='ocrx_word' id='word_1_383' title='bbox 960 3401 987 3444; x_wconf 88' lang='lat' dir='ltr'><strong>et</strong></span> <span class='ocrx_word' id='word_1_384' title='bbox 1005 3398 1166 3459; x_wconf 74' lang='lat' dir='ltr'><strong>simplicibus</strong></span> 
     </span>
     <span class='ocr_line' id='line_1_41' title="bbox 108 3463 1167 3524; baseline 0.008 -15"><span class='ocrx_word' id='word_1_385' title='bbox 108 3464 173 3520; x_wconf 86' lang='lat' dir='ltr'><strong>dioi;</strong></span> <span class='ocrx_word' id='word_1_386' title='bbox 193 3463 273 3514; x_wconf 88' lang='lat' dir='ltr'><strong>homo</strong></span> <span class='ocrx_word' id='word_1_387' title='bbox 292 3467 362 3516; x_wconf 86' lang='lat' dir='ltr'><strong>euim</strong></span> <span class='ocrx_word' id='word_1_388' title='bbox 381 3465 469 3517; x_wconf 77' lang='lat' dir='ltr'><strong>differt</strong></span> <span class='ocrx_word' id='word_1_389' title='bbox 487 3467 520 3515; x_wconf 87' lang='lat' dir='ltr'><strong>ab</strong></span> <span class='ocrx_word' id='word_1_390' title='bbox 539 3467 625 3524; x_wconf 80' lang='lat' dir='ltr'><strong>asino,</strong></span> <span class='ocrx_word' id='word_1_391' title='bbox 647 3466 770 3517; x_wconf 79' lang='lat' dir='ltr'><strong>rationaii</strong></span> <span class='ocrx_word' id='word_1_392' title='bbox 795 3465 952 3517; x_wconf 76' lang='lat' dir='ltr'><strong>differentia:</strong></span> <span class='ocrx_word' id='word_1_393' title='bbox 976 3469 1106 3520; x_wconf 82' lang='lat' dir='ltr'><strong>rationale</strong></span> <span class='ocrx_word' id='word_1_394' title='bbox 1125 3482 1167 3518; x_wconf 85' lang='lat' dir='ltr'><strong>au-</strong></span> 
     </span>
     <span class='ocr_line' id='line_1_42' title="bbox 109 3532 1166 3603; baseline 0.009 -25"><span class='ocrx_word' id='word_1_395' title='bbox 109 3537 164 3579; x_wconf 87' lang='lat' dir='ltr'><strong>tem</strong></span> <span class='ocrx_word' id='word_1_396' title='bbox 183 3532 296 3583; x_wconf 81' lang='lat' dir='ltr'><strong>ulterior</strong></span> <span class='ocrx_word' id='word_1_397' title='bbox 326 3550 377 3585; x_wconf 90' lang='lat' dir='ltr'><strong>non</strong></span> <span class='ocrx_word' id='word_1_398' title='bbox 406 3536 493 3586; x_wconf 76' lang='lat' dir='ltr'><strong>diflert</strong></span> <span class='ocrx_word' id='word_1_399' title='bbox 511 3537 544 3586; x_wconf 79' lang='lat' dir='ltr'><strong>ab</strong></span> <span class='ocrx_word' id='word_1_400' title='bbox 564 3539 640 3587; x_wconf 78' lang='lat' dir='ltr'><strong>asino</strong></span> <span class='ocrx_word' id='word_1_401' title='bbox 668 3538 756 3601; x_wconf 78' lang='lat' dir='ltr'><strong>aliqua</strong></span> <span class='ocrx_word' id='word_1_402' title='bbox 777 3536 943 3599; x_wconf 76' lang='lat' dir='ltr'><strong>differentia,</strong></span> <span class='ocrx_word' id='word_1_403' title='bbox 964 3540 1025 3603; x_wconf 86' lang='lat' dir='ltr'><strong>qnia</strong></span> <span class='ocrx_word' id='word_1_404' title='bbox 1046 3542 1085 3591; x_wconf 87' lang='lat' dir='ltr'><strong>sic</strong></span> <span class='ocrx_word' id='word_1_405' title='bbox 1105 3544 1166 3593; x_wconf 76' lang='lat' dir='ltr'><strong>esset</strong></span> 
     </span>
     <span class='ocr_line' id='line_1_43' title="bbox 108 3600 819 3671; baseline 0.017 -25"><span class='ocrx_word' id='word_1_406' title='bbox 108 3600 181 3649; x_wconf 82' lang='lat' dir='ltr'><strong>abire</strong></span> <span class='ocrx_word' id='word_1_407' title='bbox 200 3604 227 3652; x_wconf 87' lang='lat' dir='ltr'><strong>in</strong></span> <span class='ocrx_word' id='word_1_408' title='bbox 246 3604 397 3665; x_wconf 79' lang='lat' dir='ltr'><strong>infinitum,</strong></span> <span class='ocrx_word' id='word_1_409' title='bbox 418 3609 463 3658; x_wconf 76' lang='lat' dir='ltr'><strong>red</strong></span> <span class='ocrx_word' id='word_1_410' title='bbox 482 3610 569 3671; x_wconf 75' lang='lat' dir='ltr'><strong>roipio</strong></span> <span class='ocrx_word' id='word_1_411' title='bbox 589 3627 616 3669; x_wconf 69' lang='lat' dir='ltr'><strong>r,</strong></span> <span class='ocrx_word' id='word_1_412' title='bbox 639 3610 718 3669; x_wconf 73' lang='lat' dir='ltr'><strong>idid,</strong></span> <span class='ocrx_word' id='word_1_413' title='bbox 739 3608 771 3660; x_wconf 87' lang='lat' dir='ltr'><strong>ad</strong></span> <span class='ocrx_word' id='word_1_414' title='bbox 791 3608 819 3658; x_wconf 75' lang='grc' dir='ltr'><strong>Ξ.</strong></span> 
     </span>
    </p>
   </div>
   <div class='ocr_carea' id='block_1_15' title="bbox 0 0 1255 3909">
    <p class='ocr_par' dir='ltr' id='par_1_21' title="bbox 0 0 1255 3909">
     <span class='ocr_line' id='line_1_44' title="bbox 0 0 1255 3909; baseline 0 0"><span class='ocrx_word' id='word_1_415' title='bbox 0 0 1255 3909; x_wconf 95' lang='lat' dir='ltr'><strong> </strong></span> 
     </span>
    </p>
   </div>
  </div>
 </body>
</html>
