2475 3909
370 211 558 258 annosonrs
580 207 769 256 nsrvnanrs
1012 187 1072 256 353

82 287 119 356 4⁰
133 287 215 356 Cum
230 290 372 356 Scientia
387 292 448 356 Dei
471 292 512 357 sit
527 293 609 357 Eius
631 287 818 366 substantia,¹
834 300 866 354 et
886 289 965 353 haec
983 291 1025 355 sit
1039 295 1112 357 uni-

40 393 94 448 ca,
116 381 149 436 et
169 371 422 456 simplicissima,
439 394 477 437 ac
499 375 532 438 in
554 394 587 438 se
609 373 743 437 omnino
764 369 987 447 immutabilis,
1003 375 1112 458 sequi·

40 467 97 518 tur
110 464 147 517 ut
167 464 201 517 et
214 453 254 516 de
269 454 408 520 Scientia
422 456 503 520 Eius
516 454 602 519 idem
617 453 751 519 omnino
767 452 938 518 dicendum
953 453 1007 518 sit.
1023 453 1112 532 Qua-

42 546 177 620 propter
191 534 278 598 Deus
300 536 408 613 unico,
421 547 455 601 et
475 536 718 622 simplicissimo
734 535 856 601 intuitu
876 535 984 600 omnia
1005 533 1046 600 ab
1062 557 1113 603 ac-

42 629 147 692 terno,
170 616 203 680 e't
224 615 338 681 codem
360 639 500 703 semper,
523 639 560 682 ac
581 615 772 682 invariabili
794 616 889 682 modo
911 618 1109 702 cognoscit'.

87 699 155 762 127.
183 699 256 773 Qua
278 700 312 761 in
334 718 369 763 re
392 711 503 767 notatu
527 699 663 784 dignum
681 710 730 765 est
752 700 832 763 hanc
854 700 1110 784 simplicitatem,
1202 723 1204 728 ¹

40 791 75 844 et
92 778 392 847 immutabilitatem
406 783 566 850 Scientiae
581 780 720 845 Divinae
743 779 827 844 haud
844 780 1015 864 impedire,
1032 801 1113 865 quo-

43 861 269 944 minusplnrea
291 863 374 926 ideas
399 863 431 926 in
447 865 557 929 llleute
573 862 694 926 Divina
715 881 783 927 esse
806 861 944 927 dicatur.
961 864 1055 939 Sane,
1071 885 1113 930 ex

40 963 84 1006 eo
104 943 189 1027 quod
213 941 313 1018 Deus,
330 955 366 1010 ut
386 946 485 1027 paulo
506 955 581 1010 ante
602 942 842 1020 adnotavimus,
859 964 911 1008 res
932 943 1112 1012 secundum

44 1026 194 1109 proprias
216 1026 360 1091 rationes
381 1046 493 1091 earum
521 1025 724 1110 cognoscit¹,
748 1047 765 1086 n
783 1026 943 1110 sequitur,
965 1025 1053 1111 quod
1077 1030 1112 1091 in

41 1107 152 1171 Mente
173 1105 294 1172 Divina
316 1107 380 1171 siut
400 1108 508 1190 plures
529 1108 683 1183 ideae⁸n3
700 1105 731 1172 id
756 1118 864 1173 autern
880 1107 1015 1172 Divinos
1037 1110 1113 1174 aim-

36 1187 181 1272 plicc'toti
202 1208 264 1250 non
285 1201 446 1272 repopoat,
470 1211 544 1254 nam
566 1210 630 1253 non
659 1199 708 1253 cst
734 1200 846 1254 contra
869 1190 1112 1272 simplicitatem

39 1270 156 1334 Dirini
179 1268 376 1347 Intellectus,
397 1271 484 1354 qnod
507 1270 606 1335 multa
629 1270 806 1355 intelligam
823 1269 875 1334 sed
899 1283 1010 1337 contra
1034 1273 1110 1336 sim·

40 1352 223 1497 plicitatem
246 1353 327 1416 Eius
349 1365 453 1431 esset,
475 1354 501 1418 si
523 1376 541 1415 n
557 1374 614 1438 per
636 1351 745 1437 plures
766 1353 892 1437 species
914 1353 994 1418 Eius
1018 1353 1110 1419 intel-

54 1445 145 1498 ectus
165 1432 389 1499 formaretur‘
404 1458 432 1498 n.

40 1665 113 1720 Cum
133 1668 198 1715 haec
218 1668 314 1714 cuncta
335 1663 493 1722 detraxero,
513 1667 539 1710 et
559 1663 692 1726 reliquero
714 1667 797 1714 solam
821 1667 991 1716 vivacitatem
1011 1670 1111 1726 certae,

40 1748 126 1803 atquc
145 1741 318 1787 inconcussae
338 1737 468 1794 veritatis,
489 1749 554 1793 una,
573 1740 655 1798 atque
675 1743 782 1787 actcrna
805 1739 1029 1801 contemplatione
1049 1751 1115 1788 cun-

39 1818 86 1863 cta
107 1812 253 1865 lustrantis;
274 1810 394 1857 imonon
408 1807 552 1871 reliquero,
566 1809 704 1858 nonenim
725 1810 803 1859 habet
823 1810 873 1860 hoc
893 1810 1008 1860 humana
1028 1812 1114 1860 scien-

40 1889 94 1944 tia,
113 1883 158 1934 scd
177 1895 224 1945 pro
244 1879 341 1929 virtius
364 1882 538 1942 cogitaver03
559 1880 710 1930 insinuatur
735 1881 800 1930 mihi
827 1887 973 1946 utcumque
1000 1883 1113 1935 scientia

42 1956 93 2007 liei
116 1975 141 2015 η
164 1957 202 2005 lis
222 1955 339 2004 Dioerata
359 1952 555 2015 Quaestions'lms
573 1953 608 2001 cd
626 1954 832 2016 Simplicioonn,
848 1955 894 2003 lib.
910 1953 942 2014 ll,
957 1954 1024 2019 (1.2,
1040 1969 1067 2006 n.
1083 1955 1111 2007 3.

82 2031 89 2064 ¹
112 2027 241 2078 Audiator
260 2041 283 2074 s.
304 2023 394 2075 Petrus
419 2022 579 2074 Damianos:
602 2043 613 2068 ι
634 2023 690 2076 Nnc
710 2039 808 2075 novum
833 2027 931 2090 atiqnid
952 2028 984 2076 ab
1005 2023 1044 2078 Eo
1063 2041 1111 2090 per

38 2100 171 2163 temporis
190 2101 324 2146 momenta
345 2097 455 2145 recedit.
476 2093 525 2147 seu
545 2109 595 2146 nee
613 2095 723 2148 diversis
749 2099 884 2148 obtutibus
904 2100 1005 2151 divorsa
1026 2104 1113 2150 const-

38 2177 129 2230 dcrat,
149 2175 180 2220 nt
198 2183 260 2218 curn
281 2169 393 2218 intendit
412 2170 572 2230 praeteritis,
593 2174 670 2221 vacet
689 2185 703 2219 a
724 2171 920 2233 praesentibus,
942 2175 982 2221 ret
1003 2173 1112 2233 tuturis,

39 2247 86 2296 vel
107 2256 198 2293 rursus
217 2255 279 2290 com
298 2243 468 2302 praesentia,
489 2242 543 2289 stre
563 2240 653 2290 lotura
673 2244 843 2301 considerat,
864 2245 957 2292 oculos
975 2259 990 2294 a
1012 2249 1114 2307 praete·

38 2320 101 2368 ritis
120 2318 234 2368 arertat;
255 2314 298 2361 sed
319 2325 371 2361 uno
390 2315 539 2369 dumtaxat,
559 2327 591 2362 nc
609 2315 723 2376 simplici
743 2316 971 2378 praesentissimae
991 2315 1115 2367 Maiesta-

37 2395 78 2440 tis
97 2389 194 2437 intuitu
214 2387 292 2434 sinunt
312 2388 400 2432 emnia
421 2384 632 2445 comprehendit,
652 2401 737 2450 nerpue
757 2389 806 2438 hoc
826 2386 947 2446 conlisae,
971 2394 1053 2454 atque
1073 2390 1113 2438 in-

37 2463 183 2525 explicite,
204 2459 248 2508 sed
269 2458 356 2506 omnia
376 2458 521 2513 discernit,
542 2459 663 2507 actuata
686 2462 872 2522 proprietatem
892 2473 967 2510 auam
988 2475 1110 2526 quaeque

34 2533 180 2596 distinguit
195 2550 219 2588 η
242 2533 335 2592 Opnac.
356 2526 478 2586 ixllvl,
498 2543 524 2578 c.
547 2531 572 2578 7.

76 2604 141 2656 ²1³.
161 2603 225 2660 tat,
245 2608 301 2652 not.
323 2601 350 2650 Ξ.
374 2599 400 2650 S.
422 2597 537 2651 Thomas
556 2599 595 2665 (l,
617 2615 644 2663 q.
666 2600 723 2659 xv,
744 2617 770 2652 a.
791 2601 824 2671 Ξ)
845 2618 892 2666 pro
911 2604 962 2654 hac
982 2609 1112 2657 sententia

35 2679 134 2730 utitur
152 2675 312 2725 arrctoritate
330 2687 353 2724 s.
373 2671 514 2737 Augustini
538 2673 658 2722 docentis
682 2675 797 2737 singulas
817 2688 858 2724 res
878 2683 981 2727 creatas
999 2683 1113 2742 propriis

35 2749 189 2802 rationibus
208 2746 336 2804 conditas,
357 2759 455 2811 easque
475 2747 591 2795 rationes
610 2745 637 2793 in
657 2752 745 2796 mente
765 2743 899 2798 Creatoris
917 2751 1030 2800 existere
1048 2753 1111 2817 (Qq.

36 2823 196 2878 LXXXIII,
217 2833 244 2882 q.
264 2816 322 2886 46).
343 2814 425 2869 Cuius
444 2818 590 2869 sententiae
613 2816 688 2868 irrcre
708 2819 789 2868 etiam
810 2815 933 2870 Clemens
954 2821 1041 2879 Ater„
1062 2819 1114 2885 Cy·

35 2897 122 2946 rittus
141 2889 256 2947 Hieron,
277 2886 392 2955 (lyr-ilius
411 2889 499 2948 Ater..
514 2888 650 2953 Origenes.
667 2889 738 2940 loan.
756 2889 943 2952 damascenus,
958 2891 1109 2952 Ansetmnr,

35 2968 153 3029 aliique.
174 2960 211 3014 Gi
225 2961 373 3022 Petusium,
390 2965 428 3013 lie
441 2965 574 3026 tdsotopio.
589 2965 766 3027 liopmntibnr,
782 2965 820 3014 De
833 2967 899 3023 Dm,
913 2965 960 3014 tto.
976 2964 1020 3024 tv,
1035 2981 1060 3016 c.
1078 2965 1111 3016 ll.

77 3037 89 3074 ³
111 3034 134 3096 l,
153 3035 207 3085 loc.
227 3037 275 3085 cit.

77 3107 91 3144 ⁴
113 3110 179 3158 idid.
201 3105 288 3172 Quare
306 3106 373 3156 haec
392 3107 512 3156 idearum
532 3106 674 3170 ptoralitas
694 3121 745 3158 non
763 3107 870 3171 qtrldem
890 3109 922 3158 ad
942 3108 1054 3159 turmam
1076 3111 1115 3160 io-

35 3182 247 3238 tellectualem,
267 3192 336 3243 quae
356 3184 472 3228 marstem
492 3180 525 3228 ad
545 3181 723 3241 cognitionem
743 3181 922 3240 determinat,
946 3183 1022 3244 qnasi
1048 3183 1114 3232 haee

38 3258 133 3307 forma
153 3267 207 3302 noa
225 3267 277 3301 non
296 3254 341 3310 sit,
361 3253 406 3301 scd
426 3252 459 3300 ad
478 3264 520 3301 res
540 3252 690 3303 intelteotas
706 3253 830 3304 retertur.
847 3249 873 3303 ld
887 3255 1042 3302 clarioribus
1055 3267 1114 3304 rer-

34 3330 81 3378 isis
100 3331 211 3376 mactus
228 3323 326 3374 licetur
343 3326 447 3374 monuit
467 3323 516 3373 hoe
537 3326 563 3372 in
583 3324 660 3376 loco:
684 3345 694 3370 ι
718 3321 785 3377 Cum
806 3325 856 3374 hoc
874 3322 971 3376 nomen
989 3329 1047 3376 idea
1067 3341 1114 3376 no·

36 3401 128 3448 minet
151 3393 300 3446 Essentiam
327 3393 446 3447 Divinam
462 3397 619 3447 secundum
639 3399 708 3464 qnod
728 3402 769 3448 est
788 3399 923 3462 exemplar
942 3399 1074 3448 imitatum
1094 3414 1109 3449 a

37 3476 179 3526 creatora,
199 3467 290 3518 Divina
311 3466 430 3520 Essentia
450 3471 501 3519 erit
521 3472 625 3534 propria
641 3473 699 3520 idea
713 3470 788 3520 istius
808 3472 845 3520 rel
865 3472 1011 3522 seeundum
1026 3472 1116 3521 deter-

36 3545 175 3592 minatum
193 3543 346 3591 imitationis
360 3543 480 3592 modom.
501 3539 534 3592 tit
552 3545 689 3607 qniaflaiio
709 3543 787 3592 modo
806 3543 944 3593 imitantur
956 3555 1015 3593 sam
1029 3545 1116 3594 direr-

36 3629 87 3665 sae
107 3619 260 3669 creatorae,
279 3615 339 3664 ideo
356 3616 454 3665 dieitur
473 3616 542 3677 qnod
561 3621 602 3665 est
621 3617 674 3666 otia
695 3617 765 3674 idea,
786 3617 826 3666 rel
848 3617 926 3675 ratio,
941 3630 992 3679 qua
1007 3623 1115 3667 creatur

36 3689 145 3743 homo,
164 3692 192 3735 et
210 3699 295 3750 equits
306 3710 314 3746 ;
334 3693 360 3737 et
379 3689 472 3737 exinde
497 3689 618 3750 seqnitur
642 3691 712 3753 qnod
736 3689 884 3740 secundum
911 3693 1062 3752 respectum
1082 3691 1114 3738 ad

119 3771 224 3821 lutros.
239 3766 348 3821 Cirntsr.
364 3769 539 3833 compendii.
915 3774 971 3824 23⁶
