2475 3909
474 206 660 256 cnrotocra
1004 195 1047 262 35

29 293 171 362 linitione
193 294 324 369 unitas,
347 312 412 355 non
433 313 517 377 quae
540 312 668 356 omnem
690 313 763 357 com
786 295 959 361 ositicoem
981 299 1092 363 exclu-

29 376 87 523 ἐὴ,
110 375 166 442 sed
188 396 271 462 quae
299 394 341 439 ex
362 373 567 439 cohaerentia
589 374 763 460 partiume
796 378 894 455 citur,
910 378 1092 465 intelligen-

51 469 151 525 aest.

68 540 139 606 102.
164 538 205 605 Ut
225 538 303 603 haec
324 537 414 603 notio
437 535 634 602 luculentior
655 536 725 616 liat,
749 549 855 606 mente
877 541 1093 626 reputandum

29 631 75 686 est
97 623 160 687 tria
183 621 216 684 in
239 618 456 705 pulcritudine
478 617 638 702 distingui
658 630 832 706 oportere,
855 644 970 707 nempe
995 625 1093 687 ratio

28 722 95 765 nem
117 703 303 787 formalem,
324 701 391 765 sive
412 703 595 776 essentiam,
617 700 775 796 effictum,
798 715 830 772 et
848 703 1092 785 fundamentum.

29 785 128 851 Ratio
151 782 297 849 formalis
318 784 423 867 pulcri
447 786 481 848 in
502 785 728 850 conrenrentia
749 788 912 869 partium,
935 807 992 852 seu
1014 806 1097 871 sym-

30 868 146 931 metria
160 864 280 931 obiccti
294 864 450 931 consistit.
467 866 610 931 Effectus
625 876 674 931 est
687 865 874 941 delectatio,
895 888 993 965 quam
1014 889 1029 931 s
1052 890 1098 931 m-

30 950 147 1013 metria
169 944 314 1025 obiecti,
336 944 482 1013 facultati
503 946 676 1030 cognitrioi
699 949 733 1013 in
755 970 814 1014 sca
838 947 983 1017 claritate
1005 887 1098 1017 adut-

30 1048 132 1113 gens,
157 1030 190 1092 in
212 1031 322 1095 animo
343 1028 457 1127 giguit.
482 1029 567 1094 Hinc
588 1027 707 1114 vulgus
729 1030 898 1095 hominum
919 1052 983 1096 non
1005 1029 1096 1097 aliud

29 1120 127 1176 vocat
146 1110 308 1198 pulcrum,
330 1131 392 1176 nrsr
412 1109 457 1186 id,
481 1111 575 1176 cuius
596 1112 779 1206 cognitione
800 1112 989 1179 delectatur.
1013 1116 1100 1179 Fun·

29 1192 219 1260 dementum
243 1193 276 1257 in
300 1191 443 1258 bonitate
465 1193 569 1277 ipsius
592 1192 714 1257 obtecti
736 1196 834 1260 situm
852 1205 913 1271 est,
935 1216 1009 1259 nam
1031 1198 1101 1260 ani-

31 1296 124 1341 mum
161 1285 306 1340 nostrum
332 1272 388 1339 illa
418 1294 528 1339 rerum
554 1274 700 1360 cognitio
729 1297 787 1341 seu
815 1275 985 1361 adspectus
1016 1278 1101 1343 dele·

31 1368 122 1422 ctare
143 1366 262 1442 potest,
286 1356 319 1421 in
341 1377 405 1441 qua
426 1357 590 1442 appetitus
613 1356 762 1453 quiescit;
784 1356 816 1423 id
838 1369 963 1437 autem,
980 1360 1014 1423 in
1036 1381 1102 1445 quo

33 1438 199 1525 appetitus
212 1436 359 1537 quiescit,
375 1460 438 1504 non
459 1447 519 1515 est,
532 1438 595 1503 nisi
617 1436 663 1516 td,
685 1440 772 1524 quod
795 1450 958 1527 tamquam
980 1439 1104 1507 bonurn

33 1519 530 1669 ³ttttlt¹¹ltl¹ttl⁰³ttttt
548 1519 848 1669 “illailllll
869 1522 1105 1671 illidii*

1071 1631 1105 1671 α-

34 1622 86 1748 det
102 1686 127 1763 ¹,
142 1706 213 1750 crem
254 1620 483 1750 ocdoadodedit'i
497 1623 607 1751 clodis
629 1682 771 1751 claritate
788 1625 883 1762 zpspp
900 1687 1043 1765 effectus,
1059 1690 1104 1763 id,

36 1769 130 1831 cuim
149 1708 348 1854 apprdlensio
371 1767 471 1850 placet
486 1767 511 1843 ³,·
532 1767 583 1832 sin
605 1765 874 1847 fundamentum,
897 1769 941 1845 id,
963 1771 1044 1866 pund
1064 1780 1108 1833 est

36 1850 165 1915 bonum.
187 1855 247 1930 tt,
269 1849 423 1934 quoniam
444 1848 594 1935 pulcrum
609 1869 629 1913 a
642 1850 760 1915 ceteris
780 1851 1035 1936 proprietatibus
1054 1874 1108 1919 en·

37 1932 83 1997 tis
105 1944 241 2031 propter
261 1931 502 2018 proportionem
524 1928 657 2006 obiecti,
673 1940 706 1995 ct
724 1930 970 1999 delectationem
991 1956 1109 2021 cogno-

37 2014 160 2079 scentis
175 2014 263 2081 rllam
277 2013 528 2090 discriminatur,
543 2012 653 2097 ipsum
672 2012 802 2079 definiri
816 2023 933 2101 potest,
955 2015 1001 2093 id,
1015 2019 1108 2101 qood,

37 2116 114 2160 cum
138 2096 369 2163 multitudinem
385 2095 531 2179 partium
553 2094 615 2159 sibi
636 2094 862 2162 evomentium
878 2116 957 2180 prae
976 2120 1006 2163 se
1020 2100 1108 2183 seret,

39 2178 131 2243 mani
142 2181 287 2244 estationc
307 2181 359 2243 sui
379 2186 601 2260 copncscentcm
623 2174 758 2241 delectet.

86 2260 103 2325 1
148 2310 155 2325 .
181 2262 282 2327 Porro
302 2259 451 2346 pulcrum
473 2258 679 2336 innaturale,
701 2259 919 2343 artificiosum,
943 2269 976 2326 et
995 2262 1111 2327 morale

81 2459 92 2495 ¹
113 2453 151 2511 Gi
164 2471 188 2509 s.
208 2455 288 2521 tun,
307 2458 388 2522 uoto.
407 2449 495 2509 xvttt
512 2456 548 2505 cd
567 2456 684 2517 coelem,
703 2470 732 2507 n.
746 2456 774 2517 2,
794 2464 822 2509 et
839 2472 863 2510 s.
877 2454 984 2520 Thom„
1000 2456 1021 2517 l,
1035 2472 1063 2522 q.
1079 2456 1113 2519 V,

45 2547 73 2582 a.
95 2530 114 2581 4
135 2529 167 2579 sd
189 2530 213 2579 l.

83 2602 96 2638 ²
115 2601 146 2652 2²
164 2602 215 2662 2¹⁶,
234 2616 263 2666 q.
283 2595 383 2659 CXLV,
404 2612 430 2649 a.
451 2597 466 2647 2
486 2613 512 2649 c.

85 2673 97 2711 ⁸
115 2671 188 2725 llaec
207 2674 278 2724 notio
298 2672 384 2737 pulcri
402 2686 417 2722 e
437 2671 540 2721 conctis
558 2669 725 2737 Philosophis
738 2679 794 2725 tum
808 2674 934 2737 antiquis,
948 2679 1005 2724 tum
1024 2688 1117 2725 recen-

48 2748 120 2798 tibus
141 2746 237 2797 tradita
255 2744 307 2796 luit
325 2740 368 2815 (cl
383 2740 478 2809 Spagni
497 2757 512 2794 c
532 2740 559 2794 S.
581 2742 614 2805 l.,
637 2748 675 2798 De
693 2749 783 2806 Bono,
803 2746 890 2805 Malo,
910 2755 934 2796 et
954 2749 1057 2811 Petere·
1077 2750 1118 2798 De

49 2820 166 2878 Pulcra,
187 2822 252 2869 tect.
274 2816 295 2877 l,
316 2830 342 2868 a.
363 2818 390 2876 5,
411 2832 438 2867 n.
458 2814 485 2873 9,
500 2820 526 2865 et
540 2820 605 2867 sect.
623 2813 656 2876 tl,
676 2833 705 2869 n.
719 2818 764 2879 20,
785 2814 883 2871 llomae
903 2816 996 2889 ttcs).
1016 2817 1119 2872 Verum

52 2894 111 2956 lpse
130 2892 234 2941 nonntst
252 2888 386 2951 ellectum,
401 2901 480 2953 quem
500 2888 625 2951 pulcrum
643 2891 670 2940 ln
688 2891 763 2941 nobis
781 2893 874 2955 gignit,
894 2892 1033 2956 significat.
1048 2889 1120 2956 Quo-

52 2964 125 3016 circa
145 2962 242 3026 oppido
260 2962 437 3025 dectptuntor,
459 2960 504 3023 qui
523 2974 583 3011 com
604 2958 707 3013 Smitho
720 2960 836 3033 (morte
853 2965 898 3014 dos
915 2968 1052 3015 senonem
1063 2978 1120 3014 mo·

52 3050 134 3095 racc,
155 3035 223 3085 trad.
244 3048 291 3098 par
310 3032 361 3085 lt·
379 3029 537 3093 Condercet,
552 3031 625 3084 Paris
645 3032 727 3103 1798)
746 3040 863 3100 pugnent
875 3036 973 3100 aliquid
990 3050 1048 3087 esso
1061 3036 1123 3099 pul·

54 3121 133 3159 crom
151 3120 184 3158 ex
201 3120 244 3168 ec,
264 3107 334 3172 quod
352 3112 393 3157 cst
411 3105 577 3166 delectabile,
591 3108 633 3157 vel
646 3120 708 3157 cum
722 3103 844 3159 Senststts
863 3113 1004 3158 autumant
1020 3107 1123 3171 aliquid

54 3192 116 3232 esse
136 3180 260 3243 pulcrum
278 3193 311 3232 ex
329 3193 372 3240 ec,
392 3179 462 3243 quod
480 3182 521 3229 est
539 3178 615 3229 utile.
637 3176 788 3230 Secundum
800 3180 870 3231 lianc
882 3181 1041 3231 sententiam
1054 3181 1124 3232 nihii

55 3258 127 3305 esset
145 3252 269 3315 pulcrum
287 3266 335 3316 per
352 3265 392 3309 sc,
411 3250 458 3302 sed
475 3250 575 3315 aliquid
588 3250 722 3302 diceretur
740 3254 864 3315 pulcrum
882 3266 959 3303 exeo
973 3253 1124 3312 dumtaxat,

55 3325 128 3391 quod
147 3323 181 3375 ed
199 3325 318 3375 entmum
337 3327 456 3375 nostrum
475 3322 600 3374 refertur.
620 3320 669 3375 Ast
688 3324 713 3374 tc
737 3324 846 3375 omnino
868 3324 966 3375 laisum
984 3330 1034 3375 est.
1056 3322 1125 3375 Nam

56 3400 79 3449 si
98 3397 224 3461 pulcrum
243 3396 340 3448 dicitur
358 3396 403 3457 id,
423 3394 492 3461 quod
517 3399 626 3458 propter
651 3396 850 3447 cohaerentiam
873 3409 982 3447 suerum
1007 3398 1125 3460 portiom

58 3472 180 3521 animum
199 3468 333 3530 delectat,
354 3470 413 3520 tuce
432 3468 578 3519 meridiana
597 3466 697 3520 clarius
715 3473 755 3521 est
774 3469 887 3532 primam
906 3481 1027 3529 cacum,
1046 3472 1127 3535 origi-

59 3554 176 3606 nemque
194 3542 279 3606 pulcri
299 3544 325 3593 in
338 3542 400 3606 ipsis
419 3541 498 3592 rebus
516 3542 695 3605 quaerendem
714 3554 783 3602 csse,
797 3542 895 3606 qnippe
913 3542 984 3606 quod
1003 3543 1030 3592 in
1048 3543 1128 3596 rebus

61 3616 178 3679 partium
197 3617 370 3679 congruentia
388 3614 531 3674 invenitur,
545 3618 627 3680 etque
645 3615 725 3667 huius
743 3616 859 3680 cognitio
877 3616 1082 3670 delectttloncm
1099 3617 1128 3670 in

62 3688 152 3741 animo
170 3686 262 3753 gignit.
860 3754 882 3799 ἡ
