2475 3909
140 105 204 173 mo
514 121 788 174 anmnorococm

141 209 193 276 38.
216 205 308 284 Quod
333 205 359 272 si
383 207 492 273 unitas
513 207 735 285 substantialis
761 205 901 275 bominis
922 205 981 269 boc
1003 202 1065 268 sibi
1091 203 1177 276 rull,

104 291 248 353 animam
272 309 387 374 nempe
411 289 640 356 intellectivam
669 311 738 355 esse
762 289 900 354 lormam
927 285 1177 352 substantialem

103 371 266 455 corporis,
289 373 512 467 consequitur,
534 392 654 460 corpus
675 393 717 437 ex
738 392 776 436 ea
798 389 861 435 non
885 369 989 434 solum
1014 369 1047 432 in
1064 369 1177 462 specie

104 472 161 516 cor
185 455 251 518 oris
274 453 422 529 bumam,
444 453 497 518 sed
520 455 619 518 etiam
643 455 675 519 in
697 474 759 518 esse
779 451 927 536 corporis
948 451 1118 523 constitui,
1135 469 1180 510 sr-

101 472 235 618 quidem
252 533 358 598 lurma
372 534 594 602 substantialis
609 537 643 600 in
658 534 807 655 puolibct
826 533 1005 618 composito
1027 530 1180 594 substan·

102 616 173 680 tiali
198 637 260 679 non
283 617 346 680 nisi
368 637 431 680 una
453 638 522 682 esse
566 629 649 685 otest
680 665 686 680 .
710 621 805 694 Sane,
828 613 1006 679 secundnm
1027 613 1114 677 hanc
1135 613 1179 673 ll·

102 699 249 780 quinatis
264 699 468 776 sententiam,
489 638 578 764 nullo
600 701 730 783 negotio
752 695 946 781 intelligitur
967 696 1111 760 animam
1130 712 1177 786 ra-

101 779 259 844 tionalem
282 800 364 854 esse,
386 783 434 846 uti
461 781 599 846 Romani
621 781 791 846 Pontifices
814 779 1004 862 loquuntur,
1028 786 1178 840 casentin-

43 899 48 905 -
102 859 176 924 liter
199 871 232 925 et
248 881 307 944 per
329 881 372 937 re,
387 882 443 927 seu
465 863 640 928 immediata
663 862 810 948 corporis
834 859 985 933 lormam;
1008 878 1073 921 non
1099 858 1177 920 item

102 941 282 1008 secundum
304 946 517 1019 sententiam,
539 966 604 1041 qua
628 945 736 1009 anima
759 940 929 1007 rationalis
954 961 1011 1026 per
1034 939 1176 1032 sormam

102 1025 344 1109 corporeitalis,
359 1044 418 1088 seu
434 1047 493 1112 per
515 1027 578 1090 aba
601 1027 778 1110 principia,
793 1045 867 1088 cum
882 1043 1020 1106 corpore
1040 1039 1176 1084 conann-

102 1106 134 1188 gi
153 1106 319 1170 asseritur.
336 1105 528 1173 Coniunctio
550 1109 639 1172 enim
662 1106 841 1172 essentialis
864 1106 993 1168 animae
1015 1119 1089 1166 cum
1106 1121 1178 1164 cor-

102 1205 181 1269 pore
195 1208 233 1251 ea
248 1198 309 1263 est,
325 1209 390 1273 qua
404 1190 513 1254 anima
528 1211 626 1254 unam
649 1187 841 1274 completam
863 1185 1076 1250 substantiam
1100 1203 1175 1246 cum

102 1287 240 1351 corpore
263 1271 448 1347 constituit,
476 1282 509 1337 et
536 1273 724 1337 coniunctio
752 1267 942 1334 immediata
964 1289 1002 1331 ea
1025 1276 1087 1340 est,
1112 1285 1176 1349 qua

102 1351 210 1414 anima
233 1355 451 1418 communicat
472 1354 600 1438 corpori
626 1352 719 1428 illud,
736 1350 824 1436 quud
846 1349 1061 1414 immediatius
1081 1357 1115 1410 el
1131 1348 1177 1408 in-

102 1433 215 1496 timius
238 1433 301 1517 ipsi
323 1434 428 1507 inest,
452 1457 567 1521 nempe
594 1457 679 1512 esse,
701 1432 788 1522 quod
811 1445 884 1497 ante
906 1433 1017 1495 omnia
1038 1428 1178 1495 cuilibet

105 1513 152 1578 rei
176 1513 330 1578 advenire
353 1516 568 1603 intelligimus
582 1521 606 1580 ¹.

143 1596 193 1661 39.
219 1597 333 1661 Totam
355 1597 437 1662 banc
459 1620 528 1664 rem
551 1601 601 1665 bis
617 1601 689 1664 Em.
708 1594 804 1662 Card.
828 1593 967 1678 Zigliara
989 1591 1102 1657 verbis
1124 1590 1179 1654 ab

104 1677 286 1742 solvimus:
311 1705 328 1743 a
351 1678 388 1743 ln
410 1681 614 1766 Anthropolo
639 1681 669 1744 ia
703 1677 890 1743 firmissime
914 1675 1081 1741 retinenda
1105 1683 1177 1748 est,

102 1767 174 1824 tum
197 1759 433 1847 philosophice,
457 1771 525 1829 tum
549 1701 742 1846 theologice,
765 1762 873 1823 unitas
894 1754 1121 1824 substantialis
1145 1757 1176 1818 in

102 1839 247 1920 bomine,
271 1855 304 1910 et
324 1843 472 1910 absolute
494 1856 542 1909 est
562 1842 764 1909 reiiciendus
783 1838 963 1905 dualismus
979 1839 1040 1922 ipsi
1059 1839 1175 1904 unitati

103 1923 286 2019 oppositus.
310 1925 370 1992 Sed
394 1948 470 1991 cum
491 1947 517 1990 a.
540 1927 663 1991 Thoma
686 1925 825 2007 aliisque
857 1921 1109 2018 sapientissimis
1133 1923 1178 1982 ri·

103 2025 151 2068 rrs
175 2008 301 2072 retineo
324 2007 414 2074 illam
430 2009 589 2074 unitatem
604 2006 849 2072 substantialem
865 2005 962 2070 aliter
976 2003 1097 2066 salvari
1114 2021 1176 2064 non

102 2107 210 2172 posse,
235 2109 332 2174 quam
354 2088 556 2156 admittendo
579 2091 722 2154 animam
744 2087 920 2151 humanam
944 2105 1013 2148 esse
1036 2081 1176 2148 formam

104 2169 352 2237 substantialem
372 2173 431 2256 (uti
454 2171 604 2238 delinivit
623 2169 807 2236 Concilium
822 2167 1028 2250 viennense),
1052 2176 1086 2232 et
1108 2165 1177 2229 uni-

103 2272 177 2316 cam
199 2253 341 2398 lprmam
361 2253 607 2322 substantialem
632 2255 665 2316 in
687 2252 842 2325 bomine,
864 2253 913 2316 uti
941 2251 1024 2315 ratio
1045 2246 1177 2314 eviden-

103 2343 155 2400 ter
177 2337 210 2399 in
228 2337 304 2400 ert⁸
327 2358 356 2399 n.

500 2431 692 2526 can'vr
727 2457 785 2522 nr.

296 2599 342 2664 lle
379 2614 540 2664 consensu
561 2597 653 2662 inter
675 2597 825 2691 actiones
847 2593 989 2670 animae,

473 2686 514 2745 'et
533 2685 642 2746 motus
664 2693 812 2761 corporis

144 2815 198 2881 to.
222 2809 375 2877 Dubitari
397 2829 461 2872 non
477 2818 593 2894 potest,
608 2808 687 2892 quin
704 2809 790 2872 iuter
807 2807 1019 2892 cogitationes
1034 2811 1176 2882 animae,

104 3028 136 3062 er
157 3010 230 3060 libris
251 3009 302 3056 iam
324 3011 392 3072 typis
420 3011 575 3073 impressis,
601 3017 657 3061 lnrn
684 3025 715 3063 cr
740 3023 825 3074 nnper
853 3013 964 3062 inventia
989 3016 1177 3077 manuscriptis

107 3083 176 3134 l’etri
197 3081 302 3132 loannis
321 3079 410 3132 0lirae
431 3085 564 3142 ostendit,
585 3085 642 3132 elus
661 3098 796 3141 errorem,
818 3097 898 3145 quem
918 3078 1067 3135 Concilium
1087 3099 1177 3148 repro-

104 3158 187 3212 barit,
209 3169 260 3204 non
282 3154 373 3210 lraiase,
394 3155 618 3218 quemadmodum
640 3158 758 3206 nonnulli
779 3161 900 3206 recentes
919 3157 1101 3215 contendunt,
1123 3161 1176 3208 ani-

104 3242 211 3277 marum
231 3227 492 3288 multiplicationem,
512 3241 582 3291 quae
601 3229 627 3277 in
648 3223 765 3278 Concilio
779 3224 919 3294 Co‘plitano
936 3226 970 3280 lv
984 3231 1036 3277 iam
1050 3231 1175 3280 damnata

109 3300 216 3355 linerat,
235 3299 281 3347 sed
300 3297 394 3348 lalaam
414 3299 487 3349 illina
506 3300 644 3362 scriptoria
663 3301 812 3362 opinionem
840 3303 912 3351 eirca
939 3302 1046 3350 modum
1074 3304 1175 3352 unionis

107 3371 212 3418 animae
232 3370 409 3420 intellectirao
428 3385 490 3419 cum
510 3384 634 3433 corporc;
649 3371 759 3432 putabat
771 3377 841 3424 enim
856 3375 972 3423 animam
986 3372 1174 3424 intellectivam

108 3454 159 3488 non
178 3456 224 3500 par
244 3457 281 3498 u,
302 3443 347 3494 ced
368 3445 471 3490 tantum
492 3456 540 3503 per
557 3451 659 3506 partem
675 3448 823 3495 aeaaltioam
842 3459 899 3496 esse
918 3446 1035 3507 corporis
1049 3445 1174 3496 formam.

145 3507 154 3543 ¹
174 3504 210 3558 Ci
224 3525 251 3572 p.
274 3511 387 3562 llic-²
406 3515 454 3576 (ip.
476 3516 575 3578 dissip..
596 3529 623 3577 q.
645 3529 691 3564 nn.
714 3517 753 3564 Da
771 3517 873 3577 datm„
895 3532 920 3568 a.
944 3519 954 3568 l
977 3531 1003 3568 c.

143 3578 156 3614 ⁸
175 3581 224 3646 Op.
244 3586 300 3640 cll„
321 3582 384 3634 Para
405 3581 451 3643 lli,
471 3599 498 3634 c.
520 3584 554 3646 ll,
575 3601 603 3636 n.
623 3587 688 3646 tot,
709 3601 737 3652 p.
761 3588 822 3640 til.
1032 3607 1037 3615 ·
