2475 3909
475 191 705 240 ornrnnoora
1026 177 1085 241 107

74 269 106 334 od
122 272 286 354 oyendnm,
310 281 347 337 ut
368 291 425 335 suo
447 274 519 339 loco
540 275 698 353 dicemus,
713 279 783 357 ,lion
798 275 860 339 nisi
877 276 1070 354 intellectos,
1094 289 1126 344 et

75 353 205 417 voluntas
227 364 311 418 sunt.
337 355 424 438 Ergo
448 355 518 422 istis
543 359 696 442 potentiis
724 356 893 421 dumtaxat
919 357 1049 423 babitus
1078 361 1127 424 in-

73 433 190 499 haerent
202 437 226 496 l:
250 447 377 500 ceterae
400 447 508 502 autem
530 439 707 522 potentiae,
721 439 841 522 quippe
856 459 940 523 quae
955 459 995 502 ex
1010 440 1126 524 seipsis

71 527 132 580 sunt
152 515 387 582 determinatae
411 517 449 580 ad
472 541 586 594 unum,
609 518 775 584 habitibus
797 541 859 584 non
883 519 1067 605 indigenl².

101 599 147 663 31.
171 595 321 682 Denique
352 600 520 686 praecipui
548 600 719 667 habituum
747 601 881 666 effectos
909 601 940 665 hi
971 612 1065 667 suot:
1093 601 1126 665 1⁰

69 677 197 772 llahilus
220 681 339 757 efficit,
362 693 399 746 ut
421 684 454 747 in
477 683 722 766 operationibus
743 684 986 767 potentiarum,
1007 683 1126 768 quibus

69 759 237 839 inhaerent,
260 763 303 827 sit
323 764 561 846 nnr'sormitos²‚
585 765 645 828 hoc
666 775 730 842 est,
753 775 790 830 ut
810 775 991 830 constanter
1011 765 1127 829 eodem

68 840 157 906 niodo
177 856 404 909 exerceantur.
428 847 466 910 E.
485 865 530 942 g„
553 846 711 922 voluntas,
728 848 754 911 si
770 846 884 910 babitu
906 848 1036 911 virtutis
1059 848 1128 933 pol-

67 921 138 1000 leat,
161 924 261 1070 illupl,
286 926 372 1044 qpod
395 928 519 1011 regulis
542 948 669 992 morum
691 942 940 995 consentaneum
964 939 1029 1003 cst,
1052 950 1128 993 con-

65 1015 179 1071 stanter
202 1009 244 1070 ei
271 1009 296 1072 it
324 1056 332 1070 .

97 1084 131 1148 2⁰
154 1029 315 1163 llabillrs,
339 1111 413 1153 cum
439 1091 470 1154 in
492 1090 633 1174 quadam
657 1092 878 1178 propensione
900 1090 939 1153 ad
964 1089 1126 1174 agendum

66 1170 232 1246 consistat,
257 1172 353 1236 efficit
375 1183 409 1236 ut
430 1173 636 1257 operationes
658 1197 675 1233 e
699 1175 731 1236 in
754 1183 907 1258 promptu
934 1172 1127 1246 habeantur,

64 1265 88 1314 ct
112 1249 253 1317 facilior
273 1255 512 1318 exerceantur⁵
527 1277 554 1316 n.

97 1331 131 1396 3⁰
154 1333 313 1419 Denique,
331 1360 348 1396 «
365 1353 423 1418 per
436 1335 581 1400 habitum
606 1335 653 1408 lit,
676 1345 712 1399 ut
733 1333 969 1400 delectabiliter
984 1333 1127 1419 perlecta

62 1418 205 1498 operatio
217 1416 420 1502 compleatur
430 1419 474 1492 ἰη
488 1419 555 1482 sive
568 1417 727 1482 habitus«
741 1419 963 1502 operationem
975 1415 1037 1479 sibi
1054 1435 1127 1499 pro-

63 1498 162 1638 priam
184 1499 277 1581 quasi
300 1501 479 1565 naturalem
499 1497 618 1575 reddit,
642 1509 674 1563 et
696 1519 755 1582 per
775 1518 974 1582 consequens
993 1495 1130 1561 delecta-

81 1576 169 1655 ilem‚
195 1600 269 1642 nam
291 1582 515 1646 convenientia
539 1590 587 1645 est
610 1579 836 1645 delectationis
858 1581 1019 1644 causalo.

96 1769 104 1804 ¹
127 1767 155 1817 l·
173 1766 225 1824 ν’,
246 1780 274 1830 q.
295 1763 363 1826 L,a.
378 1767 395 1816 l
413 1770 440 1816 el
459 1767 486 1816 5.
507 1761 673 1822 Intellectus,
694 1767 739 1828 qui
757 1765 849 1815 habim
864 1767 973 1829 indiget,
993 1773 1034 1818 eet
1052 1769 1130 1819 iutel-

59 1845 141 1892 iectua
153 1841 199 1903 qui
219 1839 318 1888 dicitnr
334 1840 480 1902 possibilia,
501 1851 553 1886 non
573 1849 636 1886 vero
656 1838 808 1886 intellectus
825 1852 915 1902 epona,
934 1840 998 1902 quia
1018 1841 1072 1898 hic,
1093 1847 1124 1890 ut

59 1929 104 1964 mo
123 1912 183 1962 loeo
203 1911 342 1968 dicemus,
363 1910 565 1960 determinatam
585 1911 719 1958 actionem
739 1909 829 1958 babet.
850 1909 936 1966 item,
962 1911 1053 1961 habito
1072 1926 1127 1962 non

60 1987 155 2048 indiget
173 1985 307 2040 voluntas,
328 1989 405 2044 prout
425 1988 466 2031 est
484 1983 642 2030 naturaliter
660 1981 834 2032 determinata
849 1983 882 2031 ad
896 1983 1020 2032 ultimum
1034 1984 1128 2043 linem,

60 2060 110 2110 aire
129 2055 164 2106 sd
184 2055 320 2104 obiectum
346 2055 394 2104 sibi
418 2055 608 2117 adaequalem.
638 2048 673 2104 cl
694 2065 717 2103 a.
739 2047 846 2113 Thoos„
866 2057 896 2104 ln
916 2056 962 2104 lih.
984 2057 1027 2105 lll
1043 2059 1128 2114 sant„

60 2127 120 2180 llisl.
143 2124 243 2184 xlllll,
258 2141 285 2190 q.
303 2124 323 2184 l,
337 2140 363 2175 a.
388 2125 398 2175 l
421 2128 481 2184 aot„
501 2126 704 2187 eloquiam-1
720 2127 760 2174 De
778 2127 849 2183 Ver„
864 2141 891 2190 q.
908 2121 967 2184 llll,
982 2141 1008 2176 a.
1022 2126 1038 2176 2
1052 2129 1085 2178 ad
1099 2131 1126 2179 5.

90 2201 101 2238 ²
122 2203 155 2251 ln
174 2199 218 2248 lih.
241 2201 282 2248 lll
299 2201 390 2255 sene,
410 2200 462 2248 loc.
491 2199 537 2246 cit.
560 2195 596 2248 Er
616 2195 667 2244 bac
686 2199 916 2260 argumentatione
936 2199 1093 2263 intelligitur
1113 2217 1128 2250 a

58 2287 116 2324 rere
136 2272 264 2321 aberrare
284 2267 370 2320 hlaine
390 2270 421 2320 de
441 2267 518 2320 Biran
538 2267 679 2334 (lulloence
697 2271 728 2318 de
746 2271 891 2321 l'hehttuda
909 2287 955 2321 aar
973 2273 999 2320 to
1011 2271 1126 2340 perlate),

56 2349 186 2409 aliosque,
206 2345 252 2406 qui
271 2341 377 2392 babitus
396 2355 447 2392 non
467 2347 571 2391 tantum
592 2341 751 2399 intellectui,
770 2347 797 2391 et
816 2343 956 2398 voluntati.
971 2345 1015 2393 aed
1029 2351 1129 2394 celeria

57 2415 232 2470 facoltatibus
257 2416 383 2472 animae,
410 2416 491 2464 immo
517 2413 622 2476 corpori
650 2419 739 2464 nostro
762 2417 905 2465 convenire
929 2416 1035 2465 docent.
1059 2415 1127 2465 illud

55 2497 161 2542 lantum
181 2488 212 2536 iis
230 2485 429 2536 concedendum
448 2492 499 2545 eat,
520 2487 591 2550 qood
610 2486 744 2546 potentiae
763 2488 914 2546 aemiliane,
934 2488 957 2536 ei
970 2493 1125 2548 spectentur

55 2577 105 2612 non
124 2564 260 2626 quatenus
277 2572 310 2610 ex
329 2559 455 2608 instinctu
475 2561 585 2608 naturae
605 2561 761 2620 operantur,
775 2559 820 2608 sed
833 2563 966 2622 quatenos
978 2565 1125 2621 operantur

55 2649 84 2684 er
99 2633 216 2696 imperio
236 2632 356 2688 rationis,
371 2632 404 2680 ad
417 2631 519 2680 diversa
534 2630 651 2680 ordinari
670 2635 789 2691 possunt,
804 2644 836 2680 ac
851 2631 959 2694 proinde
973 2630 1124 2690 habituum,

54 2707 151 2769 quibua
164 2705 243 2762 bene,
255 2707 301 2752 aut
314 2705 385 2752 male
397 2704 428 2752 ad
442 2702 542 2766 aliquid
556 2703 741 2764 disponuntur,
751 2708 812 2752 eunt
822 2716 935 2765 capaces
944 2699 1127 2770 (cis.'l'bom.,

58 2779 81 2826 l²
100 2777 155 2833 2²⁸,
175 2789 203 2840 q.
220 2772 249 2836 l,
270 2775 326 2825 a.3
346 2770 396 2842 o.).
418 2773 494 2834 item,
516 2773 622 2825 babitus
641 2786 693 2822 non
712 2775 763 2823 nial
781 2777 935 2825 secundario
948 2782 1056 2837 possum
1069 2789 1129 2826 cor-

55 2852 111 2912 pori
130 2848 261 2906 atlribul,
279 2865 289 2891 ι
307 2848 333 2896 in
352 2853 481 2909 qnantum
501 2847 604 2896 scillcet
624 2859 720 2908 corpus
739 2846 906 2907 disponitur,
927 2852 955 2897 et
973 2847 1129 2898 babilitalur

52 2923 83 2971 acl
104 2927 230 2985 prompte
249 2919 451 2970 deserviendum
470 2919 667 2982 operationibus
685 2918 789 2967 animae
807 2937 831 2978 ι,
845 2919 920 2977 illd„
940 2933 967 2970 a.
989 2921 1001 2969 l
1024 2935 1050 2970 o.

86 2993 100 3102 l
120 2988 621 3115 ilhl'ilihlhldlhihlidii·
631 2991 1129 3129 biduannowpmvn,

53 3151 80 3186 a.
98 3137 115 3187 Ξ
136 3131 189 3204 m),
210 3149 293 3194 nam,
319 3135 389 3186 sicut
408 3141 503 3186 natura
523 3134 693 3184 uniformiter
717 3140 866 3196 operatur.
887 3137 924 3184 ita
943 3149 991 3198 per
1008 3135 1129 3184 babltom

53 3209 92 3266 lit,
114 3213 147 3260 nt
166 3209 212 3258 illa
233 3208 374 3270 potentia,
394 3221 463 3272 quae
482 3208 514 3255 ad
535 3206 597 3264 hoc,
617 3211 665 3256 aut
683 3205 729 3255 illo
749 3207 827 3256 modo
845 3207 1008 3269 operandum
1029 3205 1130 3256 indiffe-

52 3295 114 3332 rens
133 3285 187 3338 eal,
207 3280 400 3330 determinetur
412 3280 444 3328 ad
459 3293 520 3328 snos
533 3282 610 3328 actus
623 3279 702 3327 simili
717 3280 818 3327 ratione
837 3279 992 3328 exerendos.
1007 3275 1041 3328 dl
1053 3291 1127 3336 vero,

52 3359 83 3404 ut
102 3367 127 3404 s.
151 3347 266 3402 Thomas
285 3351 445 3407 observarit,
467 3351 491 3400 id
504 3352 689 3412 accipiendum
703 3356 742 3399 eat
757 3351 807 3399 hoc
820 3364 908 3409 sensu,
924 3352 993 3414 quod
1009 3351 1129 3414 potentia

53 3439 102 3486 per
122 3425 246 3474 habitum
266 3423 299 3473 ad
319 3424 397 3473 simili
418 3423 497 3473 modo
521 3423 653 3484 agendum
673 3422 802 3480 inclinet,
823 3436 874 3472 non
895 3429 986 3472 antem
1005 3422 1074 3486 qood
1094 3422 1128 3471 ad

53 3509 107 3547 non
127 3497 209 3546 aliter
227 3497 359 3558 agendum
379 3499 500 3559 cogatnn
522 3497 552 3544 ln
572 3496 617 3545 lih.
639 3497 681 3544 lll
697 3497 781 3552 Sene,
801 3492 869 3544 bisi.
888 3491 974 3554 xllx,
993 3509 1021 3560 q.
1035 3493 1057 3555 l,
1071 3495 1130 3544 ab

53 3569 87 3619 ad
108 3570 138 3620 5.
160 3564 196 3619 cl
211 3572 260 3634 ος,
281 3570 380 3632 diapp..
402 3570 441 3618 De
464 3569 557 3616 Via-tut.
577 3581 605 3631 q.
626 3571 654 3615 et
672 3580 698 3616 a.
719 3567 766 3616 cit.
786 3566 820 3616 ad
840 3567 885 3615 ll.

93 3642 106 3680 ⁵
126 3643 176 3711 Ως.
196 3643 297 3709 atspp„
318 3643 358 3694 De
380 3641 485 3702 i'lrtai,
506 3637 791 3693 ibid.-⁶1hid.-⁷
810 3636 878 3692 thid.
