2475 3909
121 137 180 209 15⁴2
223 185 228 189 -
457 115 462 124 ’
490 155 722 207 nrunuraoera

79 239 114 303 in
136 233 261 304 iudicio
283 234 407 323 aliquid
431 239 560 315 asserit,
576 250 634 305 aut
648 248 756 327 negat,
771 241 850 326 quia
865 241 1032 326 cognoscit
1054 261 1150 326 prae·

78 319 222 386 dicatum
243 339 318 384 oum
340 318 485 386 subiecto
507 324 705 400 convenire,
727 321 778 388 vet
802 321 843 386 ab
871 344 910 387 eo
935 320 1145 408 discrepare;

80 402 114 465 in
137 401 292 467 volitione
314 410 423 466 autem
445 401 568 499 aliquid
594 404 675 484 vult,
699 417 755 470 aut
770 425 832 469 non
847 405 926 480 ruit,
942 405 1020 489 quia
1035 403 1149 468 adver-

80 482 119 549 tit
142 503 279 558 verum,
307 482 394 568 quod
416 503 474 568 per
496 483 695 551 intellectum
727 485 965 573 apprehendit,
991 505 1062 550 esse
1083 485 1149 551 sibi

79 563 212 642 bonum,
234 573 292 630 aut
313 565 448 631 malum.

121 647 190 712 154.
214 646 312 732 Prop.
334 645 382 711 2¹.
406 646 535 712 Iudicio
555 647 592 712 ab
614 648 767 712 intellectu
820 669 853 712 er
885 649 1148 733 comparationem

80 729 297 810 terminorum,
319 749 380 793 uon
401 749 472 794 uero
489 748 548 814 per
570 731 756 794 instinctum
777 669 868 818 piant,
890 751 985 816 neque
999 751 1034 794 eo
1047 730 1150 795 simut

80 809 276 890 instinctiuo,
299 822 326 876 et
347 813 560 896 conspurutiuo
580 833 643 876 esse
683 826 799 877 essunt,

119 891 279 990 Probatur
301 893 406 978 prima
429 913 502 978 pars
524 903 636 959 contra
655 832 823 971 geroium,
838 894 916 978 quia
934 893 1058 958 iudicia
1075 894 1150 977 pri·

80 984 205 1055 metuo,
229 995 258 1039 e.
284 995 329 1060 g,
351 994 403 1057 eqo
420 995 504 1052 sum,
520 997 652 1060 corporo
664 981 804 1040 existunt
820 985 896 1052 eto,
912 994 975 1038 non
991 994 1049 1059 per
1063 995 1151 1040 com-

79 1057 281 1139 parationem
304 1054 444 1121 duorum
466 1059 692 1136 terminorum,
714 1057 771 1122 sed
786 1076 845 1142 per
864 1056 1054 1123 instinctum
1075 1055 1149 1121 fieri

80 1138 206 1218 putarit
221 1137 255 1200 ¹:
278 1135 403 1202 Iudicia
424 1138 634 1216 instinctira,
656 1139 839 1206 cuiusmodi
861 1137 917 1203 itta
938 1148 1041 1214 sunt,
1063 1158 1149 1224 quae

79 1237 98 1281 a
120 1217 226 1284 brutis
248 1217 340 1296 fiunt,
364 1229 477 1305 sponte
499 1230 701 1301 exeruntur,
723 1221 803 1308 quin
825 1227 1040 1306 cognoscatur
1062 1222 1150 1287 ratio

79 1300 335 1378 convenientiae,
359 1314 416 1370 aut
438 1304 673 1388 repugnantiae
692 1302 931 1380 terminorum3
954 1305 1151 1388 comparati-

80 1401 119 1444 va
139 1392 247 1448 autem
269 1393 344 1449 sunt
365 1405 415 1463 ea,
438 1383 471 1447 in
494 1383 615 1470 quibus
637 1384 845 1470 cognoscitur
867 1385 962 1461 ratio,
985 1380 1028 1446 ob
1049 1404 1148 1469 quam

79 1463 302 1549 praedicatum
324 1486 400 1530 oum
422 1463 567 1531 subiecto
590 1468 813 1552 coniungitur,
838 1475 895 1530 aut
920 1463 961 1528 ab
982 1483 1021 1528 eo
1044 1486 1152 1529 remo-

79 1555 183 1610 retur.
208 1547 308 1632 atqui
330 1568 462 1624 eorum,
485 1548 543 1633 qui
568 1548 755 1627 intellectu,
778 1549 846 1613 siro
867 1548 990 1611 ratione
1013 1545 1148 1692 pollent,

80 1649 196 1714 nempe
219 1628 400 1707 hominum,
423 1631 594 1716 proprium
616 1639 665 1695 est
688 1632 732 1696 ita
755 1629 901 1696 iudicare
921 1626 961 1692 de
984 1647 1018 1691 re
1042 1634 1099 1704 us,²
1113 1641 1151 1696 ut

79 1721 272 1795 cognoscant
293 1713 450 1777 rationem
464 1712 724 1791 convenientiae,
740 1722 773 1778 et
788 1711 1023 1797 repugnantiae
1039 1712 1152 1775 termi-

80 1811 210 1858 norum.
236 1794 323 1879 Ergo
345 1793 480 1871 iudicia,
503 1815 588 1880 quae
603 1793 644 1858 ab
659 1792 843 1859 hominibus
866 1813 924 1878 per
945 1790 1151 1857 intellectum

78 1873 182 1954 fiunt,
205 1876 424 1961 comparativa
456 1895 524 1940 esse
554 1873 694 1952 debent,
723 1883 757 1941 et
776 1874 961 1942 instinctiva
989 1892 1150 1938 essenon

103 1966 226 2023 emm

80 1977 100 2042 p
123 2038 191 2104 155.
217 2039 376 2104 Probatur
397 2038 497 2104 attera
521 2059 597 2124 pars
619 2047 730 2104 eontra
747 2037 976 2113 Rosminium,
999 2035 1077 2120 quia
1098 2038 1152 2101 iu·

79 2117 164 2184 dicia
186 2121 373 2186 instinctira
389 2119 498 2198 simut,
515 2129 548 2186 et
562 2122 782 2206 comparativa
799 2137 868 2185 esse
883 2137 976 2204 posse
998 2119 1109 2184 statuit
1121 2119 1147 2182 ⁸.

80 2199 220 2299 siquod
248 2199 411 2267 iudicium
438 2211 523 2267 esset
549 2201 797 2277 instinctivum,
820 2220 1027 2287 quocumque
1052 2199 1151 2264 modo

80 2280 154 2348 fieri
176 2282 319 2361 dicatur,
342 2303 471 2368 semper
492 2281 566 2347 inde
588 2283 801 2368 consequitur
820 2283 929 2368 ipsum
945 2302 1004 2368 per
1021 2281 1151 2346 uecessi-

80 2373 172 2430 totem
192 2375 345 2443 naturae,
370 2363 507 2451 ideoque
535 2373 672 2449 sponte,
694 2375 727 2429 et
748 2365 940 2431 naturaliter
960 2364 1002 2428 ab
1026 2362 1152 2428 intelle·

80 2455 133 2513 otu
156 2447 246 2526 fieri;
270 2467 360 2526 nam,
384 2457 420 2511 ut
440 2467 466 2512 s.
490 2445 629 2510 Thomas
650 2447 715 2523 ait,
738 2469 756 2509 «
778 2467 876 2533 agens
898 2467 957 2533 per
978 2445 1152 2511 necessita-

80 2537 147 2594 tem
168 2540 302 2596 naturae
330 2528 565 2595 determinatur
590 2524 629 2591 ad
653 2529 813 2592 actionem
843 2550 905 2626 per
934 2528 1039 2604 iilud,
1061 2526 1151 2612 quod

80 2619 128 2676 est
162 2613 195 2677 in
230 2619 345 2678 natura
378 2611 474 2675 eius·
498 2632 526 2672 u.
551 2609 652 2694 Atqui
673 2620 897 2694 comparatio,
920 2614 1043 2696 quippe
1064 2628 1151 2693 quae

80 2694 230 2759 consistit
251 2695 285 2758 in
308 2693 435 2759 actione
457 2690 640 2756 intellectus
661 2689 847 2770 dividentis,
870 2703 904 2758 et
927 2693 1151 2777 componentis

81 2775 247 2852 terminos,
271 2785 461 2860 spontanea,
485 2781 517 2836 et
539 2770 695 2836 naturalis
717 2774 843 2838 animae
856 2795 926 2840 esse
941 2773 1066 2859 nequit.
1089 2773 1151 2837 Er·

80 2875 143 2942 go.
166 2856 193 2921 si
218 2852 378 2921 iudicium
409 2853 510 2920 ueluti
545 2854 769 2919 instinctivum
801 2854 1016 2933 admittatur,
1038 2855 1151 2940 ipsum

81 2935 173 3002 nullo
195 2935 292 3003 modo
314 2935 574 3021 comparativum
595 2955 665 3000 esse
689 2945 804 3020 potest,

122 3018 191 3084 156.
215 3020 266 3085 Ex
287 3017 359 3094 hac,
381 3037 479 3099 quam
502 3015 808 3097 demonstravimus,
829 3017 1052 3104 propositione
1073 3035 1151 3080 eon*

80 3101 228 3186 sequitur
250 3099 433 3184 simplicem
466 3098 779 3184 apprehensionem,
802 3121 866 3164 non
888 3120 966 3171 vero
988 3097 1150 3164 iudicium

79 3201 148 3248 esse
171 3184 313 3269 primam
333 3181 557 3267 operationem
578 3179 772 3246 intellectus.
796 3183 838 3247 Et
858 3201 958 3257 sane,
984 3200 1080 3245 omne
1102 3179 1154 3244 iu-

79 3262 206 3332 dicium
226 3274 275 3332 est
295 3262 566 3350 comparativum.
583 3262 684 3347 Atqui
697 3263 852 3330 terminos
872 3265 957 3328 inter
978 3282 1047 3327 sese
1064 3281 1154 3326 eom·

415 3406 749 3422 m

116 3471 126 3513 Ι
146 3477 236 3528 Eurota
249 3489 299 3528 aur
318 3477 355 3528 ter
371 3475 479 3540 (omitte
496 3477 592 3536 tutati..
613 3473 673 3527 su.
695 3473 728 3536 u,
747 3489 774 3529 o.
793 3475 841 3528 20.

115 3543 1148 3610 'Manstummmmmoomowdawu

116 3617 180 3672 'iu
197 3617 242 3672 uo.
263 3621 293 3672 11
308 3623 392 3678 som..
412 3615 480 3671 orer.
500 3618 522 3684 1,
542 3635 570 3687 q.
593 3615 613 3681 i,
634 3634 660 3671 a.
682 3620 750 3672 aad
772 3620 816 3675 u.
