2475 3909
438 202 711 253 sunnennotoom
1001 187 1061 253 291

31 292 140 374 erigii
160 308 228 356 esse
249 308 324 353 cunr
346 307 494 373 corpore.
518 293 577 366 At,
600 292 756 376 quoniam
779 310 899 374 corpus
920 298 968 355 est
991 312 1105 355 corru-

34 374 164 459 ptibile,
188 375 296 458 ipsum
310 391 327 432 a
341 370 464 437 recedit
484 391 503 434 a
523 371 752 457 dispositione,
776 392 835 457 per
857 392 955 457 quam
979 382 1027 437 est
1050 393 1106 457 ap-

34 468 106 521 tum
127 456 165 520 ad
189 452 416 539 recipiendum
440 454 538 518 vitam
554 454 564 492 ¹
579 475 614 530 »3
639 464 736 539 atque
763 455 807 518 ita
829 451 875 530 iit,
899 462 935 517 ut
957 455 1066 517 anima
1088 476 1105 515 a

34 555 172 620 corpore
193 543 361 633 separetur
374 537 399 598 ¹.
422 535 584 611 Quocirca
612 546 746 621 proptor
772 538 1015 620 corruptionem
1038 556 1108 599 cor-

37 623 127 704 poris
146 628 280 692 evenrt,
302 627 340 682 ut
360 617 430 702 ipsa
453 628 638 700 perseveret
659 638 728 683 esse
751 618 821 681 sine
849 636 995 703 corpore.
1021 616 1105 680 illud

33 713 145 767 autem
168 696 366 779 monendum
388 709 447 774 est,
463 707 595 774 statum,
608 703 643 763 in
658 719 723 785 qno
746 700 854 762 anima
876 699 946 763 sine
969 718 1107 783 corpore

32 784 174 856 existit,
197 801 266 847 esse
284 780 419 926 puidam
444 792 738 867 praeteritotorum
766 781 868 864 ipsius
884 781 908 856 ⁸,
931 782 1010 865 quia
1040 780 1109 843 ani-

35 884 103 940 ma,
118 875 154 930 ut
168 884 263 950 saepe
308 863 442 939 inimus,
459 883 501 927 ex
517 882 550 926 se
572 863 678 947 exigit
693 883 763 927 esse
784 882 859 926 cum
881 882 1035 947 corpore,
1052 861 1108 925 sed

35 967 101 1010 non
124 944 322 1020 huiusmodi,
345 954 382 1010 ut
406 945 534 1009 animae
557 954 690 1009 naturae
713 944 918 1017 adrumetum
942 964 1014 1005 naen
1039 944 1108 1006 ani-

36 1049 104 1101 ma,
127 1030 254 1092 etiamsi
278 1038 425 1111 separata
448 1026 490 1090 sit
510 1046 527 1089 a
551 1046 703 1109 corpore,
727 1036 833 1091 tamen
857 1026 1038 1091 naturalem
1062 1024 1109 1088 in·

35 1108 244 1174 clinationem
267 1107 307 1173 ad
330 1109 438 1195 ipsum
460 1108 579 1172 retinet
593 1109 617 1171 ⁴.

80 1192 151 1255 ⁵227.
174 1188 283 1257 Obiic.
307 1188 342 1257 3ο
364 1191 423 1266 ld,
444 1189 531 1274 quod
553 1202 602 1255 est
622 1210 660 1253 en
685 1187 787 1253 nihilo
806 1235 813 1261 ,
839 1189 871 1251 in
901 1188 1038 1252 nihilum
1062 1211 1111 1252 re-

36 1270 109 1353 digi
133 1283 246 1357 potest.
270 1274 369 1368 Atqui
393 1273 503 1337 anima
525 1272 665 1335 humana
688 1292 727 1335 ox
751 1269 852 1335 nihilo
874 1281 932 1333 est.
958 1272 1055 1353 lingo.

80 1356 153 1422 228.
171 1356 268 1439 Resp.
286 1355 368 1419 Drst.
384 1356 473 1429 anai,
490 1354 535 1420 ita
558 1367 594 1419 ui
608 1366 724 1419 natura
746 1372 802 1416 sua
826 1352 858 1413 in
883 1351 1021 1415 nihilum
1045 1364 1109 1415 ten-

34 1434 108 1511 dat,
129 1458 195 1520 nep.
210 1438 301 1512 mat,
326 1438 369 1501 ita
391 1448 427 1502 ui
448 1436 512 1499 nisi
535 1456 553 1499 a
577 1435 646 1499 Deo
668 1445 889 1503 conservetur,
914 1434 946 1495 in
969 1432 1107 1497 nihilum

38 1519 233 1604 redigatur,
254 1538 339 1583 cerac.
361 1519 439 1581 mni.
463 1518 543 1600 Nep.
571 1538 655 1582 cens.
680 1517 727 1582 Re
750 1514 882 1601 quidem
909 1535 985 1578 vera
1009 1536 1025 1574 n
1044 1527 1111 1579 ten-

36 1598 118 1663 dere
141 1603 173 1664 in
195 1599 331 1665 nihilum
353 1620 415 1663 non
430 1612 477 1665 est
498 1600 631 1686 proprie
654 1611 760 1666 motus
783 1607 929 1671 naturae,
949 1598 1005 1680 qui
1030 1618 1112 1661 sern-

42 1696 164 1764 peresi
185 1684 217 1746 in
242 1680 416 1745 bonum⁵n.
431 1682 596 1757 Quoniam
617 1702 695 1745 roro
717 1691 865 1745 creatura
889 1698 905 1740 a
929 1680 1032 1761 seipsa
1050 1698 1111 1741 non

38 1765 181 1841 existit,
204 1784 308 1849 neque
338 1762 459 1827 idcirco
487 1785 529 1828 ex
550 1765 582 1829 vi
612 1784 688 1827 suae
710 1771 844 1827 naturae
874 1763 908 1825 in
936 1762 1110 1825 existentia

40 1857 255 1928 perseverat,
281 1848 312 1910 in
335 1846 472 1910 nihilum
496 1846 601 1943 redigi
625 1866 688 1909 non
710 1852 843 1931 potest,
871 1842 934 1907 nisi
947 1854 1114 1988 ¹pantenus

40 1928 170 1993 desistit
192 1929 321 2006 virtus,
344 1949 429 2013 quae
452 1927 540 1992 illam
570 1948 603 1991 m
625 1949 685 1992 csse
708 1933 876 1991 conservat
896 1926 919 1988 ⁸.
978 1944 1034 1988 aec
1056 1945 1114 1987 an-

82 2077 94 2118 ¹
114 2084 163 2146 (iq.
182 2083 280 2146 dirpp„
300 2083 353 2133 loc.
373 2085 420 2134 cit.
440 2085 473 2133 ad
493 2082 539 2134 20.

81 2152 179 2205 ²llinc
197 2168 292 2212 mors,
312 2169 359 2217 por
378 2170 459 2220 quam
478 2160 567 2207 anima
587 2169 603 2204 a
622 2168 735 2217 corporo
753 2160 911 2219 separatur,
932 2164 983 2219 eat,
1004 2158 1116 2207 docente

39 2227 139 2276 eodem
160 2224 301 2289 Aquinate,
316 2230 445 2278 naturalis
464 2229 564 2279 homini
583 2230 685 2277 ratione
705 2230 834 2291 corporis,
850 2244 901 2281 uon
916 2243 976 2281 vero
990 2232 1112 2280 animan:

43 2320 57 2343 ι
77 2294 171 2348 Forma
193 2301 306 2347 nominis
325 2306 364 2349 est
383 2304 470 2351 anima
492 2300 639 2358 rationalis,
653 2314 722 2363 quire
742 2308 781 2349 cst
800 2302 832 2351 de
852 2316 879 2351 se
900 2304 1074 2352 immortalis:
1091 2308 1118 2349 ei

44 2372 107 2419 ideo
127 2384 198 2419 mors
223 2384 274 2420 non
293 2378 333 2420 est
353 2374 482 2423 naturalis
507 2372 606 2422 homini
633 2385 664 2421 ex
685 2379 760 2435 parto
780 2387 843 2423 strae
871 2375 984 2425 lormao.
1005 2373 1116 2424 Materia

42 2447 138 2492 autem
158 2442 272 2493 hominia
289 2450 330 2494 eat
348 2460 445 2509 corpus
465 2448 538 2505 tale,
558 2445 628 2508 quod
648 2450 689 2494 est
707 2460 738 2495 er
758 2448 897 2496 contrariis
917 2448 1117 2510 compositum.

42 2516 81 2565 ad
99 2516 170 2578 qood
188 2519 309 2579 sequitur
331 2530 363 2566 ex
383 2520 541 2569 neceasitata
560 2518 791 2579 corruptibilitas,
811 2524 838 2567 et
857 2524 988 2582 quantum
1013 2520 1045 2567 ad
1067 2521 1117 2568 hon

44 2600 121 2637 mora
139 2593 179 2637 est
199 2588 297 2638 homini
317 2594 446 2640 naturalia
462 2609 492 2648 ις
513 2592 542 2639 2²
560 2590 611 2646 2²²,
631 2604 659 2653 q.
680 2586 795 2645 ccxiv.
815 2604 841 2639 o.
865 2592 875 2640 1
898 2592 930 2641 ad
954 2592 979 2641 1,

83 2659 95 2694 ⁸
117 2655 210 2709 «Esse
229 2668 379 2723 separatam
398 2678 412 2712 a
433 2676 544 2726 corpore
558 2668 598 2712 eat
611 2668 717 2724 praeter
736 2668 867 2713 rationem
882 2677 946 2713 suae
959 2670 1072 2715 naturae.
1091 2684 1114 2721 η

45 2732 70 2788 Ι.
91 2727 284 2794 (1.1111111111,
304 2748 330 2785 a.
353 2737 364 2784 1
387 2750 413 2785 ο.
435 2730 471 2787 Cs
486 2750 514 2798 p.
534 2735 599 2794 135,
621 2740 676 2784 ιιοι.
699 2736 724 2783 7.

85 2803 96 2839 l
118 2823 129 2847 ι
151 2801 319 2861 Dicendum,
338 2809 409 2870 qnod
428 2809 573 2858 secundum
594 2820 622 2858 aa
642 2809 766 2857 convenit
784 2810 891 2858 animae
910 2812 1015 2872 corpori
1036 2810 1117 2866 uniri,

43 2878 119 2927 sicot
137 2878 284 2927 secundum
304 2893 333 2929 so
351 2883 474 2931 convenit
487 2882 591 2943 corpori
610 2878 663 2929 leri
682 2893 739 2929 esso
760 2894 876 2931 suranna.
892 2877 1120 2945 dissentiremus

44 2952 108 2999 iere
128 2956 219 2999 manet
237 2950 344 3013 qnidam
364 2953 432 3011 lere,
452 2966 515 3002 cum
536 2967 550 3001 a
571 2953 630 3001 ioco
651 2954 756 3014 proprio
777 2952 857 3002 luerit
877 2959 1042 3015 separatum,
1057 2966 1119 3003 oum

43 3021 200 3083 aptitudine
219 3026 319 3077 tamen.
336 3029 366 3073 at
385 3026 556 3075 inclinatione
574 3026 606 3072 ad
628 3026 763 3086 proprium
784 3026 889 3081 loonme
913 3026 948 3073 tta
969 3028 1057 3075 anima
1072 3026 1121 3073 hn-

44 3107 130 3143 mana
150 3100 241 3143 manet
258 3095 285 3144 in
302 3108 351 3145 auo
369 3112 441 3157 erra,
462 3110 525 3147 cum
544 3096 626 3147 inerit
644 3108 659 3145 a
679 3110 790 3159 corpore
810 3102 952 3159 separata,
974 3098 1073 3147 habens
1093 3111 1121 3145 a·

44 3166 231 3229 ptitodiuem,
256 3172 285 3217 et
310 3169 507 3220 inclinationem
533 3168 683 3219 naturalem
703 3168 735 3218 ad
761 3170 878 3231 eorporis
902 3172 1028 3219 unionem
1052 3188 1076 3229 υς
1098 3169 1120 3226 l,

43 3254 79 3301 q.
102 3232 222 3297 LXXVl,
242 3252 269 3289 a.
292 3242 302 3290 t
325 3243 358 3290 ad
377 3242 406 3290 o.
426 3236 463 3293 Gi
479 3258 505 3306 p.
528 3243 590 3292 195.

85 3305 100 3343 ⁵
122 3312 170 3375 (ip.
191 3314 288 3373 capp„
310 3315 349 3363 lia
366 3316 438 3372 Poe„
458 3329 487 3378 q.
508 3313 541 3372 V,
561 3329 588 3364 a.
610 3314 621 3360 1
645 3314 677 3361 ad
703 3314 743 3363 itt.

86 3379 100 3417 ⁶
123 3380 309 3441 allioendum,
323 3387 404 3448 quod,
418 3389 489 3437 sicut
507 3400 584 3448 potae
602 3388 689 3436 creari
710 3386 807 3435 dicitur
820 3386 919 3451 aliquid
939 3399 991 3436 non
1012 3398 1059 3448 per
1079 3398 1124 3447 po·

45 3455 167 3505 tentiam
186 3458 328 3518 passivam,
348 3460 394 3509 sed
412 3460 498 3509 auium
519 3472 566 3522 per
585 3460 731 3522 potentiam
750 3458 866 3508 activam
886 3460 1018 3513 creantis.
1033 3460 1078 3521 qui
1093 3471 1125 3505 ex

45 3526 138 3577 nihilo
159 3533 247 3589 potest
265 3530 364 3591 aliquid
383 3533 546 3591 producam
568 3534 619 3591 ita,
641 3545 702 3581 curn
722 3532 820 3581 dicitnr
838 3532 938 3594 ailquid
958 3530 1077 3583 restibile
1098 3533 1125 3579 in

45 3599 132 3656 nihii,
153 3612 206 3649 uon
227 3603 385 3665 importatur
404 3606 430 3652 in
449 3611 573 3655 creatura
588 3607 705 3667 potentia
725 3605 757 3653 ad
778 3618 830 3654 non
848 3618 917 3661 esse,
932 3606 977 3655 sed
998 3608 1026 3657 in
1045 3598 1124 3655 Graa-

46 3679 111 3723 tore
133 3675 251 3735 potentia
270 3673 304 3723 ad
323 3673 536 3740 domitandam
555 3690 607 3727 non
629 3676 721 3728 inllnat
738 3696 762 3737 a,
778 3676 798 3739 l,
813 3692 839 3741 q.
856 3673 961 3738 lxiv,
976 3693 1003 3730 a.
1018 3678 1035 3729 ti
1048 3677 1081 3728 ad
1094 3674 1124 3728 2.

924 3749 945 3787 a
