2475 3909
179 152 239 219 191
548 171 823 222 anrnnomaonm

136 264 209 316 actu
230 254 420 322 constitutas
441 255 591 333 efficitur,
621 259 664 322 ita
688 269 724 322 ut
741 278 781 320 ex
796 255 877 339 ipsis
900 255 993 318 unica
1017 249 1083 318 iiat.
1109 249 1208 335 Atqui

137 337 246 400 anima
269 358 332 401 non
355 336 510 401 informat
535 359 654 424 corpas
682 339 745 403 iam
772 338 1006 409 constiturum,
1029 335 1085 397 scd
1109 347 1209 396 mate

138 417 220 481 riam
244 418 332 483 omni
356 418 460 483 forma
480 417 689 496 denudatam,
706 433 800 504 atque
816 442 857 484 ex
872 439 924 495 eo,
939 416 1024 503 quod
1041 416 1127 480 hanc
1144 435 1206 476 ma-

137 501 253 563 teriam
277 499 445 576 informat,
467 523 528 564 1111
550 503 699 588 corporis
721 501 897 567 constituit.
923 502 1011 584 Ergo
1037 501 1149 562 anirna
1171 517 1207 558 ea

136 603 188 655 eo,
210 581 296 666 quad
319 603 439 668 corpus
460 581 639 659 informat,
662 605 736 648 cum
763 604 899 669 corpore
929 582 1139 646 commisceri
1165 577 1209 640 di·

137 663 236 726 ccuda
258 685 322 728 non
345 677 403 728 est.
429 665 612 742 Praeterea,
635 668 744 728 anima
767 687 842 730 cum
863 686 1000 749 corpore
1015 666 1209 726 commisce-

137 757 240 820 retur,
265 756 361 831 atque
384 757 516 810 extensa
539 747 644 820 tieret,
668 748 694 811 si
717 770 758 812 ex
780 770 832 826 en,
860 747 945 832 quod
970 767 1091 830 corpus
1110 741 1207 808 infor-

137 838 214 902 mat,
230 850 292 890 csse
307 849 403 893 sunm
427 829 602 906 amitteret,
618 851 656 893 ac
670 851 732 893 ease
755 833 901 916 corporis
924 829 1131 914 adquireret.
1157 826 1208 886 ,11-

135 911 192 994 qui
215 911 349 986 anima,
372 920 409 974 ut
430 930 525 995 saepe
548 910 718 983 diximus,
742 935 816 978 cum
844 913 1013 978 materiam
1038 908 1206 976 informat,

135 1011 199 1056 non
222 992 341 1074 accipit
359 1011 423 1054 1111
444 995 605 1078 corporis,
631 992 685 1057 sed
709 1015 726 1058 e
749 996 912 1060 contrario
934 1013 996 1058 ease
1012 1011 1110 1055 suum
1135 1010 1206 1082 cnm

135 1077 272 1142 materia
295 1075 512 1138 communicat
535 1077 557 1138 ¹.
582 1077 670 1160 Ergo
692 1078 800 1141 anima
821 1085 972 1149 extensa,
995 1085 1027 1139 et
1053 1069 1207 1136 divisibi-

136 1153 175 1218 lis
198 1165 332 1220 nonest
357 1154 494 1220 dicenda
522 1178 561 1221 eo
606 1155 670 1222 aad
693 1178 836 1236 corpus,
869 1155 1047 1222 secundum
1076 1153 1207 1220 Schola-

135 1236 290 1302 sticornm
314 1235 520 1312 doctrinam,
546 1178 711 1304 indormat.
744 1239 784 1305 Ut
813 1239 848 1304 id
873 1239 978 1322 magis
1007 1238 1205 1322 perpicuum

135 1315 202 1392 fiat,
226 1320 384 1383 memoria
407 1319 626 1385 revocandum
640 1329 688 1384 est
703 1339 832 1386 omnem
857 1318 993 1384 sormam
1009 1317 1207 1384 snbstantia-

136 1398 197 1462 lem
220 1421 289 1465 esse
311 1421 424 1486 perse
447 1400 572 1485 aliquid
597 1403 761 1498 simplex,
785 1423 822 1468 aa
845 1399 1045 1466 indivisibile
1060 1401 1084 1476 ²,
1111 1397 1209 1464 nihii-

134 1501 197 1564 qne
218 1481 294 1546 huic
318 1483 366 1545 rei
390 1481 532 1558 obstare,
554 1483 640 1568 quod
664 1504 733 1580 ipsa
756 1487 798 1550 sit
812 1494 943 1550 extensa
960 1484 993 1547 in
1007 1482 1209 1566 corporibus

136 1562 310 1639 inanimis,
333 1574 365 1628 et
383 1563 560 1630 divisibilis
579 1567 802 1710 conspiciatur
816 1567 850 1630 in
867 1566 998 1650 piantiS,
1022 1586 1060 1628 ac
1080 1566 1210 1628 anima-

135 1642 221 1709 libus
243 1644 468 1729 imperiectis3
491 1648 570 1730 quia
593 1648 627 1710 in
650 1649 659 1710 i
678 1647 717 1713 iis
739 1670 801 1712 non
827 1660 875 1711 est
898 1657 1047 1722 extensa,
1068 1659 1101 1712 et
1124 1646 1210 1711 divi-

133 1723 241 1790 sibiiis
263 1746 321 1811 per
342 1747 400 1802 se,
422 1727 479 1792 sed
501 1737 599 1814 prout
628 1741 777 1794 concreta
802 1739 851 1794 est
872 1731 906 1793 ia
930 1729 1089 1806 materia,
1112 1739 1146 1794 et
1173 1729 1208 1792 in

133 1805 183 1870 his
204 1818 253 1873 est
273 1808 450 1874 divisibilis
473 1831 530 1896 per
553 1809 704 1875 accidens
720 1813 743 1874 ⁸.
768 1811 861 1886 lam,
883 1810 909 1875 si
932 1809 991 1874 hoc
1016 1831 1133 1876 verum
1156 1825 1210 1876 est

133 1887 173 1953 de
196 1889 311 1955 formis
333 1911 467 1968 rerum,
490 1913 574 1977 quae
606 1903 683 1958 111111
707 1892 881 1958 inferiores
902 1891 1010 1956 anima
1038 1893 1209 1968 hamana,

133 1972 254 2055 potiori
277 1973 348 2037 iure
371 1994 486 2039 veruna
518 1994 587 2039 esse
620 1973 715 2041 debet
742 1974 782 2039 de
811 1973 882 2059 ipsa
910 1974 1016 2037 anima
1039 1973 1207 2043 humana.

132 2073 216 2136 quae
239 2075 302 2119 non
325 2056 430 2119 solnm
452 2077 516 2120 non
538 2067 586 2122 est
607 2055 712 2122 forma
734 2066 884 2122 concreta
907 2057 940 2119 in
963 2055 1111 2132 materia,
1134 2056 1208 2128 sed,

132 2134 175 2198 ob
198 2137 346 2215 rationis,
369 2159 434 2234 qua
457 2136 569 2224 pollet,
591 2139 760 2216 virtutem,
785 2148 937 2202 naturam
960 2138 1115 2202 materiae
1136 2137 1207 2202 lon·

133 2239 172 2314 ge
195 2218 454 2304 supergreditur,
477 2221 745 2306 operationesque
766 2219 882 2298 habet,
905 2239 986 2304 quas
1008 2221 1077 2282 sine
1102 2229 1209 2285 mate·

131 2321 202 2364 riae
224 2322 243 2365 o
267 2322 285 2365 e
306 2314 447 2369 exercet.

171 2384 223 2448 26.
246 2322 421 2450 ideminem
455 2405 533 2448 vero
559 2382 641 2448 iilud
665 2393 817 2460 moveat,
845 2379 932 2479 quod
957 2383 1065 2447 anima
1086 2385 1208 2467 nequit

132 2483 191 2528 ease
212 2487 307 2532 suum
329 2486 405 2532 cum
427 2487 484 2532 cor
506 2487 562 2532 ore
585 2467 841 2541 communicare,
865 2466 929 2530 msi
950 2485 1073 2540 unum,
1099 2463 1208 2529 idem-

131 2567 195 2630 que
218 2570 293 2613 cum
315 2567 451 2634 corpore
474 2485 540 2614 dai.
569 2547 700 2613 Etenim
725 2549 758 2610 in
781 2548 909 2634 primis,
932 2547 1053 2619 anima,
1076 2557 1114 2612 ut
1137 2548 1207 2611 iam

132 2629 372 2710 adnotavimus,
395 2653 458 2695 non
478 2630 699 2695 communicat
713 2629 778 2694 vim
794 2649 887 2692 suam
902 2625 1110 2711 intelligendi
1126 2649 1208 2694 cum

131 2732 278 2798 corpore,
302 2732 339 2776 ac
361 2712 511 2799 proinde,
534 2723 632 2798 prout
653 2719 702 2776 est
723 2710 915 2789 rationalis,
939 2731 1004 2774 non
1025 2707 1061 2773 aa
1082 2730 1209 2788 unam,

131 2792 283 2879 idemque
305 2814 381 2860 cum
404 2815 540 2880 corpore
554 2797 580 2859 ⁴.
602 2795 789 2869 Praeterea,
804 2793 864 2858 etsi
879 2793 999 2868 anima,
1016 2803 1115 2877 prout
1130 2815 1212 2858 cor-

130 2895 192 2972 pus
214 2876 381 2954 informat,
404 2899 465 2943 esse
478 2897 574 2941 suum
589 2896 664 2941 cum
679 2895 817 2961 corpore
840 2875 1070 2949 communicet,
1091 2883 1212 2941 tamen

130 2978 203 3042 apsa
224 2957 260 3025 fit
281 2981 405 3036 nnana,
429 2958 582 3044 idemque
610 2978 684 3025 oum
712 2977 871 3043 corpore,
895 2975 959 3020 non
978 2965 1145 3103 quatenus
1171 2957 1213 3024 fit

128 3059 260 3126 corpus,
284 3043 352 3107 sive
374 3041 502 3129 aliquid
517 3039 697 3118 materiale,
714 3038 770 3105 sed
785 3048 976 3138 quatenuse
1001 3047 1108 3103 armat
1130 3060 1211 3105 cor-

165 3270 173 3306 ¹
196 3265 232 3320 Cf
247 3283 274 3333 p.
297 3270 358 3330 191,
379 3273 435 3318 not.
456 3265 536 3318 6.-²
555 3262 733 3330 (1161111111,
752 3284 779 3321 c.
795 3265 829 3331 V,
849 3283 876 3322 1.
896 3271 914 3321 d
946 3285 972 3335 p.
998 3271 1046 3323 139
1067 3286 1111 3338 sq.

165 3342 177 3376 ³
197 3336 233 3392 Cr
248 3343 323 3402 11111,
343 3356 370 3404 p.
394 3339 521 3391 1111-111.

165 3409 177 3447 ⁴
199 3431 210 3457 ι
227 3411 352 3475 Quamvis
370 3413 405 3463 111
422 3425 505 3462 unum
526 3424 584 3462 1111
603 3411 706 3464 formae
719 3417 746 3464 ot
759 3415 899 3476 materiae,
915 3430 966 3468 non
980 3419 1069 3468 tamea
1082 3425 1210 3483 oportet,

129 3483 201 3544 qaod
220 3486 329 3534 materia
350 3497 455 3546 semper
473 3483 604 3547 adaequet
623 3497 680 3534 esse
698 3486 816 3548 formae,
829 3489 913 3538 immo
932 3495 1031 3554 quanto
1051 3487 1142 3542 forma
1164 3501 1211 3545 est

129 3553 252 3673 quiqipr,
274 3559 347 3676 tapqo
368 3558 394 3606 tn
413 3569 460 3606 sao
480 3569 538 3606 1111
558 3568 664 3620 semper
681 3559 785 3611 excedit
805 3562 944 3612 materiam
956 3581 987 3622 11
1002 3565 1090 3614 contr.
1114 3565 1210 3626 Garat„

130 3685 134 3695 .
172 3657 180 3672 ⁹
226 3637 281 3681 ’θ’
340 3661 347 3674 ”
