2475 3909
139 126 179 192 to
542 141 727 194 cunctosin

137 226 189 293 13.
214 224 373 291 Probatur
395 222 431 287 2¹
453 244 539 309 pars.
564 226 713 291 Esseutia
733 228 783 292 rei
805 227 1015 294 constituitur
1034 246 1076 292 ex
1097 246 1168 293 oin·

97 307 195 374 nibus
217 307 282 384 iis,
302 303 423 391 quihus
450 326 502 370 res
523 305 651 383 estid,
674 308 763 391 quod
783 319 843 375 est.
868 310 979 395 Ergo,
1001 309 1168 377 subtracta

97 390 148 456 vel
170 390 307 455 minimo
327 408 452 463 eorum,
475 386 596 471 quibus
617 410 670 452 res
690 400 738 455 est
760 390 810 468 id,
832 392 918 477 quod
940 402 1004 468 est,
1026 392 1169 457 essentia

96 475 146 538 rei
170 480 281 559 pereat
308 489 436 566 necesse
457 480 514 534 est.
539 470 625 535 ilinc
649 472 841 538 Scholastici
867 475 1032 569 sapienter
1058 470 1169 538 decie-

99 566 214 620 rerunt
227 561 381 617 essentias
403 570 513 616 rerum
535 554 710 619 consistere
734 556 769 619 in
783 555 989 634 indivisibili,
1004 567 1037 621 et
1051 576 1167 619 nume-

97 657 210 702 rorum
233 635 334 700 instar
355 654 389 698 se
411 630 550 711 habere,
577 635 656 719 quia
682 636 708 699 si
729 658 771 702 ex
806 658 942 703 numero
974 636 1025 703 vel
1056 637 1166 702 unitas

97 728 223 783 tantum
244 714 463 791 subtrahatur,
486 736 550 779 non
573 729 682 783 manet
703 717 789 785 idem
813 722 924 804 speeie
946 737 1112 783 numerus.

138 800 190 864 tt.
214 799 278 863 Pro
304 845 311 861 .
333 796 381 861 2⁸.
405 799 493 863 luter
505 798 678 875 essentiam,
693 811 784 886 atque
798 800 996 866 emittentium
1009 798 1104 864 realis
1118 797 1171 862 di·

99 881 229 946 stinctio
291 878 442 942 mittenda
462 881 543 959 est¹,

140 962 301 1029 Probatur
327 973 439 1025 contra
461 959 529 1026 lere
549 982 664 1026 omnes
690 973 832 1029 recentes
859 964 988 1028 Philoso
1010 962 1068 1027 lios
1082 962 1108 1024 ¹.
1132 962 1168 1027 Si

97 1045 274 1111 existentia
294 1062 419 1136 unum,
443 1041 594 1128 idemque
615 1055 699 1110 esset
719 1066 795 1109 cum
816 1047 974 1123 essentia,
990 984 1076 1109 baec
1097 1043 1168 1108 sine

99 1127 155 1201 illa
178 1124 316 1218 intelligi
341 1144 403 1187 non
427 1133 542 1209 posset,
557 1129 637 1209 quia
657 1129 808 1204 essentia,
830 1137 867 1194 ut
887 1125 1044 1203 diximus,
1065 1125 1171 1190 oonsi-

100 1210 156 1274 stit
176 1208 213 1271 in
233 1204 450 1283 indivisibili,
473 1227 510 1271 ac
533 1207 670 1291 proinde
692 1229 755 1273 non
778 1216 884 1292 potest
913 1207 1076 1293 intelligi,
1103 1207 1167 1271 uisi

100 1290 225 1365 omnia,
249 1308 330 1372 quae
352 1286 393 1352 ad
415 1308 485 1352 eam
507 1300 669 1372 spectant,
693 1290 928 1375 intelligantur.
951 1288 1052 1373 Atqui
1075 1286 1169 1352 indu-

99 1372 192 1436 bium
208 1378 256 1435 est
276 1389 334 1434 nos
356 1389 449 1455 posse
472 1368 654 1455 intelligere
667 1375 840 1437 essentiam
854 1371 995 1436 alicuius
1010 1368 1072 1447 rei,
1087 1370 1168 1453 quin

99 1456 203 1539 ipsam
227 1452 260 1516 in
282 1470 392 1515 rernm
415 1461 530 1517 natura
555 1453 698 1520 existere
727 1452 830 1520 intelli
856 1473 949 1517 amus
963 1452 987 1515 ⁸.
1009 1452 1099 1536 Ergo
1120 1471 1170 1513 es·

100 1537 216 1611 sentia,
238 1544 269 1600 et
290 1533 461 1597 existentia
484 1553 546 1596 non
568 1547 643 1599 sunt
665 1555 785 1610 unam,
808 1536 819 1599 i
844 1554 978 1619 amque,
1000 1530 1057 1596 sed
1078 1531 1169 1596 alind

100 1631 150 1683 est
170 1615 322 1691 essentia,
345 1613 435 1679 aliud
458 1634 535 1678 vero
558 1616 745 1682 existentia.

141 1700 192 1765 15.
216 1698 400 1773 Praeterea,
416 1697 444 1761 si
458 1695 634 1763 existentia
649 1699 683 1763 in
697 1696 796 1763 rebus
817 1696 935 1763 creatis
956 1705 1041 1761 esset
1052 1715 1170 1771 unum,

101 1780 255 1865 idemque
281 1798 355 1841 eum
387 1777 549 1856 essentia,
573 1800 626 1845 res
647 1788 772 1845 creatas
798 1798 858 1926 ger
884 1799 977 1845 suain
996 1776 1171 1841 essentiam

102 1864 243 1928 existere
265 1858 439 1925 dicendum
462 1856 558 1925 soret.
582 1862 685 1945 Atqui
704 1861 766 1926 hoc
787 1883 807 1925 a
831 1860 966 1926 surdum
987 1868 1058 1935 est;
1081 1877 1170 1934 nam,

102 1966 177 2009 curii
200 1964 251 2009 res
273 1952 401 2009 creatae
424 1961 488 2005 non
510 1940 652 2009 existant
673 1964 691 2006 a
713 1962 758 2019 se,
773 1942 830 2008 sed
852 1964 870 2007 a
893 1941 962 2006 Deo
976 1938 1016 2005 ad
1031 1939 1174 2004 existen-

101 2029 182 2092 tiam
206 2024 439 2110 perducantur,
462 2024 647 2091 existentia
668 2044 734 2089 non
755 2024 988 2099 essentialiter,
1010 2031 1044 2087 et
1064 2040 1175 2085 ueces-

102 2109 201 2183 sario,
225 2106 280 2170 sed
305 2115 428 2171 tantum
452 2103 696 2172 accidentaliter
716 2117 750 2170 et
769 2107 995 2191 contingenter
1016 2102 1083 2167 illis
1097 2122 1174 2167 oon-

102 2191 215 2255 renire
237 2196 353 2284 potest.
377 2187 464 2268 Ergo
486 2190 625 2252 essentia
650 2186 691 2252 ab
712 2188 885 2255 existentia
908 2188 941 2251 in
962 2184 1062 2251 rebus
1081 2204 1174 2250 crea-

102 2273 146 2337 tis
167 2272 299 2336 realiter
319 2266 417 2333 distin
442 2279 539 2333 natur
559 2290 689 2334 necesse
710 2270 797 2334 est⁴.

145 2354 195 2419 to.
220 2352 316 2434 Prop.
339 2348 386 2417 3⁸.
411 2286 572 2414 bissulae
593 2371 717 2427 rerum,
735 2360 833 2434 prout
854 2361 928 2413 sunt
950 2347 986 2411 in
1007 2346 1174 2414 intellectu

105 2436 236 2511 Divina,
260 2443 334 2497 sunt
355 2442 505 2509 aeternae,
526 2433 712 2497 necessariae
733 2442 761 2496 et
781 2429 1001 2497 immutabiles.

148 2517 314 2581 Probatur.
339 2516 504 2580 Essentiae
530 2534 660 2591 rerum,
683 2526 781 2601 prout
806 2510 1032 2579 inintellecta
1053 2510 1175 2575 Divino

105 2610 203 2677 sunt,
227 2601 316 2682 ipsae
338 2594 434 2662 ideae
462 2596 581 2663 Mentis
607 2594 747 2662 Divinae
772 2606 868 2673 suut,
891 2592 1068 2660 secundum
1091 2612 1175 2677 quas

105 2680 194 2746 Deus
208 2702 258 2745 res
275 2681 307 2745 iii
324 2678 464 2767 propriis
484 2698 597 2745 earum
612 2678 788 2746 rationibus
802 2678 894 2744 norit
912 2677 936 2740 ⁸.
953 2673 1052 2760 Atqui
1067 2673 1174 2749 ideae,

144 2886 154 2923 1
175 2884 201 2935 ld
220 2898 326 2947 quoqne
346 2884 378 2933 sd
399 2896 440 2933 res
459 2888 562 2933 creatas
582 2888 687 2933 tantuin
708 2888 821 2947 spectum
841 2886 868 2935 iu
889 2884 943 2937 ileo
961 2888 1044 2945 enini,
1063 2887 1098 2937 ob
1117 2886 1179 2935 inli-

106 2963 190 3011 nitsm
210 2952 271 3007 iiius
289 2956 508 3018 simplicitatum,
528 2958 617 3006 ouin²a
638 2969 741 3015 unuin,
765 2957 888 3021 idemque
906 2972 965 3010 essa
983 2960 1075 3010 nullas
1094 2972 1180 3009 sinae

107 3028 562 3167 [Ἧμὲιρῗίιὲᾛξώέιῦ1112111111.
583 3100 665 3158 Pto,
686 3100 786 3158 ortui..
805 3116 831 3152 c.
853 3100 874 3161 i,
895 3098 988 3153 Thetis
1007 3099 1056 3171 111)
1074 3102 1182 3165 opinio-

108 3192 169 3229 nem
190 3189 212 3225 s.
226 3168 355 3231 Thomas,
374 3185 455 3236 quam
475 3185 521 3221 nos
540 3178 658 3230 tuemur,
678 3172 806 3222 euidenter
823 3174 921 3237 [auam
938 3175 1067 3240 appellat.
1081 3169 1118 3225 Gt
1132 3188 1180 3234 ea,

107 3263 177 3315 quae
197 3249 228 3297 de
249 3247 298 3295 tiae
317 3258 345 3295 se
364 3246 469 3307 scripsit
488 3240 549 3295 Em.
569 3240 695 3307 ligitare,
715 3245 823 3296 summu
842 3244 1060 3307 Ptsi'los..rol.1,
1076 3248 1181 3307 amat,

108 3322 154 3373 lib.
177 3318 210 3377 tt,
231 3332 256 3369 c.
279 3317 298 3375 1,
320 3324 335 3377 s
354 3314 413 3375 Vll,
434 3330 461 3379 p.
481 3314 545 3375 296,
566 3310 664 3365 llomae
688 3316 765 3366 isto.

145 3394 157 3429 ³
179 3412 188 3436 ι
206 3392 359 3448 Possumus,
374 3390 412 3438 ait
424 3402 447 3439 s.
461 3384 587 3449 Thomas,
602 3386 749 3451 intelligere
762 3389 824 3452 qnid
836 3394 878 3440 est
890 3391 981 3450 hamo,
996 3392 1038 3440 rei
1051 3390 1182 3455 phoenix,

109 3473 137 3517 et
156 3470 246 3514 tumen
265 3464 405 3525 ignorare,
431 3474 464 3511 in
488 3474 545 3510 esse
570 3459 668 3509 habeat
692 3461 718 3509 in
742 3474 832 3511 rerum
851 3468 947 3513 natura
969 3483 995 3518 »s
1015 3466 1055 3515 lte
1072 3464 1140 3515 aaa
1159 3471 1185 3513 et

108 3540 215 3593 essent„
229 3548 255 3584 ο.
276 3535 303 3584 5.
325 3560 359 3571 -
379 3530 390 3569 ⁶
409 3536 496 3585 Conlr.
519 3534 605 3587 linit..
627 3531 674 3580 lib.
694 3529 727 3588 ll,
748 3547 774 3581 c.
795 3533 841 3594 51,
861 3548 889 3584 ιι.
912 3538 937 3586 l.

146 3612 158 3648 ὃ
178 3600 213 3662 (31
229 3620 251 3656 i.
273 3607 354 3687 Aug,
373 3601 430 3655 tis.
452 3608 500 3671 Qq.
524 3606 665 3665 cxxxiii,
685 3618 713 3668 q.
733 3600 827 3657 tivi.
