2475 3909
543 135 724 185 onronncra
1093 118 1134 184 43

152 216 318 283 Probatur.
341 218 374 284 Si
398 216 501 295 illud,
529 221 614 306 quod
648 222 682 286 iu
704 219 802 288 rebus
834 220 935 285 veluti
962 220 1197 287 substantiam

111 303 338 386 concipimus,
362 302 509 367 nonnisi
533 304 726 386 qualitatum
747 301 928 388 complexio
951 312 1045 380 esset,
1069 289 1175 388 quali*-

111 393 206 458 tates,
226 382 277 445 vel
297 380 487 466 qualitatum
514 386 698 469 complexio
719 383 879 450 eiusmodi
901 395 1017 461 essent,
1044 395 1081 452 ut
1100 384 1177 449 sub-

113 466 250 539 iectum,
273 465 325 527 cui
356 465 551 542 inhaereant,
573 468 659 531 baud
686 466 940 553 expostularent.
963 467 1063 550 Atqui
1084 468 1175 532 notio

111 558 182 611 tum
195 545 374 629 qualitatis,
398 558 465 613 tum
486 549 681 632 qualitatum
702 548 948 636 complexionis,
961 568 1044 631 quae
1060 559 1174 613 natura

112 648 254 693 sunnon
276 628 457 713 expostulat
483 630 690 706 subiectum,
718 631 772 695 cui
800 630 986 707 inhaereat,
1012 632 1175 716 seipsam

113 710 273 784 destruit3
297 730 371 773 nam
396 712 569 795 qualitates
599 712 718 778 habent
743 733 806 777 esse
828 711 1051 787 accidentale,
1073 711 1119 777 ita
1141 721 1176 775 ut

113 812 171 857 eae
194 811 256 855 non
279 790 427 858 dicantur
446 816 520 872 esse,
535 794 590 860 sed
612 796 709 859 inesse
731 794 754 871 ¹3
775 814 812 858 ac
835 792 969 877 proinde
996 794 1176 858 necessario

113 873 305 949 subiectum,
329 875 381 938 cni
405 877 602 953 inhaereant,
628 876 833 961 expostulant
846 880 870 939 ².
886 877 973 960 Ergo
998 877 1087 939 notio
1103 874 1179 941 sub-

114 958 250 1022 stantiae
272 978 290 1020 a
312 958 436 1023 Lockio
459 959 576 1025 tradita
597 957 738 1024 absurda
759 966 818 1023 est.

156 1038 225 1102 122.
241 1038 355 1123 Neque
376 1041 547 1125 qualitates
562 1063 604 1106 ex
618 1043 689 1126 ipsa
710 1040 761 1104 sui
782 1037 1006 1124 complexione
1027 1039 1095 1104 vim
1109 1039 1178 1103 exi·

115 1118 218 1186 stendi
243 1120 274 1185 in
296 1140 342 1199 se,
359 1144 473 1208 nempe
496 1124 563 1188 sine
586 1122 747 1199 subiecta,
768 1122 917 1206 accipere
941 1130 1082 1204 possunt.
1105 1121 1179 1186 Ete-

116 1203 196 1277 nim,
219 1204 246 1267 si
269 1206 408 1285 qualitas
429 1206 626 1281 subiectum,
642 1204 681 1269 ad
703 1202 791 1289 quod
814 1202 971 1277 refertur,
993 1210 1106 1267 natura
1120 1223 1179 1266 sua

116 1286 242 1431 exipim
272 1284 305 1348 id
333 1288 451 1369 potiori
483 1290 557 1353 iure
584 1285 623 1350 de
655 1285 880 1371 complexione
911 1282 1105 1369 qualitatum
1131 1283 1178 1348 di-

115 1386 175 1431 cen
200 1388 254 1431 um
277 1368 349 1431 erit.
365 1368 506 1445 adhaec,
525 1367 710 1451 complexio
730 1366 925 1454 qualitatum
945 1368 1015 1431 sine
1037 1364 1178 1451 quodam

116 1450 282 1513 communi
305 1450 445 1528 vinculo,
461 1472 520 1538 per
534 1452 620 1537 quod
643 1452 677 1515 in
698 1470 732 1514 se
754 1469 822 1514 esse
844 1448 958 1533 possit,
973 1449 1109 1532 cogitari
1126 1469 1180 1512 ne-

116 1532 201 1616 quit.
224 1533 324 1616 Atqm
345 1534 404 1598 hoc
425 1554 594 1599 commune
616 1530 785 1599 vinculum
805 1552 869 1596 nou
891 1532 925 1596 in
948 1528 1071 1616 aliquo,
1093 1528 1179 1615 quod

115 1614 216 1679 etiam
237 1612 374 1697 qualitas
394 1617 447 1691 sit,
463 1615 517 1680 sed
538 1618 572 1681 in
593 1616 704 1702 aliquo
726 1634 745 1678 a
765 1614 919 1700 qualitate
940 1612 1071 1678 diverso
1092 1613 1182 1677 inve·

116 1692 274 1760 niendum
295 1704 364 1771 est;
389 1699 489 1782 qnia,
510 1718 584 1762 cum
606 1696 746 1783 qualitas
766 1695 916 1761 accidens
936 1695 993 1771 sit,
1015 1692 1095 1758 illud
1116 1694 1182 1759 elii·

117 1796 191 1841 cere
214 1796 278 1841 nou
299 1788 414 1864 potest,
429 1790 465 1845 ut
486 1779 669 1864 complexio
688 1779 881 1863 qualitatum
903 1777 937 1841 in
956 1796 990 1842 se
1005 1796 1074 1839 esse
1094 1774 1182 1840 dica·

117 1869 174 1925 tur
186 1860 210 1922 ⁸.
234 1860 322 1945 Ergo
348 1861 530 1946 complexio
560 1862 754 1946 qualitatum
786 1857 912 1944 aliquid
933 1878 952 1922 a
971 1855 1183 1943 qualitatibus

118 1940 308 2087 diversnrp,
330 1963 348 2006 a
370 1962 435 2027 quo
461 1945 680 2020 sustineatur,
702 1961 818 2027 nempe
842 1938 972 2026 aliquod
999 1937 1183 2006 subiectum

119 2044 161 2089 ex
185 2034 312 2089 estuat.

162 2044 230 2171 itt.
256 2108 305 2171 Ex
325 2104 375 2168 his
397 2104 562 2191 colligitur
582 2105 748 2171 notionem
768 2101 923 2178 subiecti,
946 2111 1012 2168 tam
1079 2122 1112 2167 m
1132 2098 1184 2165 di·

119 2190 208 2254 versi
229 2210 248 2252 a
268 2186 490 2273 qualitatibus,
514 2208 588 2253 nem
612 2185 853 2261 esubstautiae,
875 2205 946 2251 esse
967 2204 1023 2248 rea
1037 2204 1105 2260 em,
1119 2204 1182 2248 non

121 2290 210 2415 verpi,
226 2267 499 2354 quemadmodum
514 2271 583 2355 ipse
645 2268 740 2333 cirins
753 2267 936 2345 blateravit,
953 2276 1081 2331 nostrae
1096 2285 1185 2330 men-

121 2354 165 2417 tis
263 2364 385 2418 ectum.

226 2435 353 2518 .Prop.
374 2430 423 2496 2⁸.
447 2434 488 2499 ln
506 2434 627 2497 notiore
652 2430 837 2497 substantioe
863 2429 1009 2496 trudendo
1035 2425 1187 2512 turpissi-

121 2534 171 2578 mc
191 2516 308 2580 mouit
327 2515 478 2597 Spinosu,
497 2516 587 2579 cuins
609 2514 728 2578 iudicio
749 2537 767 2575 «
786 2534 845 2597 per
866 2512 1071 2577 substantiam
1094 2510 1186 2573 intel-

122 2598 233 2694 lipitur
255 2598 300 2670 id,
319 2598 398 2681 quod
419 2597 454 2659 in
474 2616 504 2659 sc
524 2608 577 2672 cst,
599 2608 627 2659 ct
643 2614 702 2680 por
722 2616 751 2657 sc
773 2595 959 2678 concipitnr3
982 2592 1038 2656 doc
1059 2601 1116 2667 est,
1139 2591 1185 2665 id,

122 2700 214 2777 curus
228 2690 400 2825 dqobrueptus
424 2700 485 2743 aon
498 2678 614 2767 indiqet
635 2685 781 2763 concepta
793 2676 923 2741 ulterius
941 2674 1000 2752 rei,
1016 2697 1036 2738 u
1049 2694 1108 2759 quo
1121 2673 1187 2756 for·

121 2773 334 2909 moppobmpqt·
358 2784 397 2911 Si
414 2841 593 2907 substantia
614 2838 740 2908 dicatur
761 2838 807 2916 id,
829 2837 916 2925 quod
939 2836 972 2902 iu
995 2859 1029 2902 se
1049 2848 1109 2915 est,
1124 2856 1189 2901 esse

124 2928 292 3002 arsemina,
314 2936 346 2993 et
366 2946 428 2990 esse
449 2924 651 2998 existentiae,
672 2922 721 2988 uti
747 2931 840 2988 antea
869 2919 1115 2997 adnotavimus,
1139 2917 1190 2982 di-

125 3011 247 3095 stingui
268 3010 301 3076 in
324 3030 363 3074 ea
391 3029 453 3073 non
475 3014 604 3092 possent
618 3008 655 3081 ⁵,
678 3025 716 3069 ac
736 3001 875 3088 proinde
902 3000 1082 3069 substantia
1103 3002 1191 3066 eius-

164 3185 173 3221 ¹
196 3177 230 3233 Ct
244 3196 267 3232 s.
283 3176 394 3237 Bonam,
408 3181 439 3229 In
451 3178 497 3228 tu.
513 3178 645 3232 rusam„
665 3171 732 3223 litat.
745 3169 808 3227 tn.
827 3186 855 3233 p.
872 3171 897 3230 l,
917 3184 944 3220 a.
960 3170 986 3228 l,
1005 3164 1060 3230 q.l
1078 3168 1114 3218 ud
1131 3182 1190 3233 aaa.

163 3256 177 3293 ²
195 3251 231 3305 Gt
244 3268 268 3304 s.
290 3251 370 3316 nug..
390 3251 511 3315 Soltloq„
532 3250 577 3299 lib.
599 3246 633 3304 ll,
653 3261 679 3295 c.
703 3246 745 3302 13,
765 3259 793 3295 u.
813 3242 859 3295 23.

163 3327 176 3365 ³
195 3322 232 3377 ct
245 3340 269 3377 s.
289 3321 395 3380 Tuom..
416 3325 463 3387 Oq.
484 3324 582 3384 dtapp„
602 3323 642 3372 Da
664 3318 769 3376 Virtut„
789 3330 817 3379 q.
838 3313 859 3373 l,
879 3329 905 3363 a.
925 3313 942 3363 3
960 3310 994 3363 ad
1015 3311 1041 3359 7.

164 3397 177 3437 ὅ
195 3400 290 3456 litato..
303 3403 371 3459 part.
384 3395 405 3456 l,
418 3395 471 3446 dat.
484 3394 511 3444 3.
526 3392 599 3444 llano
612 3391 791 3455 optandarum
802 3388 936 3438 cottonem
948 3382 1109 3435 substanttaa
1122 3376 1193 3434 Cou-

131 3473 215 3525 slutua
234 3472 284 3521 hac
303 3474 389 3519 nostra
409 3472 496 3517 aetate
509 3466 646 3527 amplexus
658 3468 709 3519 aaa
724 3462 864 3524 naamam
874 3466 940 3516 cto..
955 3452 1025 3507 Prot.
1039 3452 1055 3503 a
1068 3454 1093 3505 la
1108 3455 1136 3505 Ρ
1147 3455 1191 3505 ad.

168 3546 181 3582 ⁵
200 3541 271 3594 llaec
291 3542 424 3593 distinctio
442 3541 511 3590 tuter
529 3552 584 3589 aare
601 3538 734 3593 erumnae,
747 3538 776 3584 ct
793 3546 848 3581 erae
865 3532 1013 3581 existentiae
1030 3526 1069 3577 illl
1087 3540 1195 3590 reapon-

131 3618 186 3679 dst,
205 3628 286 3685 quam
305 3627 328 3665 s.
349 3608 462 3669 Thomas
481 3611 549 3664 luter
568 3623 640 3669 ram,
660 3612 687 3663 ct
706 3620 752 3662 snt
769 3604 903 3675 agnoscito
925 3620 937 3650 a
959 3599 1016 3657 lico
1034 3610 1132 3655 nomeu
1149 3612 1192 3653 rea
