2475 3909
175 140 236 205 3to
465 155 650 203 mnonoors
674 154 865 204 servanus

175 264 228 330 50.
250 259 339 328 Idem
361 258 400 324 de
422 259 607 327 recentibus
635 258 853 328 materialistis
869 262 894 339 ¹,
909 262 967 347 qui
981 262 1021 325 aii
1035 262 1181 327 attractio

135 366 176 411 ne
190 346 346 412 materiae
367 344 464 407 insita
484 343 632 407 ordinem
657 342 770 408 mundi
793 353 956 429 repetunt,
972 343 1104 411 dicatur.
1120 345 1181 409 ure

135 430 215 506 nim,
231 426 371 492 admissa
386 425 453 490 sola
468 427 624 492 materiae
647 428 840 492 attractione
864 428 932 491 sine
954 426 1033 503 lieo,
1054 438 1181 513 praeter

133 532 232 595 quum
253 507 466 595 quodneque
489 508 594 593 ipsius
616 508 830 586 attractionis,
851 529 956 594 neque
978 512 1182 585 materiamen

133 613 201 677 qua
221 611 358 677 corpora
380 588 517 654 conflata
539 600 639 663 sunt,
661 590 755 673 origo
776 588 936 675 explicari
958 603 1078 676 posset,
1099 604 1182 657 attra-

132 676 203 740 ctio
228 675 282 739 iila
309 693 406 738 unam
434 673 588 736 materiae
618 672 862 748 inordinatam,
884 682 918 739 et
938 673 1182 740 confusissimum

135 778 287 833 massam,
309 776 372 820 non
393 775 471 819 vero
492 762 551 829 tot,
575 765 727 839 tantaque
750 775 886 839 corpore
908 755 1006 833 mole,
1027 756 1139 830 forma,
1157 770 1182 819 et

134 838 239 923 ligura
254 860 272 903 a
287 858 320 903 se
343 837 482 901 invicem
503 834 656 901 distincta
678 845 711 899 et
733 838 890 901 accuratis
913 836 1073 903 distantiis
1093 841 1182 903 seion-

132 934 207 999 cta,
230 943 270 986 ex
292 918 411 1005 quihus
431 916 526 982 istius
547 917 692 981 universi
717 930 865 984 venustas
886 921 1111 997 constituitur,
1131 921 1181 985 effi·

132 1024 207 1068 cere
228 1001 396 1088 potuisset.
419 1001 559 1085 Egregie
587 1008 757 1083 propterea
786 1000 830 1066 ita
859 1001 937 1065 oiim
967 1003 1098 1087 scripsit
1118 1005 1182 1068 une

133 1087 214 1150 tius:
237 1108 255 1146 u
278 1082 421 1149 Mundus
442 1082 494 1146 hic
516 1102 558 1145 ex
579 1088 644 1145 tam
667 1079 820 1158 diversis,
842 1085 1079 1169 contrariisque
1101 1088 1183 1171 parti·

133 1166 251 1233 busin
274 1186 371 1230 unam
398 1163 537 1229 formam
560 1164 694 1227 minime
717 1166 933 1243 convenisset,
956 1168 1020 1231 nisi
1041 1184 1124 1233 unus
1146 1188 1182 1231 es

131 1259 194 1325 set,
216 1250 274 1345 qui
297 1257 362 1312 tam
386 1246 515 1312 diversa
536 1246 759 1329 coniungeret3
780 1248 953 1315 coniuncta
972 1269 1051 1316 vero
1073 1261 1182 1318 natura·

133 1353 208 1398 rum
223 1350 293 1417 rpsa
315 1328 486 1395 diversitas
507 1328 645 1392 invicem
667 1324 793 1393 discors
814 1327 1014 1405 dissociaret,
1034 1343 1129 1417 atque
1147 1332 1183 1397 di·

132 1413 278 1488 velleret,
295 1412 359 1476 nisi
374 1432 458 1476 unus
479 1422 575 1483 esset,
589 1410 661 1495 (tui,
677 1409 765 1493 quod
779 1413 904 1489 nexuit,
920 1414 1181 1483 continerentur
1215 1440 1216 1495 ῃ

132 1506 198 1563 um
219 1508 325 1560 certus
351 1505 485 1560 naturae
512 1491 592 1557 ordo
616 1493 831 1575 procederet,
854 1515 912 1559 nec
934 1504 1000 1563 mm
1026 1495 1183 1582 dispositos
1215 1498 1216 1569 i

131 1587 250 1655 motus,
273 1576 371 1653 iocis,
392 1573 608 1662 temporibus,
630 1574 818 1652 efficientia,
840 1579 964 1661 spatiis,
986 1579 1182 1662 qualitatibus

130 1659 328 1746 explicaret,
354 1658 415 1723 nisi
439 1678 521 1721 uuus
541 1665 642 1733 esset,
664 1658 723 1741 qui
745 1657 801 1722 has
822 1660 1037 1725 mutationum
1063 1665 1183 1728 variett·

131 1750 181 1812 tes
202 1762 335 1809 manens
357 1741 426 1827 ipse
448 1739 660 1827 disponeret²
678 1761 706 1803 n.

416 1868 483 1922 dur.
495 1868 542 1922 Vi.
555 1867 636 1920 -lie
655 1876 812 1934 argomento
831 1870 924 1921 morati

171 1980 223 2046 51.
247 1978 381 2046 Accedit
412 1979 544 2044 tertium
576 1988 828 2063 argumentum,
855 1980 942 2064 qnod
964 2001 1005 2045 ex
1028 1992 1180 2070 perpetuo,

130 2064 288 2127 constanti
314 2084 355 2126 ue
374 2062 521 2125 omnium
544 2059 738 2206 populorum
760 2081 914 2127 consensu
938 2066 1079 2147 petitur,
1100 2064 1181 2150 quod-
1215 2120 1216 2123 ,

130 2155 196 2229 que
216 2165 285 2208 mor
317 2167 331 2209 e
354 2144 473 2230 passim
499 2162 581 2228 appe
598 2142 696 2217 latur,
719 2152 817 2228 atque
839 2146 882 2211 ita
905 2148 1102 2231 exponitur:
1122 2148 1181 2213 On
1215 2150 1216 2155 ’

131 2247 190 2292 nes
210 2236 278 2293 tum
299 2236 438 2300 veteres,
454 2233 522 2289 tum
537 2236 683 2291 recentes
705 2237 812 2309 gentes
835 2228 869 2290 in
892 2226 924 2292 id
948 2240 1106 2313 perpetuo
1123 2250 1181 2294 eor

129 2318 312 2385 senserunt,
333 2319 371 2373 ut
391 2327 579 2455 supremum
600 2306 733 2392 aliquod
762 2308 887 2373 Numen
912 2308 1128 2379 admitterent.
1141 2314 1181 2373 tt·

129 2393 189 2477 qui
203 2393 264 2458 hoc
285 2392 478 2463 uniuersae,
499 2398 531 2453 et
551 2400 700 2454 constans
720 2390 865 2454 omnium
895 2393 1093 2479 populorum
1115 2391 1181 2461 iudi·

129 2477 221 2542 ea'urn
243 2471 360 2537 salsum
383 2493 452 2538 esse
474 2471 565 2535 nelos
586 2483 633 2538 est
653 2471 774 2537 dicere.
799 2473 898 2557 Ergo.
1215 2522 1216 2525 η

171 2556 222 2623 52.
244 2554 338 2633 Quod
362 2556 477 2621 attinet
497 2554 537 2618 ad
559 2558 729 2630 minorem,
752 2566 909 2637 quantum
931 2556 1060 2624 roboris
1084 2558 1180 2624 habret
1215 2550 1216 2611 l

130 2642 300 2703 consensio
314 2637 459 2703 omniurn
481 2636 626 2719 gentium
643 2635 684 2700 ad
700 2637 866 2701 veritatem
890 2640 1115 2714 evincendam,
1129 2641 1180 2704 iam
1215 2612 1216 2703 l

130 2720 330 2790 ostendimus
364 2720 397 2784 in
432 2718 688 2802 Criteriologioi
720 2716 813 2795 Quod
840 2730 948 2786 autern
980 2724 1022 2788 ad
1048 2724 1179 2789 maiorem
1215 2718 1216 2733 ¹

130 2812 264 2886 spectat,
281 2811 426 2868 veterum
444 2801 639 2885 populorum
662 2801 721 2865 hac
743 2802 774 2864 in
797 2822 832 2865 re
855 2806 1020 2870 consensio
1044 2806 1181 2890 probatur

130 2906 196 2950 non
218 2884 322 2950 solum
345 2905 386 2948 ex
408 2885 644 2960 monumentis,
667 2882 785 2967 templa
808 2886 913 2964 enim,
936 2897 969 2954 et
990 2889 1102 2954 altaria
1123 2883 1180 2948 ubi·

130 2988 195 3054 que
215 2976 376 3034 terrarum
397 2973 504 3031 erecta
526 2965 689 3051 leguntur,
705 2964 778 3032 sesti
794 2965 864 3031 dies
879 2970 1030 3046 instituti,
1047 2965 1179 3037 Sacerdo

130 3060 180 3116 tes
200 3049 309 3127 eiecti,
330 3050 433 3126 ritus,
454 3049 577 3134 quibus
597 3046 756 3114 Divinitas
777 3049 972 3131 celebratur,
995 3054 1114 3129 erecti;
1133 3045 1178 3113 sed

492 3164 806 3174 -.—.-„————-—

130 3216 290 3281 Sydrum
310 3230 379 3281 qnae
398 3230 443 3267 eae
463 3222 589 3276 moreat,
608 3223 636 3267 et
657 3219 729 3268 iuxta
750 3219 855 3276 tatere,
875 3232 944 3283 qnae
963 3219 1092 3281 exculptis
1110 3214 1177 3266 litori·

130 3292 194 3339 sunt
213 3292 326 3346 notate,
346 3288 488 3348 demittat,
507 3304 577 3354 qnae
595 3289 714 3349 efficiat,
735 3296 765 3339 ut
784 3292 878 3341 literae
898 3293 924 3341 in
945 3292 988 3343 iiie
1008 3291 1177 3356 compositione
1215 3328 1216 3351 ,

131 3360 287 3421 perdurent,
306 3364 335 3408 et
354 3361 380 3409 in
399 3361 537 3422 pristinem
556 3362 748 3411 informitatem
769 3376 821 3413 non
841 3364 1002 3415 reinbantnr.

167 3425 179 3464 ¹
199 3426 235 3477 ile
253 3430 295 3479 iris
313 3430 482 3490 secernet..
502 3447 530 3483 e.
549 3431 602 3488 Vi.
622 3447 650 3483 a.
670 3432 704 3490 3,
725 3447 752 3496 p.
776 3435 846 3493 152,
868 3442 923 3486 not.
944 3438 976 3494 ὂς
996 3436 1070 3498 situ„
1088 3450 1112 3486 n.
1130 3426 1175 3485 lili

129 3510 159 3546 a.
182 3496 208 3550 i,
229 3513 256 3558 p.
279 3499 341 3555 tor,
361 3507 417 3550 not.
438 3503 466 3562 ⁴5
485 3509 513 3554 et
532 3502 674 3567 Asterop..
695 3518 721 3555 o.
743 3502 801 3565 vn,
822 3521 849 3557 e.
871 3507 897 3566 i,
917 3522 944 3571 p.
965 3508 1028 3561 iio.

169 3563 182 3597 ²
201 3567 239 3614 De
259 3570 375 3629 conici..
396 3570 442 3621 lib.
465 3571 510 3632 iii,
530 3588 572 3636 pr.
595 3573 639 3625 te.

169 3631 340 3699 'stiterioiq
360 3646 387 3691 c.
407 3637 454 3702 ili,
474 3656 501 3694 a.
521 3644 549 3705 d,
570 3660 597 3710 p.
617 3645 750 3706 eet-aue,
771 3649 824 3701 roi.
847 3648 868 3704 l.
