2475 3909
120 105 183 172 ‘202
471 123 746 171 aaruuoeococra

81 221 159 283 tem,
182 205 304 292 quibus
325 206 447 282 anima,
469 219 502 272 et
522 229 642 292 corpus
669 208 709 272 ab
733 229 765 271 se
789 206 1065 274 discriminantur.
1091 213 1149 274 nt-

81 291 141 375 qui
166 291 254 354 notio
274 289 371 353 buius
393 301 528 354 naturae
551 301 600 354 est
623 289 772 354 absurda.
797 290 898 352 Erro.

122 373 174 437 45.
199 372 392 446 Praeterea,
416 371 495 436 baec
527 383 642 437 natura
673 371 780 434 media
811 339 917 434 allicio
940 371 1152 452 administrae

84 454 169 519 iuter
190 455 331 517 animam
352 462 385 516 et
405 474 524 540 corpus
548 455 580 518 iu
603 453 734 517 bomine
764 453 807 516 ita
830 451 923 537 fungi
947 453 1091 530 dicitur,
1119 465 1155 518 ut

82 535 313 600 conscientiam
335 538 563 619 operationum
587 556 720 598 suarum
745 555 807 597 noo
823 533 949 599 babeat.
973 537 1072 619 Atqui
1097 557 1155 598 na-

84 627 169 694 tura,
191 637 274 700 quae
296 636 340 688 se,
363 637 500 701 suasque
523 619 731 702 operationes
753 637 815 678 nou
841 621 1016 699 cognoscit,
1042 617 1155 702 profe-

83 711 136 764 cto
158 719 220 762 oon
244 709 347 784 potest
369 695 461 783 fungi
485 702 589 764 olfacio
612 697 821 763 administrae
847 701 930 762 inter
946 701 1099 776 animam,
1125 712 1158 765 et

84 801 202 866 corpus
225 782 256 842 in
280 779 422 855 hominm
448 802 522 845 nam
544 781 628 844 baud
654 780 805 865 possibile
827 789 876 844 est
897 781 1040 866 aliquam
1065 795 1158 847 natu-

86 885 154 926 ram
178 863 284 926 olfrcio
306 860 514 927 administrae
537 861 645 959 fungi,
670 863 732 926 nisi
756 862 940 926 dominium
967 863 1000 926 in
1025 883 1102 927 suas
1124 885 1159 927 o-

87 947 270 1031 perationes
292 942 418 1018 babeat,
441 945 586 1029 alioquin
611 964 692 1027 apsa,
718 954 752 1008 ut
774 945 913 1008 advertit
934 966 958 1008 s.
976 944 1116 1009 Thomas
1133 947 1156 1019 ¹,

87 1048 151 1090 ooo
172 1029 261 1107 opit,
284 1024 340 1089 sed
370 1029 478 1109 potius
509 1028 627 1109 opitur.
657 1028 744 1110 Ergo
777 1037 926 1090 naturam
962 1026 1157 1112 plasticam,

84 1129 183 1192 quam
207 1107 352 1172 Clericus
373 1110 509 1182 etlioxit,
525 1131 567 1172 ex
581 1129 620 1171 eo
643 1111 742 1174 etiam
766 1107 940 1172 absurdam
963 1129 1032 1172 esse
1057 1118 1156 1194 patet,

86 1187 173 1274 quod
199 1192 267 1273 ipsa
290 1191 404 1253 officiis
428 1191 518 1275 fungi
541 1190 677 1274 nequit,
701 1211 783 1275 quac
813 1193 844 1254 in
871 1191 1001 1254 bomine
1024 1191 1055 1254 ei
1080 1192 1158 1254 assi·

89 1282 240 1357 guantur.

4 1423 7 1428 ,
128 1354 178 1417 td.
202 1353 312 1418 Obiic.
336 1354 459 1419 lllultae
482 1352 699 1437 operationes,
722 1374 751 1417 e.
777 1373 821 1436 g.,
837 1353 1024 1437 respiratio,
1052 1363 1160 1416 motus

87 1433 207 1507 cordis,
232 1437 263 1499 in
287 1434 414 1499 bomine
436 1435 693 1518 conspiciuntur,
717 1456 800 1519 quae
819 1456 908 1500 neca
929 1455 1081 1520 corpore,
1106 1455 1160 1498 ne-

88 1537 152 1601 que
174 1517 215 1580 ab
237 1517 344 1580 anima
367 1519 469 1600 repeti
494 1527 638 1602 possunt.
665 1518 751 1601 Ergo
770 1516 968 1582 admittenda
989 1529 1037 1582 est
1053 1518 1086 1580 in
1103 1516 1160 1579 bc-

91 1599 178 1662 mioe
202 1599 296 1664 tertia
319 1611 454 1672 natura,
477 1617 561 1683 quae
587 1599 629 1664 sit
657 1597 787 1664 illarum
815 1601 1041 1685 operationum
1071 1599 1163 1682 pirin-

90 1682 228 1764 cipium.

129 1763 183 1826 d'l.
208 1763 319 1845 Resp,
340 1760 418 1823 uisa.
442 1772 523 1836 ont,
546 1781 608 1824 noo
632 1772 765 1845 possunt
787 1762 888 1844 repeti
912 1781 929 1824 a
952 1762 1021 1826 solo
1043 1781 1161 1846 corpo·
1233 1761 1234 1766 ’

92 1865 139 1919 re,
162 1855 218 1908 aut
239 1865 257 1906 a
279 1843 345 1906 sola
368 1843 488 1915 anima,
512 1863 594 1906 coac.
611 1851 690 1916 cot,
706 1863 769 1905 noo
787 1853 920 1924 possunt
941 1842 1046 1926 repeti
1063 1841 1104 1906 ab
1129 1865 1163 1907 a·

92 1925 179 1989 nima
201 1925 310 1996 simul,
332 1935 365 1987 et
386 1944 402 1984 a
426 1943 575 2008 corpore,
591 1943 656 2004 nep.
673 1937 738 1988 ont.
755 1925 833 2005 Nep.
851 1945 934 1988 cons.
957 1925 1004 1987 Re
1028 1923 1163 2007 quidem

93 2027 180 2083 vera,
204 2026 345 2090 corpus,
368 2007 416 2070 uti
449 2005 513 2068 iam
543 2004 765 2078 ostendimus,
787 2027 849 2069 csse
872 2027 967 2070 suum
989 2005 1029 2068 ab
1052 2006 1163 2069 anima

93 2090 225 2173 accipit,
250 2105 413 2180 unamque
435 2087 647 2152 substantiam
666 2087 861 2170 completam
875 2109 948 2151 cum
967 2088 1035 2171 ipsa
1051 2087 1161 2161 efficit,

94 2191 131 2233 ac
153 2167 290 2256 proinde
313 2187 422 2230 anama
456 2188 529 2230 eum
558 2187 693 2251 corpore
727 2177 774 2232 est
803 2169 936 2232 unicum
983 2170 1163 2253 rincipium

95 2249 334 2336 respirationis,
357 2259 504 2312 motuum
526 2249 648 2322 cordiS,
671 2250 887 2335 aliorumque,
903 2189 1023 2333 quibus
1042 2269 1164 2333 corpus

95 2344 232 2418 vegetat.
257 2333 390 2394 Frustra
412 2330 559 2394 Clericus
581 2329 747 2396 enittendit
773 2335 977 2415 operationes
1001 2333 1164 2416 respirau-

95 2414 142 2489 di,
164 2414 308 2496 aliasque
341 2410 373 2473 id
409 2431 509 2493 penus
532 2433 594 2475 noo
618 2432 709 2494 posse
743 2417 870 2476 animae
896 2412 1064 2488 adscribi,
1089 2433 1164 2476 cum

95 2495 182 2580 quod
203 2494 284 2558 nibil
307 2493 555 2557 convenientiae.
580 2497 663 2558 inter
686 2495 794 2576 ipsas,
816 2505 849 2559 et
870 2496 1107 2559 intellectiones
1135 2515 1165 2556 e-

97 2579 200 2650 xistit,
226 2589 293 2640 turn
316 2573 402 2658 quod
425 2577 533 2637 anima
556 2578 670 2647 nescit,
692 2576 853 2660 quomodo
874 2589 1012 2660 agantur
1037 2578 1070 2639 in
1094 2596 1167 2639 cor·

98 2679 175 2744 pore
197 2679 247 2728 ea,
270 2677 354 2740 qnae
378 2655 448 2740 ipsa
466 2658 576 2740 peragi
605 2659 638 2720 in
662 2656 717 2720 illo
741 2657 819 2721 vult.
845 2659 987 2731 Etenim,
1011 2656 1100 2742 quod
1125 2654 1165 2720 ad

100 2741 241 2826 primurn
263 2739 390 2811 attinet,
414 2737 492 2801 nibil
516 2748 602 2802 vetat
626 2739 886 2822 respirationem,
912 2739 1056 2824 aliasque
1078 2741 1166 2801 eius-

99 2819 186 2885 modi
209 2821 433 2904 operatiunes,
456 2829 553 2902 atque
580 2821 836 2894 intellectionos,
860 2824 1009 2902 quamvis
1031 2822 1096 2885 sint
1118 2819 1165 2882 di-

100 2903 184 2968 versi
209 2903 346 2986 generis,
370 2900 410 2963 ab
432 2903 540 2964 anima
564 2912 670 2964 tameo
702 2901 834 2985 perinde
857 2901 1042 2984 proficisci;
1066 2903 1168 2985 siqui-

99 2985 173 3050 dem
195 2986 304 3048 anima
327 3003 386 3066 per
408 2983 489 3045 alias
512 2980 682 3048 facultates
696 2992 744 3046 est
760 2984 960 3067 principium
977 2983 1167 3048 intellectio·

100 3090 191 3141 num,
213 3079 247 3130 et
268 3085 326 3148 per
347 3061 428 3127 alias
451 3065 621 3130 facultates
640 3075 689 3129 est
705 3066 906 3149 principium
929 3062 1114 3150 vegetandi,
1137 3071 1169 3128 et

101 3147 274 3216 sentiendi.
298 3145 447 3210 Alterum
469 3156 576 3210 autem
600 3167 643 3208 ex
664 3166 703 3211 eo
725 3145 773 3223 lit,
820 3145 883 3210 nod
907 3146 968 3210 alia
989 3157 1037 3210 est
1054 3149 1085 3210 io
1101 3145 1168 3208 aoi-

102 3252 154 3295 ma
176 3228 335 3300 facultas,
357 3248 420 3311 qua
442 3227 514 3290 illas
535 3229 741 3311 operationes
764 3167 843 3305 vtilt,
868 3229 930 3294 alia
953 3239 1085 3304 autem,
1107 3247 1168 3314 qua

103 3312 175 3376 illas
197 3314 229 3376 in
250 3330 387 3395 corpore
408 3309 596 3393 exequitur.

458 3501 773 3517 —n—u·

142 3580 151 3620 ¹
172 3585 211 3637 ua
228 3587 322 3636 antone
347 3590 419 3640 t’erbt
438 3591 580 3650 teaooraott,
601 3602 627 3638 a.
649 3589 665 3642 5
686 3603 711 3640 c.
