2475 3909
148 119 207 186 160
532 135 733 187 cosuocoora

107 217 317 368 rfnanillestum
339 215 491 282 omnibus
513 219 572 294 sit,
589 217 639 284 rel
662 221 828 285 secundnm
850 241 891 297 re,
910 220 960 287 vel
984 224 1017 287 in
1040 224 1111 289 suis
1134 224 1185 290 el-

123 313 314 459 ecllllusorio
337 381 416 446 haec
437 378 583 449 delinitio
606 382 755 448 miraculi
779 383 899 449 clarior
927 385 1032 463 liat²,
1055 385 1184 455 divisio

108 464 366 538 miraculorum,
388 483 472 546 quae
502 463 769 553 aPlrilosophis,
793 480 889 550 atque
919 468 960 532 ab
986 470 1184 556 Apologetis

108 549 292 612 christianis
316 545 465 622 traditur,
489 545 681 629 exponenda
703 547 798 612 uobis
819 562 878 614 est.

150 628 386 694 Miracnlorum
401 625 520 691 divisio
535 626 715 693 diversitati
741 629 899 714 graduum
916 631 1086 729 inuititur,
1099 655 1184 719 quos

110 711 266 775 miracula
289 714 373 776 inter
387 729 419 773 se
435 719 554 774 tenent.
572 711 721 776 lamvero
744 726 809 777 tres
832 712 951 797 gradus
971 713 1005 777 in
1021 736 1109 780 serre
1127 721 1184 780 mi·

109 793 299 858 raculorum
331 789 495 875 designari
520 804 678 877 possunt,
702 815 842 878 quorum
864 815 1046 880 supremum
1070 810 1184 864 tenent

109 876 268 941 miracula
291 873 390 962 quood
411 873 629 951 substantiam,
655 895 710 941 seu
733 877 767 939 in
789 896 841 952 eo,
864 876 951 960 quod
974 876 1025 952 fin
1041 880 1184 943 medinm

109 959 265 1022 miracula
286 955 387 1051 quoad
409 954 669 1032 ausinianae
692 959 725 1020 iu
747 980 798 1033 eo,
822 960 854 1021 in
878 959 1115 1042 quoliuu13et
1137 963 1187 1025 in-

108 1043 218 1186 fimam
242 1037 399 1104 miracula
423 1038 523 1123 quoad
544 1039 681 1116 enodem,
705 1060 764 1105 seu
785 1040 819 1103 iu
841 1042 950 1118 modo,
974 1062 1041 1125 quo
1063 1043 1150 1108 liunt
1161 1047 1184 1106 ³.

20 1189 23 1197 ,
145 1125 196 1186 ino
219 1122 412 1187 miraculum
444 1120 486 1183 ita
508 1119 693 1197 dividitur,
716 1130 753 1185 ut
781 1124 821 1186 sit
850 1123 900 1187 vel
920 1123 1020 1208 quood
1040 1123 1187 1190 mosron-

110 1205 205 1282 riam,
226 1207 276 1270 rel
299 1201 397 1291 quood
418 1200 602 1278 subiectum,
626 1202 675 1267 rel
698 1202 797 1287 quood
817 1205 954 1268 modurn.

151 1286 222 1355 150.
239 1286 438 1355 llliraculum
455 1283 553 1369 quood
567 1283 768 1348 rntsrnnnan
784 1284 906 1350 dicitur
920 1306 1015 1373 opus,
1031 1289 1124 1371 quod
1140 1292 1185 1354 vi·

109 1391 162 1436 res
176 1373 277 1438 totius
291 1381 425 1439 naturae
441 1377 568 1430 creatae
590 1366 728 1431 essentia
750 1387 809 1430 sua
824 1379 969 1454 superat,
982 1369 1025 1435 ita
1042 1383 1079 1436 ut
1096 1373 1185 1436 nulla

110 1458 237 1522 ratione
261 1452 434 1536 abaliquo
459 1468 554 1514 causa
579 1459 685 1519 creata
712 1448 796 1514 effici
818 1450 931 1536 possit.
956 1450 1184 1525 Huiusmodi,

111 1649 155 1702 lii.
172 1651 293 1706 liseur..
315 1647 380 1700 Dist.
398 1646 494 1706 xvttt,
515 1664 543 1712 q.
561 1647 580 1707 l,
602 1663 629 1705 a,
649 1651 666 1700 3
685 1649 718 1699 ad
737 1647 778 1718 9).
798 1648 866 1700 illoc
884 1654 986 1701 creatio
1005 1655 1116 1702 animae
1137 1653 1186 1701 liu·

110 1735 206 1770 ruanaa
224 1722 384 1772 miraculum
402 1723 454 1773 dici
475 1735 527 1772 non
547 1727 644 1784 potest,
664 1726 762 1786 quippe
781 1723 863 1785 qnod,
880 1726 1002 1787 quamvis
1016 1727 1088 1775 rirea
1103 1729 1184 1775 totius

109 1799 222 1845 naturae
240 1799 366 1857 superet,
388 1799 477 1844 tamen
499 1813 510 1839 ι
533 1808 584 1843 non
603 1799 662 1853 est,
684 1799 712 1844 ut
731 1791 890 1850 Benedictus
910 1794 970 1848 xlv
989 1798 1048 1853 ait,
1075 1805 1185 1860 praeter

110 1867 230 1918 ordinem
250 1877 371 1925 naturae,
391 1881 453 1918 cum
473 1868 520 1932 flat
539 1869 612 1918 iuxta
633 1881 723 1916 rerum
742 1869 921 1919 conditionem
938 1887 963 1928 's
984 1871 1022 1919 Da
1043 1871 1143 1934 Bootis.
1163 1877 1186 1920 rt

112 1942 236 1991 Cononis.
257 1941 421 2000 Sanctorum,
442 1940 488 1990 lib.
510 1937 557 1997 tv,
576 1954 602 1988 o.
626 1940 652 1988 l.

147 2008 158 2048 ¹
177 2009 210 2062 E.
231 2027 270 2076 g„
290 2013 399 2061 scientia
419 2008 609 2074 Apostolorum
629 2010 680 2060 l'uit
698 2012 872 2071 miraculum,
892 2013 954 2076 quia
973 2033 983 2057 ι
999 2016 1127 2076 quamvis
1147 2028 1185 2064 se

111 2085 228 2134 cundum
249 2098 277 2134 se
297 2097 349 2134 nou
369 2084 449 2133 luerit
476 2083 634 2138 manifesta.
655 2082 842 2133 manifestatur
861 2087 996 2134 tamenin
1016 2085 1182 2136 ellectrlous·

111 2154 145 2224 ll,
160 2171 187 2220 q.
202 2151 258 2217 CV,
272 2171 299 2206 a.
316 2157 376 2206 lad
390 2153 429 2223 3).
450 2152 626 2206 llousscarius
644 2152 803 2222 (Rousseam
826 2159 921 2214 Laurea
938 2159 969 2206 ds
987 2161 1013 2206 ta
1033 2171 1183 2222 mansngne,

111 2225 245 2296 Lett.lll),
263 2229 363 2292 aliique
382 2229 546 2279 contendunt
565 2242 612 2278 nos
625 2241 771 2291 numquam
792 2241 869 2290 posse
888 2243 1061 2292 cognoscere,
1082 2245 1120 2281 an
1140 2233 1185 2281 ali·

111 2302 182 2365 qnod
201 2314 267 2364 opus
287 2303 319 2351 sit
339 2302 550 2358 miraculosum
571 2302 654 2366 qrria,
674 2313 737 2350 cum
756 2314 810 2350 non
828 2300 881 2351 sint
900 2303 975 2352 nobis
994 2316 1091 2354 omnes
1116 2306 1185 2367 leges

110 2379 222 2424 naturae
242 2382 407 2436 perspectas,
422 2385 582 2437 cognoscere
601 2373 673 2422 hand
692 2386 845 2436 possumus,
867 2379 969 2432 utrum,
984 2388 1068 2424 necne
1089 2377 1185 2439 aliquis

111 2446 221 2498 allectus
246 2447 314 2498 sires
339 2453 449 2496 naturas
475 2445 727 2508 praetergrediatur.
749 2442 797 2496 Ast
817 2447 834 2494 ii
852 2450 962 2496 omniuo
987 2447 1135 2499 saliantur.
1154 2445 1185 2497 Et

112 2533 195 2578 sane,
216 2519 338 2583 quamvis
358 2532 410 2569 non
430 2532 522 2568 omnes
542 2519 613 2581 leges
632 2521 745 2568 naturae
764 2518 839 2568 nobis
857 2521 911 2569 sint
929 2521 1107 2582 exploratae,
1129 2522 1186 2570 inde

114 2592 203 2642 inlerri
223 2594 314 2656 nequit
334 2592 408 2641 nobis
428 2593 595 2653 exploratum
614 2603 672 2640 csse
691 2603 745 2639 non
764 2604 851 2652 posse,
873 2597 975 2650 utrum,
990 2607 1075 2644 usone
1089 2594 1187 2657 aliquis

112 2663 223 2715 euectos
243 2667 311 2715 rlres
330 2672 441 2715 naturae
459 2663 709 2726 praetergrediatur.
724 2659 790 2713 Nam
805 2677 852 2712 nos
864 2666 996 2714 miracula
1010 2666 1129 2715 dicimus
1143 2666 1187 2714 illa

113 2751 212 2799 opera,
232 2751 301 2800 quine
320 2738 461 2799 exploratis
481 2742 592 2786 naturae
613 2735 714 2798 legibus
736 2737 921 2788 adversantur.
941 2735 1023 2801 Atqui
1043 2740 1066 2787 si
1084 2752 1143 2788 uon
1161 2752 1187 2787 o·

113 2822 199 2867 mnes,
219 2814 291 2858 certe
311 2811 400 2872 plures
420 2814 531 2859 naturae
554 2811 634 2870 leges,
651 2809 745 2856 eodem
765 2803 936 2867 llousseario,
950 2812 1063 2873 eiusque
1075 2810 1188 2860 assertis

113 2881 274 2938 latentibus,
294 2887 448 2944 compertae
468 2881 542 2930 uobis
561 2886 634 2929 surii.
656 2877 725 2943 llrgo
744 2893 905 2942 cognoscere
925 2882 1000 2931 uobis
1019 2884 1102 2940 licet,
1122 2897 1186 2932 nam

113 2956 204 3018 aliqua
223 2967 302 3016 opem
323 2957 376 3003 sint
395 2955 566 3002 miraculosa.
589 2949 695 3001 Frustra
717 2965 849 3015 regereres
868 2967 945 3015 possa
963 2954 1188 3018 decimationis

113 3025 234 3086 allectus,
252 3027 297 3091 qul
317 3039 379 3076 cum
398 3026 500 3089 legibus
520 3026 588 3074 notis
607 3037 660 3073 uon
679 3026 833 3084 concordat,
848 3026 950 3088 legibus
965 3028 1083 3076 nondum
1097 3030 1189 3091 explo-

114 3099 179 3150 ratis
196 3101 232 3148 sit
251 3105 453 3156 consentanemn
474 3101 603 3161 repugnat
622 3097 693 3146 enim
712 3096 768 3146 dari
789 3102 814 3146 tn
833 3112 922 3147 rerum
941 3104 1038 3149 natura
1053 3101 1129 3164 teges
1140 3101 1188 3148 du·

114 3173 191 3235 plieia
208 3173 313 3236 generis
331 3183 422 3221 secum
443 3177 600 3233 pugnantes:
620 3169 731 3231 ideoque
750 3170 817 3219 duos
835 3171 950 3229 ordines,
965 3185 1082 3236 quorum
1103 3186 1188 3222 uuum

114 3243 230 3293 alterum
250 3243 330 3293 tollit.
345 3238 381 3292 Cl
396 3239 512 3305 Bergier,
527 3244 610 3292 l'rnite'
628 3243 775 3303 historiens,
796 3249 819 3292 st
837 3245 999 3309 dogmatiqirs
1016 3246 1049 3295 ds
1067 3246 1094 3294 la
1114 3249 1190 3295 orate

115 3317 233 3378 religion,
254 3321 323 3378 part.
344 3312 378 3370 V.
399 3328 425 3364 c.
448 3313 468 3372 l,
489 3329 515 3362 a.
538 3316 563 3372 l,
586 3311 658 3362 Paris
682 3313 760 3363 list.

152 3385 164 3420 ²
185 3385 220 3434 tto
235 3387 306 3436 salsis
319 3385 513 3435 delinitionibus
532 3386 656 3434 miraculi
677 3385 755 3434 rerba
776 3399 829 3436 non
848 3387 972 3446 iacimus,
988 3401 1052 3438 narn
1065 3403 1099 3439 ax
1113 3389 1188 3438 tiseo-

118 3459 157 3504 ria
177 3469 199 3504 s.
220 3453 354 3511 Thomna.
375 3471 455 3520 qrram
475 3458 519 3508 hie
538 3459 710 3520 exponimus,
731 3462 844 3524 quisque
863 3473 953 3512 reram
973 3475 988 3510 a
1009 3462 1075 3511 laisa
1096 3461 1190 3514 delini·

118 3526 189 3574 lione
209 3529 330 3579 miraculi
349 3529 502 3590 dignoscere
522 3534 617 3590 prtrttsl.

155 3596 165 3630 ³
186 3598 274 3646 Coritr.
294 3602 380 3654 uem..
402 3601 436 3648 lib
470 3599 514 3658 lll,
536 3617 560 3651 c.
587 3602 646 3660 tot.
