2475 3909
176 151 235 216 1116
545 170 819 220 serranoronosrn

134 251 343 338 expostulat,
367 266 403 320 ut
425 251 464 316 ad
487 254 749 320 coniunctionem
784 277 858 320 cum
892 278 1027 342 corpore
1045 243 1207 326 'ordinem

133 355 264 428 semper
284 337 448 410 retineat,
470 356 534 398 non
555 357 633 400 vero
656 348 694 402 nt
714 338 783 401 sine
809 339 927 403 actuali
962 362 1035 406 cum
1070 364 1209 429 corpore

134 419 366 484 coniunctione
388 419 422 481 in
444 437 504 480 suo
525 438 587 482 erse
610 417 787 504 perdurare
811 433 951 504 nequeat
967 421 988 486 ¹.

323 546 392 598 Aur.
414 545 692 599 lV.—Scotistarum
713 551 841 598 serrtentiu
863 553 1019 613 expenditur

172 657 224 722 31.
240 657 276 721 ln
292 657 517 753 superioribus
530 656 682 722 articulis
696 654 840 721 diximus
855 657 997 720 animam
1013 658 1207 736 humanam,

131 758 206 802 cum
229 750 400 804 materiam
422 739 587 815 inlormat,
610 748 724 824 utpote
748 737 853 802 iorma
875 740 988 804 ceteris
1012 738 1205 824 perfectior,

130 841 215 906 quae
236 820 351 885 harum
373 821 511 888 virtutes
534 821 568 885 in
589 841 624 886 se
647 821 814 894 continet,
836 818 867 884 ei
889 819 1001 904 largiri
1018 843 1083 885 non
1099 823 1205 889 solum

131 923 192 966 esse
214 914 352 986 repetens
373 913 406 968 et
426 905 568 980 sentiens,
592 901 649 967 scd
672 904 770 967 etiam
792 922 853 964 esse
867 905 1006 986 corporis
1020 905 1046 979 ²;
1071 925 1112 968 ac
1137 927 1207 991 pro-

134 982 209 1048 inde
232 984 410 1050 inlormare
431 989 601 1049 materiam
624 985 712 1048 omni
737 981 840 1046 forma
863 982 1076 1061 denudatam,
1102 988 1151 1052 ita
1174 1001 1207 1054 ut

133 1065 205 1149 ipsa
228 1067 271 1130 sit
292 1068 347 1132 illa
370 1065 488 1145 forma,
510 1086 573 1151 qua
595 1085 716 1151 corpus
742 1067 775 1129 in
801 1086 859 1130 suo
881 1087 940 1128 esse
961 1069 1110 1152 corporis
1135 1089 1205 1134 eon-

130 1147 279 1213 stituitur
294 1150 317 1228 ³3
341 1170 447 1233 neque
469 1147 502 1212 id
525 1149 652 1212 animae
674 1146 878 1230 simplicitati
902 1147 1051 1212 obesse‘.
1076 1149 1153 1225 Qua
1176 1154 1205 1216 in

128 1249 165 1293 re
188 1229 320 1296 silentio
356 1230 594 1316 praetereunda
616 1250 681 1293 non
703 1242 751 1293 est
773 1231 932 1294 sententia
954 1230 1052 1296 Scoti.
1077 1230 1154 1314 lpse
1176 1257 1204 1300 e-

129 1311 211 1388 nim,
226 1323 298 1397 post
320 1313 422 1378 Henr.
440 1311 697 1387 (landavensem,
715 1310 774 1374 etsi
791 1312 934 1375 animam
955 1331 1023 1374 esse
1047 1311 1203 1384 formam,

129 1411 193 1475 qua
209 1413 328 1480 corpus
350 1395 443 1472 vivit,
464 1415 534 1470 seu,
555 1405 592 1457 ut
610 1394 714 1466 aiunt,
735 1391 909 1467 animatur,
932 1399 1203 1478 propugnaverit,

127 1485 248 1554 tamen,
271 1498 363 1543 secus
385 1499 423 1541 ac
444 1477 481 1539 B.
511 1473 665 1541 libertus
688 1476 748 1548 lll.,
773 1496 798 1537 s.
822 1473 972 1552 Thomas,
994 1487 1028 1540 et
1052 1476 1203 1564 plerique

130 1555 265 1622 Scholac
287 1558 444 1624 Doctores
457 1557 654 1633 docuerunt,
670 1555 837 1621 contendit
852 1557 1090 1641 agnoscendam
1111 1579 1204 1644 prae-

128 1647 216 1702 terea
238 1661 308 1706 esse
330 1641 364 1706 in
386 1661 523 1724 corpore
545 1663 563 1702 «
587 1638 740 1714 sormam,
767 1659 831 1722 qna
856 1659 973 1723 corpus
996 1649 1044 1703 est
1066 1660 1202 1726 corpus,

126 1719 225 1784 aliam
248 1723 289 1788 ab
310 1723 379 1799 illa,
401 1742 466 1809 qua
488 1731 537 1787 est
559 1721 764 1786 animatum⁵
790 1743 818 1781 n.
845 1719 934 1784 Hanc
959 1720 1113 1796 sormam,
1139 1745 1202 1807 qua

127 1820 247 1888 corpus
269 1817 319 1872 est
340 1825 485 1891 corpus,
513 1804 655 1868 [ormam
680 1802 897 1886 corporeitotis
929 1803 1085 1874 vocarit,
1124 1807 1201 1890 quia

125 1887 295 1955 constituit
317 1907 435 1984 corpus
459 1887 492 1951 in
513 1907 576 1950 esse
596 1885 755 1970 corporis,
784 1895 957 1968 antequam
980 1887 1203 1952 constituatur

125 1984 187 2050 per
207 1970 351 2034 animam
374 1988 486 2033 inesse
510 1969 660 2034 viventis.

166 2048 218 2113 32.
242 2054 284 2116 At
309 2071 394 2127 vero,
419 2051 556 2114 admissa
578 2051 637 2114 hac
662 2048 799 2121 theoria,
823 2048 900 2110 nnio
921 2047 1150 2114 substantialis
1172 2072 1201 2112 a·

125 2127 255 2208 nimae,
278 2143 310 2197 et
331 2134 501 2217 corporis,
524 2153 621 2218 qnam
645 2133 759 2196 Scotus
786 2129 991 2194 veliementer
1012 2149 1200 2216 propugna-

125 2210 194 2285 vit,
217 2215 349 2280 omnino
373 2215 552 2279 tolleretur.
577 2215 618 2277 Et
640 2233 735 2288 sane,
761 2213 843 2277 inter
863 2233 933 2275 rem
957 2214 1020 2276 iam
1040 2217 1200 2280 constitu-

124 2301 203 2370 tam,
228 2307 325 2382 atque
348 2295 443 2374 illud,
458 2295 545 2381 quud
560 2295 625 2379 ipsi
648 2292 791 2369 additur,
808 2293 936 2358 nonnisi
952 2295 1031 2357 nnio
1046 2295 1200 2360 acciden-

125 2371 200 2439 talis
221 2399 291 2443 esse
314 2390 430 2466 potest3
453 2399 527 2442 nam
548 2374 708 2462 quidquid
732 2375 886 2440 adiicitur
907 2376 968 2449 rei,
992 2395 1077 2458 quae
1103 2398 1197 2442 sunm

123 2475 185 2518 esse
199 2463 357 2526 essentiale
373 2461 436 2526 iam
459 2459 567 2536 habet,
583 2480 647 2522 non
663 2457 753 2522 aliud
776 2469 940 2542 praestare
964 2467 1080 2541 potest,
1098 2479 1197 2542 quam

123 2548 161 2601 ut
174 2539 278 2624 ipsam
301 2545 412 2630 aliquo
436 2541 532 2607 modo
554 2542 682 2618 alliciat,
705 2540 784 2614 sive,
809 2551 846 2604 ut
866 2538 999 2606 Scholac
1022 2539 1135 2613 aiunt,
1158 2539 1198 2602 el-

123 2630 210 2699 teret3
234 2627 313 2690 unio
335 2635 455 2700 antem,
471 2645 556 2709 quae
571 2645 635 2688 non
651 2621 685 2687 lit
700 2620 877 2688 secundum
899 2641 962 2684 esse
976 2619 1195 2714 substanciae,

122 2701 178 2764 sed
201 2707 379 2773 secundum
401 2707 614 2771 alterationem
639 2705 721 2780 eins,
738 2717 785 2770 cst
799 2702 1009 2766 occidentalis.
1032 2704 1156 2786 Atqui,
1171 2722 1198 2764 st

122 2787 302 2853 secundum
329 2791 417 2855 illam
439 2789 525 2856 Scoti
553 2789 711 2854 theoriam
740 2789 774 2851 in
796 2785 1024 2850 constitutione
1053 2783 1198 2848 hominis

122 2867 232 2934 anima
258 2871 450 2939 informaret
476 2891 598 2957 corpus
623 2868 837 2953 organicum,
866 2887 981 2950 nempe
1009 2867 1197 2940 materiam,

121 2966 206 3032 qnae
229 2974 289 3016 erse
310 2956 457 3042 corporis
480 2957 544 3018 iam
567 2951 680 3026 habet,
703 2950 811 3013 anima
832 2950 959 3033 corpori
984 2948 1051 3012 iam
1074 2947 1199 3012 consti·

119 3039 204 3108 tuto,
226 3034 286 3100 hoc
307 3047 355 3102 est
375 3037 523 3120 corpori,
545 3033 634 3120 quod
657 3053 751 3096 suum
774 3051 835 3093 esse
856 3028 1023 3095 essentiale
1045 3030 1199 3114 corporis

118 3111 229 3192 habet,
251 3116 460 3183 adiiceretur.
479 3119 566 3202 Ergo
585 3115 664 3179 unio
687 3114 772 3178 inter
795 3111 911 3198 ipsam,
933 3121 966 3176 et
986 3131 1109 3196 corpus
1133 3131 1197 3175 non

118 3191 222 3275 foret,
245 3200 307 3265 nisi
329 3198 550 3265 accidentalis.
573 3198 685 3282 ltaque
709 3195 742 3260 in
764 3214 900 3280 corpore
923 3213 986 3259 non
1008 3205 1056 3258 est
1078 3193 1199 3260 admit-

118 3279 218 3342 tenda
243 3281 310 3345 nlla
329 3285 431 3366 [ornus
457 3279 693 3365 corporeitutis,
720 3274 775 3340 sed
803 3275 911 3340 anima
933 3285 980 3340 est
1000 3277 1102 3341 unica
1126 3277 1196 3340 eius

120 3353 226 3424 forma
248 3364 493 3441 substantialis,
516 3372 689 3448 propterea
710 3354 823 3444 quod,
845 3379 920 3423 cum
943 3357 1126 3426 cuiuslibet
1149 3359 1195 3422 rei

488 3503 815 3519 *u*

157 3573 166 3606 ¹
186 3571 208 3631 1,
229 3588 255 3636 q.
276 3573 395 3636 lxxvi,
413 3589 441 3626 e.
462 3573 476 3623 1
497 3571 530 3621 ed
549 3569 577 3619 o.
592 3565 646 3606 -2
661 3565 798 3630 neptus,
819 3569 846 3614 et
869 3564 928 3614 193.
947 3589 976 3599 -
1001 3562 1089 3628 trag.
1118 3565 1181 3617 tus.

157 3640 169 3677 ⁴
189 3642 250 3708 Peg.
274 3648 335 3696 tut.
349 3649 403 3684 -1
423 3649 455 3696 ln
472 3645 517 3694 tto.
540 3643 579 3694 W
595 3641 680 3698 sent„
702 3636 768 3688 utet.
789 3634 836 3695 lll,
856 3652 884 3702 q.
905 3637 921 3685 3
941 3637 972 3684 ml
992 3636 1021 3685 2.
