2475 3909
144 146 186 209 4⁴2
534 165 736 211 ionicae

105 257 208 323 ctum,
232 270 337 333 neque
361 249 582 334 praedicatum
606 273 681 315 com
704 250 844 314 termino
865 249 973 313 medio
988 250 1181 326 convenire,

106 339 157 406 et,
180 331 308 412 quoties
329 331 391 396 hoc
412 334 543 408 evenit,
566 333 647 398 nibil
670 330 767 406 iude,
789 342 827 395 ut
849 332 914 394 iam
936 331 1183 406 adnotavimus,

105 406 146 472 de
168 414 416 489 convenientia,
447 424 503 479 aut
530 412 747 499 discrepantia
772 410 911 477 subiecti
938 421 970 475 et
998 411 1185 497 praedicati

107 488 182 553 colli
208 492 219 553 i
263 496 381 559 otest¹.

148 510 217 636 tol.
242 513 338 639 berta
362 574 522 661 probibet,
538 576 712 659 quominus
727 595 767 638 ex
781 572 910 637 duabus
923 572 1087 638 aientibus
1101 594 1187 637 cou-

37 666 40 673 ·
107 650 212 715 clusio
235 674 354 739 negans
375 656 558 741 colligatur.
582 656 665 720 Nam
688 655 882 742 praemissae
903 664 979 719 sunt
999 654 1135 727 aientes,
1153 657 1185 719 si

110 741 174 795 tam
199 732 402 814 subiectum,
426 758 524 832 quam
549 736 773 822 praedicatum
801 758 876 801 cum
906 736 1045 800 termino
1071 734 1185 800 medio

107 816 323 881 consentiunt.
348 823 471 902 Atqui,
501 821 630 903 quoties
659 817 863 893 subiectum,
892 827 926 881 et
953 814 1185 901 praedicatum

108 912 184 956 cnm
207 899 347 963 termino
371 898 482 963 medio
502 901 720 973 consentiunt,
736 897 904 963 conclusio
925 898 1103 961 enunciare
1123 897 1186 961 de·

109 972 163 1037 bet
185 980 444 1045 convenientiam
467 982 629 1056 subiecti,
652 989 685 1044 et
707 977 886 1063 praedicati
915 979 1001 1043 inter
1021 999 1065 1042 sc.
1088 979 1187 1123 Erpo

108 1075 151 1149 epi
171 1052 299 1124 ‹loabus
320 1061 483 1125 aientibus
506 1063 672 1127 conclusio
694 1082 758 1125 uon
781 1080 912 1144 negans,
935 1058 989 1124 sed
1012 1060 1101 1122 aiens
1122 1080 1142 1121 e
1160 1061 1188 1123 i-

109 1137 224 1199 cienda
245 1149 304 1206 est.

154 1217 223 1283 103.
248 1224 391 1307 Septima
407 1225 449 1287 ita
466 1223 621 1290 sehabet:
638 1222 811 1287 Conclusio
834 1230 959 1306 partem
979 1217 1186 1284 debiliorem

110 1318 239 1382 semper
262 1305 430 1386 sequitur,
454 1306 513 1368 boc
535 1314 605 1379 est,
629 1305 655 1367 si
680 1305 931 1387 praemissarum
955 1303 1056 1366 altera
1078 1301 1189 1365 luerit

110 1378 160 1442 vel
183 1402 316 1464 negans,
341 1386 387 1448 rel
413 1386 630 1468 particularis.
653 1383 891 1448 conclusionem
913 1392 1100 1467 negantem,
1123 1392 1188 1447 aut

111 1462 343 1546 particularem
363 1486 431 1529 essa
445 1476 581 1549 oportet.
599 1468 640 1529 Et
654 1487 742 1541 sane,
759 1464 792 1527 1⁰
807 1466 835 1527 si
851 1484 914 1527 una
930 1464 1189 1550 praemissarum

110 1550 160 1607 est
181 1563 322 1627 negans,
346 1545 497 1611 etaltera
525 1547 708 1618 affirmans,
735 1545 766 1610 id
790 1555 983 1629 argomento
1007 1556 1188 1609 estonum

110 1634 294 1688 extremum
317 1628 488 1692 convenire
514 1648 589 1691 cum
612 1626 734 1703 medio,
758 1625 896 1689 alterum
918 1626 1066 1698 minime3
1087 1645 1187 1700 ereo,

110 1704 286 1769 secundum
310 1708 510 1791 principium
534 1710 598 1770 iam
621 1709 815 1782 statutum¹,
841 1708 874 1770 in
896 1706 1100 1770 conclusione
1126 1674 1189 1769 be-

111 1783 295 1849 ducendum
321 1796 369 1851 est
389 1799 531 1853 extrema
554 1790 638 1852 inter
660 1810 693 1852 se
717 1808 779 1850 non
803 1787 999 1853 consentire.
1014 1785 1050 1849 2⁰
1065 1788 1098 1853 Si
1117 1808 1189 1850 uua

112 1869 289 1951 praemissa
312 1881 360 1934 est
380 1870 602 1954 particularis,
618 1867 652 1931 id
666 1878 859 1952 argumento
880 1877 930 1931 est
952 1889 1053 1932 unum
1074 1877 1191 1932 extre·

113 1970 241 2014 morum
263 1971 303 2013 ex
326 1963 417 2035 parte
439 1952 614 2016 convenire
637 1970 711 2012 cum
734 1949 842 2013 medio
857 1948 1011 2024 termio03
1027 1970 1119 2032 ergo,
1135 1970 1191 2013 se-

113 2030 257 2095 cundum
281 2030 370 2095 illam
392 2033 551 2116 regulam,
568 2053 632 2114 qua
652 2031 806 2095 statuitur
820 2030 1063 2095 conclusionem
1078 2033 1191 2114 magis

112 2112 347 2183 universalem,
376 2133 473 2195 quam
499 2113 710 2195 praemissae,
733 2132 887 2175 essenon
911 2130 1016 2194 posse,
1038 2118 1191 2175 extrema

114 2191 147 2255 in
169 2190 376 2256 conclusione
398 2213 462 2255 nou
484 2192 649 2267 universe,
672 2191 729 2255 sed
751 2213 792 2254 ex
816 2201 906 2276 parte
924 2212 1033 2256 secum
1048 2194 1192 2255 coniun-

114 2271 218 2356 genda
241 2282 324 2337 sunt.

157 2353 227 2419 104.
251 2353 372 2417 Octava
395 2352 508 2435 regula
531 2352 691 2437 probibet,
707 2352 883 2436 quominus
905 2374 945 2416 ex
967 2351 1095 2417 duabus
1113 2374 1192 2437 par-

116 2432 311 2499 ticularibus
334 2434 458 2577 aliipuid
483 2431 705 2497 concludatur.
723 2435 764 2498 Et
779 2452 866 2507 sane,
891 2433 965 2499 illae
988 2436 1190 2518 praemissae

116 2514 330 2599 particulares
350 2536 388 2578 ve
430 2524 503 2577 sunt
526 2515 648 2577 aientes
663 2515 748 2588 ,vel
772 2512 903 2579 illarum
924 2537 989 2580 una
1010 2523 1059 2579 est
1080 2516 1190 2590 aiens,

116 2595 216 2661 altera
239 2615 371 2679 negans.
396 2596 431 2657 ln
456 2594 563 2679 prima
578 2595 747 2681 hypothesi
765 2594 856 2677 ipsae
871 2595 994 2659 nullum
1009 2600 1193 2660 terminum

114 2674 334 2740 universalem
355 2674 520 2749 exhibent,
543 2682 640 2758 quia,
664 2696 736 2739 cum
759 2676 1005 2740 enunciationes
1028 2678 1092 2740 sint
1114 2696 1195 2759 par-

115 2755 289 2833 ticulares,
320 2756 463 2820 subiecta
493 2766 660 2839 nequeunt
692 2777 760 2819 esse
795 2756 926 2820 termini
954 2758 1194 2821 universaliter

115 2837 213 2901 sumti
228 2838 250 2911 ³,
275 2846 319 2913 et,
341 2857 416 2900 cum
439 2838 504 2900 sint
526 2837 771 2901 enunciatioues
791 2838 926 2911 aientes,
944 2836 1129 2922 praedicata
1145 2859 1194 2901 ex

117 2925 208 3012 parto
231 2938 308 2982 suae
331 2917 530 2983 extensionis
543 2919 754 2981 sumuntur&
770 2916 848 2981 lude
869 2917 905 2981 lit
926 2929 963 2983 ut
983 2917 1110 2981 medius
1126 2928 1195 2982 ter-

116 3018 226 3062 minus
248 3000 282 3062 in
304 2998 369 3063 illis
399 2998 611 3082 praemissis,
638 2998 707 3061 sive
733 2996 895 3076 subiecti,
919 2999 988 3063 sive
1011 2996 1195 3083 praedicati

117 3099 252 3145 munere
273 3078 465 3164 iungatur⁵‚
490 3098 667 3163 numquam
689 3079 919 3143 universaliter
943 3080 1048 3164 accipi
1075 3079 1192 3163 possit3

155 3291 166 3327 ¹
185 3288 252 3340 Hine
272 3302 411 3352 perperam
431 3290 490 3352 quis
510 3290 713 3341 ratiocinaretur
731 3290 783 3341 boc
803 3290 892 3340 modos
911 3292 1000 3341 Homo
1017 3304 1072 3339 non
1089 3298 1129 3342 eat
1146 3306 1195 3343 ae-

116 3372 215 3425 ter-oua·
235 3364 304 3425 etqui
322 3362 422 3411 animal
439 3375 493 3411 non
512 3366 548 3410 est
567 3367 712 3425 oeternum·
730 3376 790 3425 arpo
808 3363 885 3411 bomo
902 3376 957 3411 nan
975 3368 1012 3412 est
1029 3363 1142 3412 ommni.

154 3435 166 3470 ²
184 3432 213 3484 P.
235 3432 379 3483 37-38.-—⁸
399 3428 434 3483 Cl
451 3447 476 3494 p.
499 3430 649 3482 stoa-⁴
668 3428 705 3483 Cf
720 3447 747 3494 p.
767 3432 862 3482 stt-29.

154 3506 166 3542 l
185 3500 325 3554 Terminus
345 3504 447 3552 medius
467 3504 494 3553 ln
514 3503 667 3565 praemissis
689 3504 867 3554 diversimode
885 3517 948 3554 eum
967 3504 1093 3553 extremis
1112 3502 1196 3553 colli-

118 3577 175 3643 gari
195 3580 292 3640 potest.
314 3572 436 3635 Scilicet,
463 3574 505 3628 rel
531 3579 571 3627 est
596 3574 746 3628 subiectam
772 3575 800 3626 lo
826 3577 1005 3641 propositione
1029 3574 1142 3635 maiori,
1165 3582 1196 3628 et
