2475 3909
368 202 553 251 ruuouocm
577 202 765 252 narvnnurs
1001 179 1061 249 sot

40 292 79 351 ut
102 304 164 348 uua
188 283 229 348 ab
250 284 352 349 altera
374 286 520 371 pendeat.
545 288 615 352 Hoc
638 286 853 373 praestituto,
876 292 1104 367 argumentum

42 368 87 433 ita
109 365 288 432 conficitur.
306 368 342 433 iu
357 367 471 434 ordine
493 388 664 435 censorum
686 367 893 433 efficientium
916 381 1105 448 progressus

42 449 77 512 in
100 447 467 535 insanitumrepeiiitur,
491 463 587 537 atque
609 468 705 515 causa
728 449 850 533 prima,
871 466 955 532 quae
978 465 996 507 u
1019 442 1105 508 nulia

44 532 108 597 aiia
129 530 258 676 pendet,
282 532 517 618 expostulatur.
542 532 641 621 Atqui
663 531 743 595 haec
764 548 861 595 eausa
905 530 1002 604 rima,
1024 544 1106 611 qnae

44 635 63 677 a
87 635 128 678 nn
143 612 172 677 la
194 614 257 678 aiia
280 613 409 699 pendet,
431 628 478 682 est
501 616 600 682 Deus.
625 616 711 697 Ergo
733 613 843 677 existit
894 630 964 674 eus.

85 695 136 761 24.
158 696 268 761 Maior
288 718 327 761 en
350 718 390 762 eo
411 698 586 783 probatur,
607 695 696 784 quod
719 696 746 759 si
768 712 957 781 progressus
980 689 1034 755 ilie
1054 686 1108 751 ad·

47 779 256 855 mitteretur,
283 777 392 844 nuilus
414 790 525 845 extare
547 791 656 865 posset
676 776 820 843 effectus.
844 776 886 840 Et
906 794 1006 849 sune,
1030 769 1110 865 ordo

46 880 216 925 causarum
238 860 446 927 efficientium
475 862 509 927 in
530 882 568 928 eo
590 860 760 935 consistit,
811 855 877 921 uod
900 857 1043 941 primum
1071 862 1111 917 set

48 962 141 1007 conso
161 944 283 1020 taedii,
305 952 338 1009 et
365 943 501 1008 medium
528 966 624 1009 causo
650 942 769 1006 ultimi.
825 940 916 1025 iqui,
939 942 966 1003 si
993 950 1111 1007 'causare

49 1024 235 1091 huiusmodi
258 1034 373 1102 essent,
398 1035 432 1090 ut
453 1046 516 1090 una
539 1026 580 1091 ab
601 1026 666 1091 alia
688 1022 864 1109 penderet,
887 1022 1019 1087 ethaeo
1042 1038 1113 1082 rur-

50 1125 105 1171 sus
128 1104 169 1171 ab
190 1106 266 1183 alia,
281 1109 376 1172 etsie
397 1105 551 1193 deinceps
574 1109 608 1173 iu
624 1106 799 1182 infinitum,
822 1101 946 1187 aliquid
969 1101 1112 1187 primum

51 1208 227 1285 numquam
248 1190 405 1275 assignari
430 1200 548 1276 posset.
573 1192 688 1275 Ergo,
712 1185 853 1253 admisso
877 1203 1059 1279 progressu·
1079 1183 1113 1246 in

53 1268 216 1336 infinitum
243 1272 278 1335 iu
307 1274 414 1337 causis
443 1270 687 1348 efficientibus,
710 1288 826 1333 causae
854 1268 979 1351 primae
1008 1264 1115 1329 adrtus

74 1350 327 1420 raooluderetur.
347 1355 461 1439 Atqui,
484 1366 611 1420 remota
633 1372 742 1425 causa,
763 1360 948 1415 removetur
970 1347 1112 1413 effectus.

51 1374 153 1520 drgo,
175 1456 250 1499 cum
272 1456 335 1500 non
357 1438 400 1501 sit
420 1457 517 1503 causa
539 1437 673 1522 prima,
696 1452 802 1579 neque
824 1450 938 1495 causae
961 1427 1112 1525 mediae,

53 1538 90 1581 ao
112 1516 246 1637 proiqde
266 1538 371 1603 neque
394 1519 554 1593 ultimae,
578 1538 683 1605 neque
711 1518 745 1580 ul
760 1534 796 1579 us
818 1513 949 1578 effectus
978 1520 1115 1576 existere

75 1610 183 1664 osseut
213 1647 221 1661 .

53 1620 145 1747 p25.
162 1680 272 1746 Tertia
291 1682 378 1747 ratio
399 1702 441 1747 ex
462 1682 561 1747 variis
583 1680 728 1747 eutitstis
751 1675 923 1775 gradibus,
938 1676 996 1761 qui
1019 1674 1054 1739 in
1068 1696 1117 1738 re·

54 1763 117 1829 bus
135 1764 373 1841 inveniuntur,
396 1764 549 1829 ducitur:
574 1765 655 1829 Sane
677 1764 711 1828 in
732 1761 783 1825 hrs
804 1760 970 1824 invenitur
995 1756 1118 1841 aliquid

54 1845 182 1930 magis,
204 1855 237 1910 et
264 1846 374 1911 minus
394 1844 545 1923 bouum,
569 1866 705 1921 verum,
730 1840 912 1929 perfectum
933 1852 995 1906 etc.
1017 1842 1119 1925 Atqui

55 1927 177 2010 magis,
200 1937 233 1992 et
254 1928 362 1993 miuus
383 1926 523 2005 bonum,
547 1948 679 2003 rerum,
703 1923 884 2011 perfectum
906 1922 1059 1989 dicuutur
1080 1922 1119 1985 de

56 2007 218 2084 dirersis,
241 2018 339 2095 prout
366 2007 586 2076 diversimode
615 2009 878 2094 appropinquant
906 2005 947 2070 ad
969 2003 1119 2090 aliquid,

56 2090 145 2174 quod
166 2102 215 2158 est
236 2093 376 2157 maxime
397 2092 474 2170 tale,
496 2111 613 2179 nempe
635 2090 724 2176 quod
744 2099 792 2154 est
813 2088 999 2173 optimum,
1022 2088 1120 2153 veris·

55 2173 188 2251 simum,
201 2172 487 2271 perfectissimum,
503 2192 540 2237 oc
555 2171 694 2259 proinde
716 2170 804 2258 quod
818 2179 867 2236 est
887 2172 1029 2235 maxime
1050 2189 1120 2235 eus.

57 2256 147 2338 Ergo
168 2255 309 2353 ahquid,
332 2257 419 2341 quod
441 2256 483 2322 sit
504 2257 645 2321 maxime
667 2275 735 2331 ens,
758 2253 881 2318 existit.
905 2251 1004 2338 Atqui
1026 2250 1121 2325 illud,

57 2335 147 2422 quod
168 2338 292 2404 dicatur
313 2340 454 2405 maxime
477 2335 540 2405 tale
565 2340 597 2402 in
621 2338 733 2423 aliquo
757 2355 889 2420 genere,
903 2344 952 2399 est
972 2355 1070 2400 causa
1091 2356 1125 2399 o·

59 2419 197 2496 muium,
217 2440 302 2505 quae
324 2420 365 2485 ed
386 2419 468 2487 ittud
491 2440 593 2507 gemm
614 2421 788 2505 pertinent.
804 2418 892 2501 Ergo
916 2414 996 2482 iilud
1021 2419 1125 2484 maxi·

56 2521 112 2565 me
132 2522 190 2567 ens
210 2522 306 2567 causa
328 2503 370 2570 sit
390 2513 518 2590 oportet
538 2503 644 2589 ipsius
663 2522 750 2578 esse,
774 2520 811 2565 ac
833 2500 934 2564 totius
956 2498 1123 2575 bonitatis,

60 2584 223 2662 veritatis,
247 2593 279 2650 et
300 2584 529 2671 perfectiouis,
552 2604 637 2733 quae
660 2586 694 2651 in
717 2581 854 2648 diversis
875 2582 1005 2649 entibus
1027 2583 1123 2648 inest.

58 2665 130 2729 Iam
151 2665 212 2732 hoc
232 2686 289 2733 eus
309 2666 392 2733 ittud
412 2678 472 2745 est,
494 2687 561 2753 quo
604 2667 729 2733 dicitur
749 2664 848 2730 Deus.

102 2747 155 2813 26.
178 2747 301 2825 Quarta
321 2752 406 2817 ratio
427 2772 471 2817 ex
491 2750 711 2835 contingentia
732 2770 866 2826 rerum,
888 2768 973 2833 quae
996 2756 1072 2813 sunt
1093 2747 1127 2811 in

59 2827 198 2909 mundo,
221 2828 373 2905 infertur.
396 2834 444 2899 Re
466 2831 602 2920 quidem
626 2852 719 2910 vera,
742 2850 819 2909 res,
841 2849 925 2915 quae
949 2827 1127 2896 inmundo

101 3086 113 3126 ¹
131 3087 224 3155 Neque
249 3088 375 3157 effoetum
401 3091 508 3158 aliquod
526 3106 633 3157 sperare
657 3091 748 3145 vatent
777 3092 920 3145 adversartt
940 3106 972 3144 ex
991 3092 1130 3157 hypothesi

61 3164 146 3216 uertet
171 3164 288 3216 infinitas
311 3178 473 3228 mutuum,
493 3170 521 3218 st
538 3164 683 3219 effectuum
708 3167 736 3215 tn
760 3166 829 3218 tinea
855 3162 1131 3217 circumcidentur

60 3236 173 3289 absurdi
192 3238 218 3287 iu
236 3235 288 3289 hro
306 3236 445 3301 hypothesi
464 3239 607 3304 praecipuo
625 3238 743 3298 obtinet,
761 3238 830 3303 quod
850 3239 903 3289 duo
921 3240 992 3289 eutis
1012 3240 1064 3289 sint
1082 3239 1132 3289 sibi

61 3314 162 3361 mutuo
180 3322 261 3361 causa
280 3310 360 3361 simut
378 3316 406 3362 st
423 3308 543 3363 effectus.
563 3309 649 3371 Suus,
670 3325 799 3376 ponamus
818 3311 948 3363 circutum
969 3313 1050 3361 istum
1069 3324 1133 3361 cou-

61 3389 139 3435 stars
157 3382 264 3433 entibus
281 3384 316 3442 Δ,
330 3384 363 3442 B,
380 3386 408 3444 c,
422 3385 456 3435 D.
477 3381 592 3444 Ertdcus
610 3388 651 3436 est
669 3398 716 3436 sus
735 3386 757 3436 A
778 3398 835 3435 stas
855 3398 965 3435 causam
984 3386 1133 3448 proximam

62 3456 138 3507 ontis
157 3457 190 3516 B,
212 3459 240 3506 et
258 3461 389 3506 remotam
408 3457 477 3507 sutis
496 3459 531 3520 υς
550 3470 614 3522 ergo
633 3470 680 3509 ens
700 3459 724 3509 t)
743 3462 813 3509 esset
830 3455 941 3508 edoctus
958 3458 1027 3507 eutis
1044 3458 1079 3508 A.
1100 3453 1134 3506 At

64 3529 95 3578 iu
117 3528 221 3579 circulo
239 3540 287 3578 eus
307 3530 332 3579 D
350 3534 420 3579 esset
438 3531 521 3580 ettam
539 3544 619 3581 causa
640 3530 710 3581 eutis
722 3533 757 3591 A,
777 3543 839 3594 erpo
858 3542 905 3581 eus
925 3530 949 3580 t)
968 3532 1037 3581 osset
1055 3530 1135 3580 simul
1174 3534 1185 3554 '

64 3614 164 3723 quumi
183 3605 211 3653 ot
228 3600 339 3653 effectus
357 3603 426 3653 entis
444 3604 478 3663 A,
499 3607 526 3655 et
544 3604 604 3655 tdeo
622 3603 707 3667 ipsam
725 3606 766 3655 sui
787 3616 896 3654 causam
916 3601 1076 3656 efficientem
1095 3599 1135 3654 st·

86 3685 151 3724 eere
168 3709 174 3721 .

917 3743 938 3787 tr
