2475 3909
139 157 183 220 ro
530 172 730 223 nourcae

100 265 242 330 creatae,
264 262 312 318 est
334 253 439 318 minus
461 264 555 319 notus
575 256 677 329 nodis,
698 277 796 342 quam
815 257 908 322 istae.
923 253 1031 330 Quare
1046 273 1166 318 secun·

103 336 184 401 dum
207 336 294 422 ipsos
315 356 404 400 mens
426 345 533 400 nostra
555 336 594 401 ad
617 337 677 404 Dei
691 339 840 404 notitiam
855 357 918 401 non
934 336 995 401 nisi
1011 357 1052 400 ex
1067 335 1166 401 nehus

106 420 223 485 creatis
245 419 402 506 pervenit.
430 419 541 503 Itaque
568 422 624 506 qui
654 423 798 507 priorem
824 418 1015 485 sententiam
1043 428 1165 495 tenem,

104 511 254 567 statutam
277 499 417 568 methodi
439 501 544 586 legem
564 504 608 568 ita
631 504 893 590 interpretantur,
909 510 946 598 ut
959 499 1066 598 abiis,
1081 521 1165 646 eduae

104 586 226 648 notiora
243 596 357 648 amoro
379 605 438 648 eun
458 593 542 661 sunt,
558 585 839 672 investigationem
852 587 920 650 reri
935 591 1088 649 rustrtueu
1112 605 1167 649 am

106 687 173 730 esse
196 666 397 742 contendant;
420 666 475 752 qui
498 687 575 732 vero
597 667 706 746 aliam,
722 667 829 744 abiis,
850 687 933 753 quae
949 665 1073 730 notiora
1091 675 1168 731 sunt

105 747 202 814 aedis.
227 749 314 814 Haec
336 748 374 813 ad
399 749 529 834 regulae
557 751 816 836 explanationem
844 747 986 814 innuisse
1014 749 1090 814 satis
1111 749 1167 826 sit;

106 831 327 916 quaestionem
350 831 436 897 enim
455 830 610 897 dirimere
633 832 672 897 ad
695 832 884 979 ldeolopiom
906 839 1035 916 spectat.

145 911 180 975 2⁰
201 914 441 1000 Quamplurimi
465 915 674 1000 Philosophi,
695 915 775 980 duce
810 914 952 990 artesio,
974 911 1091 979 docent
1111 931 1170 976 no-

104 997 201 1072 tiora,
222 1017 263 1060 ex
284 995 402 1080 quihus
423 994 462 1059 ad
485 997 592 1063 minus
614 1008 688 1063 nota
711 997 747 1062 lit
766 994 960 1083 progressio,
975 1015 1016 1059 ex
1037 1015 1071 1060 se
1092 1015 1170 1081 per·

105 1078 219 1161 spicue
238 1099 306 1143 esse
328 1089 489 1164 oportere.
513 1083 555 1145 ,tt
577 1079 681 1156 salso;
703 1101 776 1144 nam
802 1078 834 1144 id
857 1077 1035 1144 necessario
1060 1078 1170 1142 locum

17 1216 21 1227 „
105 1159 200 1226 habet
221 1161 253 1224 in
278 1162 412 1225 scientia
438 1162 563 1245 prima,
587 1179 701 1246 nempe
725 1164 757 1227 in
780 1161 1020 1248 Metaphysica,
1042 1159 1168 1246 quippe

105 1263 190 1329 quaa
213 1243 333 1308 nullam
357 1243 452 1306 aliam
475 1245 642 1310 scientiam
665 1266 763 1330 supra
784 1265 817 1309 se
840 1242 946 1319 hahet,
963 1241 1017 1306 sed
1039 1244 1072 1307 in
1095 1242 1170 1306 aliis

106 1325 249 1389 scientiis
271 1326 415 1401 notiora,
438 1327 619 1412 exquibus
641 1329 729 1413 ipsae
751 1325 1012 1413 proficiscuntur,
1035 1335 1172 1411 possunt

107 1426 198 1483 esse,
223 1419 260 1480 ut
278 1407 359 1473 alihi
382 1406 528 1474 diximus
544 1410 574 1487 ¹,
597 1421 654 1475 aut
675 1431 736 1487 ea,
758 1429 839 1495 quae
861 1429 920 1494 per
940 1428 973 1472 se
996 1417 1070 1472 sunt
1092 1425 1167 1492 per-

107 1490 243 1588 spicua,
270 1501 325 1557 aut
345 1511 406 1568 ea,
428 1511 512 1574 quae
535 1493 797 1577 perspicuitatem
818 1509 859 1555 ex
881 1490 1052 1576 principiis
1073 1508 1170 1574 supe-

110 1573 209 1637 rioris
234 1573 392 1638 scientiae
415 1585 639 1658 assequuntur.
1007 1611 1013 1622 -

154 1655 185 1724 7.
207 1655 318 1721 hltera
342 1654 394 1719 lex
426 1653 516 1720 iuhet
536 1676 554 1718 a
576 1665 652 1720 noto
674 1653 714 1719 ad
743 1655 890 1740 ignotum
920 1652 1074 1737 proderint
1096 1671 1174 1749 pro-

111 1734 216 1822 gredi,
240 1739 283 1804 ita
305 1746 342 1804 ut
361 1738 506 1821 singulae
522 1739 745 1804 conclusiones
765 1757 806 1800 ex
819 1736 990 1833 principiis
1010 1735 1173 1820 proximis

114 1817 315 1898 eliciantur,
338 1837 441 1905 neque
463 1820 549 1885 ullus
583 1822 668 1886 inter
688 1841 743 1884 eas
762 1818 868 1884 hiatus
889 1827 1016 1884 existat.
1039 1815 1172 1883 Etenim

107 1899 256 1986 cognitio
278 1903 411 1970 ultimae
434 1902 681 1969 conclusionisa
704 1901 887 1986 cognitione
902 1900 1048 1966 omnium
1069 1917 1173 1963 enun-

106 1981 312 2064 ciationum,
335 2004 416 2070 quae
439 1986 469 2049 ei
493 1996 747 2070 praecesserunt,
771 1982 909 2068 pondet3
930 2002 1030 2066 quare
1051 1981 1113 2045 nisi
1135 1999 1172 2042 o-

110 2085 200 2162 mues
226 2065 469 2132 enunciationes
491 2077 675 2154 compertae
697 2065 790 2130 nohis
811 2067 897 2143 sint,
920 2063 1094 2153 perlectam
1116 2081 1172 2125 eo-

110 2147 289 2234 gnrtionem
311 2149 359 2212 rei
383 2146 519 2234 adipisci
542 2170 604 2214 non
628 2169 807 2234 possumus.

149 2229 180 2294 8.
205 2229 312 2295 Tertia
335 2229 387 2294 lex
409 2233 521 2298 statuit
541 2232 773 2295 connexionem
793 2230 879 2294 inter
898 2249 1009 2292 omues
1044 2243 1171 2309 rogres·

97 2307 212 2376 'sionis
236 2311 353 2396 gradus
375 2311 561 2377 servandam
583 2333 665 2389 esse,
688 2313 732 2378 ita
756 2311 844 2378 utin
868 2308 956 2375 illam
979 2245 1067 2374 nulla
1088 2311 1171 2373 irre·

108 2402 164 2478 pat
186 2396 372 2461 enunciatio
393 2415 467 2460 cum
489 2417 537 2470 ea,
558 2413 643 2480 quae
664 2395 727 2479 ipsi
749 2391 926 2479 praecedit,
941 2391 1025 2458 hand
1046 2409 1167 2456 coune-

109 2495 161 2538 xa.
186 2477 315 2542 Etenim
336 2477 463 2563 quoties
486 2479 570 2542 inter
589 2476 841 2552 enunciationes,
857 2474 1031 2561 exquibus
1051 2472 1167 2557 cogui-

108 2555 155 2626 tio
177 2557 351 2626 scientifica
372 2556 554 2636 deducitur,
570 2560 619 2625 vel
641 2581 705 2624 una
730 2568 852 2624 tantum
874 2577 947 2622 cum
963 2553 1169 2642 praecedenti

109 2658 172 2703 non
195 2639 385 2728 colligatur,
407 2643 521 2708 ultima
545 2640 708 2707 conclusio
729 2661 769 2704 ex
791 2639 962 2725 principiis
983 2637 1052 2702 suis
1072 2635 1171 2700 mini-

110 2740 162 2786 me
183 2719 266 2801 lluit,
289 2733 320 2789 et
341 2724 530 2800 conclusio,
553 2744 636 2810 quae
656 2745 697 2788 ex
719 2723 890 2807 principiis
911 2721 979 2784 suis
1000 2739 1063 2783 non
1083 2715 1169 2790 lluit,

111 2803 279 2870 veritatem
300 2809 478 2891 quaesitam
499 2805 669 2891 complecti
690 2807 814 2890 nequit.

539 2928 676 2996 CAPVT
696 2927 738 2992 ll.

349 3051 393 3116 lla
413 3051 559 3118 dirersis
579 3051 753 3136 speciebus
771 3045 918 3114 methodi
1024 3035 1029 3046 ’

222 3169 534 3227 Αιτ.1.-1)ἰνοηετιιιιι
553 3174 738 3226 methodorum
758 3175 880 3224 notiones
897 3175 1064 3236 exponuntur

149 3285 181 3350 9.
207 3282 401 3379 Methodus,
429 3305 505 3382 pua,
528 3282 705 3381 secundum
727 3281 871 3348 diversas
900 3278 1171 3376 Philosophorum

110 3374 296 3444 sententias,
318 3369 519 3453 cognilrunes
541 3363 732 3432 scientificae
745 3385 854 3430 rerum
876 3361 968 3428 nohas
981 3381 1168 3447 comparare

113 3466 305 3539 possumus,
326 3460 375 3516 est
395 3449 446 3517 rel
468 3448 657 3534 omolopico,
680 3447 732 3515 rel
747 3443 975 3535 prgclologico.
997 3441 1169 3511 Methodus

147 3641 158 3686 ⁸
177 3637 207 3698 P.
227 3639 261 3696 63
280 3644 306 3691 et
324 3639 371 3693 ut.

11 3792 116 3874 La
