2475 3909
465 188 695 239 nuuxurxoon
1011 168 1070 235 119

101 267 144 337 59.
165 269 245 336 lttud
265 267 318 334 hic
339 280 480 354 praestat
494 272 648 339 adnotare
670 278 781 337 contra
795 267 949 335 Reidium
964 266 988 344 ¹,
1003 287 1112 333 neees-

72 355 173 419 sariam
193 373 260 418 esse
287 355 521 419 connexionem
543 357 629 422 inter
649 355 809 420 actionem
831 351 880 417 rei
902 359 1054 415 externae
1077 351 1112 413 in

71 453 221 522 organum,
244 442 276 500 et
297 437 535 516 sensationom;
559 458 634 503 nam
656 455 766 502 sensus
787 434 822 498 in
843 433 1053 508 sensatione,
1076 443 1113 496 ut

70 515 217 596 diximus,
239 518 339 599 coepit
362 538 436 583 cum
462 518 602 599 obiecto,
626 519 727 598 idest,
749 536 884 594 sensus,
907 512 1112 600 suscipiendo

69 599 95 662 in
113 621 142 665 se
162 602 313 688 speciem,
329 619 361 665 se
377 603 545 668 constituit
558 604 733 670 terminum
748 595 838 665 iliius
852 596 1001 675 actionis,
1016 616 1114 681 quam

70 679 217 750 obiectum
235 686 266 748 in
282 702 403 766 organo
419 682 580 769 producit.
596 685 804 770 Quapropter
818 680 1001 767 impressio,
1015 698 1114 763 quam

71 762 215 831 obiectum
237 764 335 830 efficit
348 765 381 829 in
402 785 537 851 organo,
553 779 586 833 et
606 767 744 834 seusatio
758 763 839 830 adeo
852 782 1016 828 connexae
1029 760 1130 824 inter

69 866 95 910 se
113 859 204 924 sunt,
226 856 263 913 ut
281 867 378 910 uuam
401 847 622 934 operationem
643 848 861 923 constituant,
884 865 966 930 quae
988 839 1116 929 profici·

69 929 154 996 scitur
174 929 215 995 ab
236 929 375 1004 obiecto,
391 942 424 995 et
444 928 563 999 desinit
584 933 740 998 insensu.
765 927 846 993 Item
867 927 1048 992 necessaria
1067 933 1116 989 est

69 1015 213 1078 connexio
236 1013 322 1076 inter
341 1012 552 1077 consutionem
575 1023 608 1079 et
628 1011 878 1100 perceptionem.
896 1009 1024 1076 Etenim
1046 1027 1116 1072 sen-

69 1094 146 1171 satio,
163 1095 229 1159 sire
253 1096 414 1179 susceptio
437 1095 559 1179 speciei
582 1106 631 1162 est
650 1116 759 1172 causa,
782 1112 908 1178 exque
930 1111 1041 1156 sensus
1062 1087 1116 1153 de-

69 1179 247 1244 terminatur
276 1175 314 1239 ad
337 1196 406 1240 rem
436 1177 705 1262 percipiendam
727 1182 927 1276 quapropter
948 1175 1115 1260 perceptio

70 1271 110 1324 est
129 1259 228 1327 vetuti
250 1257 380 1322 effectus
401 1261 605 1326 sensationis.
621 1262 720 1346 Atqui
737 1269 821 1326 inter
834 1277 976 1334 causam,
992 1264 1025 1321 et
1039 1253 1116 1321 ette-

70 1351 143 1404 ctum
158 1339 368 1407 connexionis
382 1341 547 1406 vincutum
562 1340 743 1408 intercedit.
759 1343 805 1407 Er
828 1360 847 1403 o
863 1338 948 1405 inter
962 1337 1116 1404 sensatio-

70 1441 141 1498 nem,
156 1435 189 1490 et
203 1422 444 1510 perceptionem
467 1425 627 1491 connexio
644 1426 787 1490 existere
806 1359 913 1487 dehet.

99 1505 144 1570 60.
168 1509 221 1572 Ex
244 1505 529 1592 propositionibus,
553 1527 634 1592 quas
655 1503 957 1579 demonstravimus,
979 1500 1045 1566 duo
1066 1523 1118 1567 co·

68 1585 185 1653 retiario
209 1596 461 1674 consequuntur.
484 1588 632 1653 Primum
652 1598 725 1665 est,
747 1585 834 1674 quod
856 1605 893 1650 co
940 1585 999 1651 itio
1020 1586 1119 1649 sensi·

67 1670 120 1733 tica
140 1670 179 1734 ab
202 1670 308 1734 anima
331 1670 498 1746 sentiente,
520 1679 552 1736 et
573 1669 613 1735 ab
636 1671 762 1736 obiecto
782 1666 927 1734 sensibii
949 1666 1046 1732 simut
1069 1669 1115 1731 tit.

69 1750 176 1817 edisio
199 1751 390 1838 corporatis,
407 1750 514 1836 inquit
535 1773 560 1816 s.
577 1752 725 1830 Thomas,
741 1771 807 1816 oon
829 1748 973 1837 procedit
994 1758 1117 1814 tantum

68 1836 200 1918 aspecie
223 1835 395 1900 exterioris
417 1834 586 1920 corporis,
609 1832 665 1900 sed
687 1831 784 1899 simul
807 1853 881 1897 cum
902 1832 961 1896 hoc
982 1852 1001 1895 a
1021 1851 1118 1895 sensu

69 1915 225 1982 uidentis²
252 1939 281 1981 s.
305 1918 348 1983 Et
369 1914 467 1980 alibi:
490 1941 507 1980 «
531 1915 602 2001 ipsa
623 1916 707 1982 visio
728 1913 906 1979 secundum
929 1914 977 1977 rei
998 1914 1118 1978 verita-

68 2003 120 2061 tem
141 2019 205 2063 non
227 2008 276 2064 est
319 1997 402 2062 assio
424 1997 614 2084 corporatis,
637 1997 692 2063 sed
716 1995 907 2083 principalis
927 1995 1000 2060 eius
1021 2015 1119 2060 causa

68 2088 107 2142 est
124 2082 229 2146 virtus
250 2081 280 2145 vi
304 2081 386 2145 entis
408 2079 420 2115 ¹
445 2102 474 2144 n.

100 2160 145 2226 et.
168 2161 317 2227 Alterum
340 2171 414 2237 est,
436 2159 524 2246 quod
544 2160 652 2227 omnis
672 2160 838 2236 sensatio,
861 2159 928 2225 sive
954 2157 1119 2245 perceptio

69 2243 206 2335 sensitiva
229 2249 300 2330 ipsa
330 2262 442 2329 perse
469 2242 631 2309 obiectum
655 2264 750 2308 suum
778 2239 955 2327 patefacit,
977 2243 1058 2316 sire,
1085 2249 1121 2305 ut

69 2334 157 2402 arunt,
180 2333 229 2391 est
250 2324 412 2390 obiectioa.
436 2326 625 2403 Enimvero,
640 2326 747 2391 anima
768 2325 803 2388 in
816 2325 995 2390 sensatione
1016 2322 1119 2387 refer-

69 2411 113 2498 tur
132 2405 171 2472 ad
194 2405 371 2485 obiectum,
394 2416 559 2492 tamquam
575 2407 701 2492 patiens
721 2404 762 2470 ad
784 2426 895 2490 agens,
915 2407 993 2490 quia
1015 2424 1120 2469 sensa-

68 2493 104 2550 tro
123 2499 169 2554 cst
194 2488 340 2575 operatio
362 2490 514 2572 passiva,
537 2494 632 2554 cuius
651 2489 810 2558 terminus
832 2498 881 2555 est
902 2488 1066 2575 suscipere
1087 2505 1121 2549 a·

67 2567 193 2634 ctionem
214 2570 262 2636 rei
286 2581 436 2637 externae
451 2569 641 2657 productam
655 2572 689 2634 in
711 2588 833 2653 organo
846 2570 1003 2634 sensorio.
1020 2569 1118 2652 Atqui

67 2667 149 2716 omne
182 2653 309 2738 patiens
336 2654 515 2718 necessario
542 2649 684 2717 retertur
704 2650 744 2716 ed
764 2669 873 2798 aperus.
903 2652 991 2736 Ergo
1013 2670 1121 2715 sense-

69 2731 106 2794 tio
124 2735 303 2800 necessario
325 2733 466 2799 refertur
488 2734 528 2799 ad
550 2732 740 2810 obiectum,
762 2734 773 2796 i
796 2753 900 2818 eoque
922 2734 1028 2798 omnis
1049 2751 1118 2796 sen-

67 2815 135 2879 satio
155 2828 205 2882 est
226 2815 399 2882 obiectira.
421 2815 515 2892 Quod
536 2817 564 2880 si
586 2817 693 2880 omnis
714 2815 854 2881 semotio
874 2826 924 2880 est
944 2813 1119 2890 obiectiva,

69 2891 158 2980 liquet
179 2895 371 2963 obiectivam
399 2899 497 2976 etiam
520 2918 588 2963 esse
608 2917 738 2963 ornnem
759 2897 1019 2983 perceptionem,
1042 2896 1121 2982 quia

68 2981 224 3069 perceptio
249 2980 281 3043 in
303 2999 343 3044 eo
364 2979 522 3056 consistit,
544 2977 632 3065 quod
652 2999 762 3044 seusus
784 2980 850 3044 vim
873 3000 965 3045 suam
987 2976 1122 3044 intendit

69 3077 96 3120 m
116 3063 224 3146 ipsum
246 3059 412 3127 obiectum
432 3061 634 3128 cessationis.

179 3189 248 3243 An.
269 3189 487 3256 V.-Quaedam
506 3193 577 3243 circa
597 3191 699 3256 spectes
718 3193 826 3243 sensttes
842 3192 1003 3244 adnotantur

104 3300 153 3366 62.
177 3301 273 3366 Circa
288 3301 423 3386 species,
440 3322 499 3388 per
513 3322 593 3389 quas
607 3299 660 3368 r'es
674 3301 805 3367 sensiles
818 3300 1027 3388 percipimus,
1043 3301 1121 3367 haec

71 3377 246 3448 adnotanda
266 3390 351 3448 sunt:
416 3399 418 3404 ’

101 3581 109 3616 ³
129 3579 282 3632 Rectoretsr
299 3592 345 3629 aur
364 3577 488 3629 dentsnd.
508 3579 591 3639 tcum,
611 3593 638 3630 e.
658 3576 687 3638 2,
706 3580 815 3644 possim.

103 3651 115 3693 ²
135 3649 155 3713 l,
177 3665 206 3719 q·
225 3645 323 3712 scut,
344 3663 371 3702 s.
390 3649 406 3701 t
425 3650 458 3702 ad
477 3650 562 3702 t.··-³
581 3655 621 3706 De
639 3658 703 3714 ente,
723 3657 746 3704 et
763 3655 884 3715 caremtc,
902 3654 949 3704 ltb.
970 3651 991 3713 1,
1012 3669 1037 3704 e.
1059 3656 1085 3702 τ,
