2475 3909
505 224 687 275 orrannum
1067 210 1106 277 61

75 314 164 403 quod
186 335 288 383 unum
322 311 360 377 ad
389 310 502 391 aliud,
536 324 699 396 tamquam
724 333 820 377 cansa
840 309 881 376 ad
902 310 1079 393 effectum,
1101 310 1152 380 ael
1215 364 1220 373 .

75 414 247 485 tamquam
268 396 403 463 effectus
429 393 469 461 ad
491 413 634 471 causam,
656 392 804 459 ordinem
825 392 922 460 habet
935 396 958 459 ⁴.

351 530 419 585 liar.
434 528 479 581 ΙΙΙ.
493 557 525 569 -
536 528 571 579 lle
589 533 725 595 categorla
744 534 880 597 qualitatis

118 646 188 711 161.
211 642 297 722 Quid
319 643 362 708 sit
382 638 544 725 qualitas,
571 646 604 703 et
624 659 783 723 quaenam
811 641 883 705 eius
906 661 921 705 s
944 640 1050 717 ecies,
1084 640 1152 704 iam

75 729 110 793 in
133 724 267 811 topica*
290 722 510 815 exposuimus.
540 719 603 785 Hic
624 729 749 788 tantum
771 661 999 807 inquirendum
1027 731 1092 800 est,
1114 744 1154 787 u·

77 821 178 885 trum,
201 828 300 873 necue
322 804 455 892 qualitas
482 802 523 868 sit
544 803 695 888 specialis
715 805 892 889 categoria.

118 890 263 954 Dubium
284 910 325 953 ex
348 908 386 953 eo
408 886 592 961 enascitur,
620 884 708 971 quod
731 896 801 951 tum
822 884 1006 952 differentia
1027 884 1154 972 specili-

76 995 127 1048 ca,
151 982 218 1038 tum
240 969 431 1043 accidentia,
458 988 541 1056 qnae
564 965 781 1033 determinant
792 970 964 1035 essentiam
977 968 1025 1034 rei
1049 990 1068 1033 a
1089 966 1155 1032 dil·

78 1054 217 1122 lercntia
239 1050 387 1139 specifica
409 1051 634 1144 constitutam,
662 1060 828 1198 tamquam
846 1052 1013 1147 qualitates
1035 1049 1153 1117 intelli-

79 1145 212 1223 guntur.
228 1140 271 1200 At
284 1154 372 1212 vero,
388 1134 472 1199 utin
487 1133 533 1199 Lo
552 1153 602 1196 aaa
617 1132 682 1195 iam
705 1153 722 1196 a
748 1144 945 1211 notavimus,
967 1129 1153 1199 differentia

79 1218 250 1305 specifica,
273 1218 394 1365 quippe
416 1234 501 1313 quac
523 1150 719 1310 determinat
746 1235 846 1301 genus
873 1215 912 1281 ad
935 1216 1099 1300 speciem,
1120 1236 1151 1280 e.

80 1322 127 1386 g.,
151 1298 269 1365 animal
290 1298 330 1363 ad
372 1317 533 1371 ominem,
556 1305 725 1362 constituat
745 1296 980 1374 substantiam,
1023 1294 1154 1362 roinde·

78 1404 145 1470 que
166 1379 391 1447 confundenda
413 1400 476 1445 non
498 1391 547 1444 est
566 1399 642 1442 cum
662 1380 840 1464 qualitate,
863 1378 902 1445 de
925 1317 1062 1468 quadric
1084 1380 1152 1464 agi-

80 1486 166 1541 mus,
189 1463 350 1560 siquidem
372 1462 471 1538 haee,
494 1470 532 1527 ut
557 1458 719 1539 diximus,
742 1472 791 1527 est
811 1462 973 1548 quoddam
1002 1460 1155 1527 accidens

80 1548 281 1613 substantiae
305 1547 371 1611 iam
393 1543 583 1610 constitutae
606 1540 765 1608 additum.
786 1543 834 1609 lta
860 1566 901 1611 ue
924 1542 1004 1609 illud
1028 1543 1156 1608 dumta-

81 1641 139 1697 xat
161 1626 390 1716 inquirendum
412 1636 481 1702 est,
504 1634 614 1689 utrum
649 1628 732 1691 inter
764 1562 941 1693 accidentia
969 1625 1011 1690 sit
1032 1626 1157 1710 aliquis'

82 1710 198 1777 modus
243 1712 400 1785 ualitatis,
424 1710 481 1795 qui
503 1727 518 1771 s
542 1707 677 1773 ecialem
697 1710 894 1794 categoriam
916 1709 1102 1775 constituat.

21 1806 29 1819 '
83 1874 109 1938 Γ
126 1792 195 1937 16ὅὲ
219 1731 316 1891 drop.
341 1792 468 1857 Eaistit
493 1729 606 1875 aliquis
632 1791 741 1855 modus
771 1790 943 1876 qualitatis,
965 1792 1020 1876 qui
1041 1788 1157 1875 specia-

91 1896 125 1939 aa
148 1896 212 1940 eae
233 1896 302 1942 ortu
321 1886 375 1939 est.

127 1896 298 2022 Probdtur.
321 1955 489 2035 Quaedam
512 1951 690 2018 accidentia
718 1953 930 2020 substantiam
958 1952 1080 2039 qualem
1107 1949 1157 2015 ei·

84 2036 203 2105 ficiunt
223 2060 262 2104 eo
285 2039 393 2117 modo,
408 2039 466 2127 qni
489 2056 547 2101 nee
561 2035 748 2122 quantitati,
764 2056 824 2101 nec
844 2036 1009 2114 relationi,
1023 2055 1082 2101 nec
1095 2032 1156 2099 ulli

84 2120 144 2187 alii
167 2143 224 2186 sex
247 2123 485 2207 categoriarum
507 2116 681 2184 convenire
737 2127 829 2185 otest.
851 2121 952 2205 Atqui
975 2116 1158 2184 accidentia

86 2203 301 2289 significantia
330 2202 461 2270 modum
482 2201 581 2277 entis,
602 2201 660 2287 qni
683 2223 702 2265 a
746 2200 873 2267 nullum
900 2200 1003 2266 alium
1024 2197 1158 2265 modum

86 2284 202 2351 reduci
230 2296 350 2384 potest,
374 2285 414 2352 ad
440 2284 615 2372 specialem
643 2285 843 2370 categoriam
869 2282 1042 2351 referenda
1070 2290 1155 2348 sunt.

86 2368 176 2455 Ergo
201 2368 343 2457 aliquem
375 2364 508 2435 modum
530 2364 696 2452 qualitatis
725 2387 796 2432 esse
826 2364 1000 2453 specialem
1030 2374 1157 2449 catego-

86 2451 174 2515 riam
197 2470 255 2537 pro
276 2460 364 2517 certo
386 2448 568 2516 habendum
589 2459 648 2512 est.

132 2531 200 2598 166.
222 2534 361 2599 Maioris
381 2535 501 2599 veritas
528 2539 651 2596 constat
671 2551 712 2596 ex
732 2530 786 2607 iis,
809 2551 892 2618 quae
918 2530 951 2595 in
973 2532 1088 2617 Mqica
1109 2529 1159 2592 in·

88 2615 235 2680 nuimus.
258 2618 300 2683 Et
321 2637 408 2692 sane,
431 2616 607 2701 quantitas,
627 2611 761 2688 relatio,
775 2626 808 2680 at
820 2614 885 2679 alia
900 2616 1079 2682 accidentia
1093 2631 1159 2677 non

87 2698 289 2777 imuaedicte,
311 2697 366 2764 scd
392 2707 604 2784 consequenter
625 2696 803 2781 qualificont
826 2696 1034 2775 subiectum
1057 2694 1160 2783 siqui-

88 2776 165 2845 dem
186 2780 219 2846 in
242 2782 284 2847 iis
306 2781 495 2868 qualificatio
510 2777 710 2845 substantiae
724 2780 936 2865 consequitur
950 2778 1083 2848 modum
1103 2796 1160 2844 en-

90 2862 146 2939 tis,
168 2883 267 2949 quem
289 2864 429 2929 inillam
451 2858 608 2927 inducunt
622 2860 646 2924 ⁸.
669 2863 713 2927 At
732 2884 751 2927 e
771 2862 948 2939 contrario,
971 2870 1162 2947 suntquae·

90 2941 168 3009 dam
189 2945 380 3025 accidentia,
403 2966 485 3043 quae
497 2964 561 3040 per
581 2965 624 3020 se,
639 2941 699 3009 hoc
712 2947 773 3024 est,
794 2946 876 3031 quin
898 2943 1002 3011 alium
1023 2940 1158 3009 modum

91 3027 176 3093 entis
197 3027 374 3107 includant,
396 3029 583 3115 sempliciter
603 3024 692 3113 quale
713 3027 866 3094 efficiunt.
889 3026 929 3092 E.
943 3048 991 3126 g.,
1014 3024 1156 3101 seientia,

92 3108 208 3187 uirtus,
230 3109 356 3187 albedo,
378 3111 540 3188 rectitudo,
563 3110 702 3175 caruitne
715 3111 874 3197 ,aliaque
894 3106 1082 3176 huiusmodi
1105 3127 1159 3171 ac-

92 3190 232 3259 cidentia
254 3194 435 3261 subiectum
456 3194 595 3269 seientia,
619 3203 676 3258 aut
695 3195 813 3259 uirtute
829 3193 1021 3277 praeditum,
1042 3189 1158 3267 aidum,

91 3292 221 3355 rectam,
245 3288 301 3342 aut
321 3300 465 3355 careum,
489 3286 546 3342 aut
566 3276 641 3341 aliis
665 3274 700 3341 id
722 3297 824 3364 genus
845 3274 950 3341 modis
976 3272 1062 3361 quola
1082 3272 1160 3339 sim-

94 3358 226 3445 pliciter
245 3360 396 3427 efficiunt.

437 3541 773 3557 -Ἥ

133 3638 142 3675 ¹
163 3632 200 3689 Ct
214 3651 237 3688 s.
257 3632 368 3698 Bonas..
390 3640 420 3688 ln
439 3638 484 3689 lto.
507 3642 620 3700 lSent„
641 3638 706 3694 litat.
727 3639 811 3703 xxx,
831 3656 858 3693 a.
879 3644 906 3703 l,
925 3658 954 3709 q.
974 3645 991 3697 3
1008 3646 1089 3697 recol.

131 3708 222 3762 'Pan
244 3706 265 3770 Ι,
285 3725 310 3761 e.
332 3708 353 3771 l,
373 3726 401 3763 a.
418 3710 446 3771 9,
467 3726 494 3775 p.
513 3711 614 3773 tlt-tt,
634 3716 688 3766 rol.
710 3714 792 3766 l.-·⁸
810 3711 873 3768 Luc.
894 3719 941 3768 cit.
