2475 3909
139 129 201 195 362
426 145 610 195 rueouocm
635 147 823 196 nnnvnnnrs

143 230 212 294 149.
228 228 337 295 Obiic.
355 228 390 295 3⁰
410 230 587 294 Cousinus:
613 211 700 294 Deus*
722 243 769 294 est
791 251 887 294 causa
908 231 1069 299 absoluta.
1087 231 1175 318 Ergo

100 331 165 376 nou
210 322 293 377 otest
315 333 377 376 uon
401 311 581 396 producere
604 331 656 374 res
677 323 768 377 extra
791 333 836 377 se.

141 333 212 460 15d.
230 395 328 489 [desp.
345 393 426 477 Neo.
443 416 524 458 conr.
540 395 588 457 Rc
603 393 737 477 quidem
754 416 829 459 vera
844 415 884 456 ex
908 397 1041 461 notione
1058 418 1174 462 causae

100 474 265 542 absolutae
295 474 377 540 ntud
392 485 516 541 tantum
540 474 746 539 inserendum
770 488 830 551 est,
852 475 957 541 Deum
983 480 1104 546 virtute
1129 501 1178 544 res

101 558 231 623 creandi
248 581 311 624 non
327 557 367 622 ab
383 559 449 623 alio
463 557 591 632 donari,
606 556 661 621 sed
682 557 712 622 vi
736 579 813 623 suae
829 568 963 624 naturae
981 559 1069 637 lrui;
1085 583 1179 626 uum-

101 661 199 724 quam
220 662 298 706 vero
313 641 409 705 lllum
426 640 609 704 necessario
624 661 676 705 res
691 662 814 706 creare.
830 639 1021 715 Quinimmo
1037 665 1077 708 eo
1094 645 1179 729 ipso,

101 721 188 807 quod
211 720 300 788 Deua
319 734 368 788 est
389 742 485 787 causa
508 721 668 797 absoluta,
686 744 811 787 summa
827 723 907 786 Eius
930 723 1065 789 libertas
1088 726 1179 790 inno-

101 805 212 880 tescit3
228 807 294 870 Eos
309 806 397 869 enim
413 803 610 878 absolutum,
627 824 701 868 cum
724 804 786 869 sibi
812 804 998 890 plenissime
1014 809 1180 872 sufficiens

101 887 155 963 sit,
180 887 304 952 nullam
327 889 542 952 necessariam
557 886 750 950 relationem
771 907 846 950 cum
867 908 902 950 re
923 889 1110 955 extrinseca
1135 891 1182 954 io-

91 968 235 1034 'volvit¹.

427 1089 494 1144 Aur.
507 1092 552 1145 Vl.
561 1121 595 1131 -
608 1091 645 1143 ltu
665 1095 782 1157 potentia
802 1092 848 1144 liet

144 1197 213 1264 151.
236 1197 377 1262 Nomine
395 1199 548 1282 potentino
570 1199 640 1274 Dei,
665 1208 700 1264 ut
726 1199 844 1284 cuique
870 1211 1078 1292 compertum
1106 1213 1176 1273 est,

102 1300 166 1343 non
199 1279 380 1363 ntelligitur
402 1282 543 1365 potentia
565 1283 701 1364 passivo,
724 1301 808 1364 quae
831 1292 879 1345 est
896 1281 1105 1364 principium
1123 1301 1181 1364 pn-

102 1363 199 1426 ticndi
224 1359 260 1424 ud
287 1361 371 1438 olio,
395 1361 451 1428 sed
500 1363 769 1436 continuativa,
793 1383 876 1446 quae
903 1372 952 1428 est
975 1364 1182 1446 principium

102 1445 212 1528 oqendi
235 1444 269 1506 in
290 1443 414 1508 uliud².
431 1383 561 1512 Scilicet
587 1445 729 1530 potentia
746 1442 805 1510 Dei
829 1455 877 1510 est
899 1467 916 1505 n
931 1445 1001 1529 ipsa
1023 1445 1183 1516 scientia,

104 1525 152 1622 vel
175 1525 325 1643 voluutas
346 1525 480 1603 Divina,
502 1526 680 1592 secundum
702 1524 789 1613 quod
812 1537 860 1591 est
882 1527 1085 1611 principium
1109 1524 1185 1589 elle

103 1618 225 1673 clivum
260 1629 288 1669 u.

144 1689 214 1753 152.
241 1689 280 1754 Ut
301 1687 379 1752 haec
400 1689 490 1757 notio
513 1690 652 1755 Divinae
675 1689 843 1756 Potentiae
871 1685 1052 1751 dilucidius
1078 1687 1185 1772 expli-

103 1780 217 1847 cetur,
242 1770 400 1836 memoria
426 1771 644 1836 revocandum
670 1782 719 1836 ost
745 1769 784 1834 ad
812 1767 1034 1856 operationem
1057 1771 1187 1852 agentis

104 1851 332 1918 intellectualis
354 1851 437 1918 liniti
461 1874 655 1917 concurrere
678 1851 886 1927 intellectum,
909 1861 942 1914 et
962 1849 1187 1924 voluntatem,

104 1933 205 1998 veluti
229 1931 392 2018 principia
416 1933 567 2011 mediata,
584 1945 682 2028 atque
697 1935 889 2018 potentiam,
905 1951 989 2077 Ἱυειθ
1004 1952 1092 2016 opus
1109 1953 1187 1996 exe-

104 2013 226 2097 quitur,
245 2025 408 2098 tamquam
431 2017 631 2101 principium
663 2013 896 2080 immediatum.

105 2116 167 2160 nou
189 2097 325 2182 ponitur
348 2096 381 2159 iu
403 2095 485 2169 Deo,
502 2107 538 2162 ut
559 2095 682 2180 aliquid
699 2095 854 2160 dillerens
873 2114 890 2156 a
914 2094 1066 2168 scientia,
1082 2107 1119 2160 et
1135 2115 1188 2157 ro·

106 2174 227 2242 luntate
249 2176 426 2241 secuudum
450 2199 530 2253 rem,
550 2177 604 2241 sed
629 2176 733 2242 solum
757 2173 934 2242 secundum
957 2176 1139 2250 rationem,
1156 2174 1187 2238 in

104 2269 260 2342 quantum
280 2257 405 2322 scilicet
419 2259 562 2344 potentia
577 2259 732 2345 importat
747 2259 906 2322 rationem
927 2255 1085 2341 principii
1112 2279 1187 2320 exe·

105 2339 235 2423 quentis
258 2337 303 2416 id,
318 2339 405 2422 quod
423 2340 567 2404 voluntas
589 2341 740 2425 imperat,
756 2349 788 2404 et
809 2337 846 2402 ad
871 2335 957 2422 quod
981 2339 1124 2402 scientia
1140 2336 1187 2400 di-

106 2421 202 2506 rigit;
217 2437 301 2504 quae
325 2422 384 2484 tria
407 2420 474 2485 Deo
495 2421 674 2485 secundum
696 2421 783 2485 idem
806 2418 1028 2484 conveniunt*
1046 2442 1075 2481 ».
1095 2419 1187 2484 lusu-

436 2555 789 2574 ψ

929 2033 981 2075 um
1004 2037 1021 2072 u
1038 2015 1186 2096 potentia

108 2635 136 2679 et
155 2627 278 2679 Divinum
299 2631 379 2686 vello.
400 2636 427 2680 ct
447 2629 569 2682 Divinum
590 2633 667 2682 scire.
690 2629 739 2682 Scd
762 2629 882 2680 Divinum
901 2633 969 2680 scira
990 2630 1073 2682 habt-t
1095 2647 1188 2683 neres-

108 2702 207 2752 rariam
225 2701 406 2751 habitudinem
427 2704 459 2753 ad
478 2707 556 2762 suita,
572 2711 727 2753 nouantem
744 2702 864 2753 {livinum
878 2705 944 2751 velle
958 2702 991 2753 ad
1006 2706 1104 2762 rotitu
1119 2707 1189 2769 quod

109 2773 168 2823 ideo
187 2778 250 2832 eat,
269 2776 332 2837 quia
352 2775 461 2825 scientia
487 2777 600 2826 habetur
623 2777 655 2825 de
676 2777 775 2834 rebus,
800 2777 945 2825 secundum
970 2776 1044 2838 quod
1070 2785 1138 2827 enuit
1163 2783 1190 2827 iu

107 2845 219 2905 ucioot03
242 2849 365 2895 voluntas
384 2852 474 2896 autem
495 2855 667 2909 comparatur
686 2850 718 2898 ad
738 2861 796 2905 res,
817 2847 963 2896 secuudum
983 2847 1057 2910 quod
1078 2856 1146 2898 sunt
1164 2853 1190 2900 in

107 2918 213 2979 nuptu.
232 2915 299 2980 Quia
322 2919 401 2980 igitur
424 2921 514 2968 omnia
534 2923 585 2967 altr
607 2920 704 2968 hubent
725 2920 903 2970 necessarium
929 2931 1008 2976 esso,
1035 2925 1191 2970 secundum

106 2989 177 3053 quod
197 2994 259 3038 oum
279 2991 305 3037 iu
326 2987 390 3042 licor
405 3004 456 3040 non
470 2998 572 3046 autem.
586 2992 733 3040 secumdum
747 2992 817 3053 quod
837 2996 897 3040 sunt
918 2992 943 3038 lu
964 2991 1072 3052 rotpulo,
1086 2993 1192 3042 habent

107 3062 293 3118 necessitatem
314 3061 475 3120 absolutam,
497 3065 531 3111 ita
552 3065 623 3126 quod
643 3065 694 3112 rint
715 3077 761 3124 per
781 3065 864 3124 seipsa
886 3065 1056 3122 necessaria3
1078 3073 1192 3128 proptor

106 3132 158 3183 hoc
178 3131 248 3184 oeus
266 3145 453 3195 quaecumque
469 3137 530 3191 scit,
545 3147 577 3183 ex
591 3137 751 3185 necessitato
771 3136 832 3193 scin
852 3147 903 3182 nou
923 3140 1014 3184 autem
1037 3149 1193 3200 quaecum·

106 3217 159 3266 quo
178 3205 246 3262 vult,
266 3218 298 3253 ex
318 3208 475 3256 necersitata
495 3206 552 3257 vult
575 3226 600 3264 η
623 3205 644 3264 l,
664 3220 691 3269 q.
714 3202 787 3264 llll,
807 3218 834 3254 a.
854 3205 870 3254 3
890 3205 922 3254 ad
944 3205 971 3254 u.

142 3276 152 3312 ¹
173 3273 248 3325 ltine
266 3276 429 3326 obtectioneu
448 3278 501 3327 rid.
523 3280 549 3326 tn
570 3279 694 3337 cormol„
717 3279 770 3328 loo.
790 3277 851 3334 ott„
870 3290 898 3338 p.
922 3277 1056 3328 tta-tta.

143 3340 211 3395 ²Ct'
227 3359 250 3395 ι.
272 3342 380 3401 Tuom..
402 3344 424 3403 Ι.
444 3361 471 3411 q.
493 3344 579 3405 xxv,
599 3362 626 3398 a.
648 3349 661 3398 1
683 3363 710 3398 c.

145 3409 156 3446 ⁸
177 3416 244 3465 lotd.
263 3418 295 3465 ad
315 3418 343 3466 l.
364 3416 432 3468 ilino
450 3419 564 3468 dicimur
585 3418 668 3469 Deum
690 3418 871 3481 intelligendo,
886 3422 913 3466 at
930 3419 1043 3469 volendo
1057 3433 1103 3470 res
1116 3431 1194 3472 extra

109 3495 137 3529 ro
156 3485 312 3543 producere,
333 3493 414 3550 atquo
432 3492 532 3547 omnia,
553 3504 623 3552 quae
643 3497 788 3552 oporatur,
808 3490 929 3551 opunti.
950 3493 1103 3542 secuudum
1127 3495 1194 3542 illud

111 3548 315 3674 ddntql‘llld'
333 3572 370 3678 dit
383 3559 411 3608 δι
433 3562 489 3623 lpse
507 3563 584 3620 dixit,
605 3569 629 3612 et
648 3563 718 3630 sucta
736 3567 806 3628 sunn-
828 3563 883 3630 lpse
901 3564 1037 3615 mondavit
1056 3571 1081 3614 et
1100 3573 1192 3618 creatu
