2475 3909
458 179 689 230 ormentionem
1012 163 1070 231 tao

58 269 294 345 aestimativae,
319 286 403 353 quac
426 266 600 353 imaginem
630 269 679 331 rei
708 276 801 332 antea
834 267 1051 352 apprehensae
1075 270 1110 334 in

60 357 267 441 phantasmate
290 349 514 435 deprehendit,
531 348 693 435 siqnidem
709 348 815 413 anima
831 369 1025 433 cognoscere
1046 373 1111 416 non

60 447 153 522 potest
174 436 373 518 phantasma,
389 443 485 518 prout
507 434 614 515 imago
637 429 733 496 huius
754 432 816 508 rei,
838 441 871 497 et
893 451 957 495 non
979 433 1111 500 alterins

59 533 110 595 est,
131 517 195 582 nisi
218 515 469 583 similitudinem
489 515 560 580 eius
581 534 656 578 cum
679 513 750 598 ipsa
777 523 1008 598 recognoscat,
1031 516 1112 582 hanc

60 611 156 664 autem
179 595 430 664 similitudinem
463 619 527 662 non
557 597 621 661 nisi
643 596 864 662 aestimativae
890 597 1038 663 subsidio
1059 620 1112 664 eo-

61 701 203 766 gnoscere
225 689 332 768 potest
346 679 369 744 ¹.
385 679 533 766 Insuper,
555 699 632 743 oum
653 679 809 742 memoria
828 677 870 743 sit
884 678 1021 747 facultas
1042 703 1113 747 sen·

62 767 145 840 tiens,
167 785 204 827 ac
228 758 364 849 proinde
390 763 460 827 sine
481 781 603 848 organo
624 759 769 846 corporis
790 764 936 830 exerceri
961 776 1111 850 nequeat,

61 845 132 912 illud
152 846 251 910 ctiam
273 840 313 907 ad
335 845 407 909 eius
429 855 536 910 actum
558 842 800 928 expostulatur,
817 845 851 908 in
865 863 987 931 organo
1001 867 1113 933 corpo·

61 931 109 1004 ris,
121 947 181 1025 per
195 926 283 1012 quod
299 928 408 992 anima
421 928 489 992 rim
504 947 594 991 suam
609 925 808 991 memorandi
822 939 965 1006 exercet,
980 929 1113 1014 aliquod

61 1011 221 1096 vestigium
246 1011 293 1074 rei
317 1007 464 1108 produci,
488 1029 562 1074 cum
585 1027 637 1072 res
659 1008 803 1092 primum
824 1010 1048 1096 percipitur².

93 1093 142 1159 at.
166 1092 215 1155 Ad
238 1090 465 1180 explicandum
493 1088 743 1176 progrediamur
763 1111 825 1169 ea,
847 1112 931 1176 quae
952 1094 993 1159 ad
1016 1094 1114 1160 remi·

61 1174 241 1240 niscentiam
264 1185 418 1263 spectant.

95 1256 277 1341 Aliquando
299 1277 368 1324 rem
391 1264 484 1320 antea
507 1261 692 1339 perceptam
713 1274 903 1338 cognoscere
923 1278 986 1322 non
1003 1278 1116 1343 possu-

62 1359 137 1416 mns;
161 1339 336 1423 aliqnando
359 1357 437 1403 vcro
459 1337 600 1422 aliquam
615 1336 688 1399 eius
704 1348 826 1419 partem
841 1339 1059 1423 agnoscimus,
1082 1349 1117 1405 et

61 1441 96 1485 ex
114 1421 171 1485 hac
190 1421 351 1507 integram
366 1419 557 1508 praeteritae
572 1418 769 1502 cognitionis
783 1419 1040 1487 recordationem
1061 1442 1117 1487 ex·

60 1503 208 1568 suscitare
230 1506 377 1570 nitimur.
400 1503 434 1569 Si
456 1500 548 1586 prius
569 1501 627 1578 tit,
649 1498 790 1566 oblivisci
817 1503 865 1567 rei
888 1512 980 1569 antea
1047 1524 1115 1569 ree·

61 1595 152 1669 ptae;
180 1586 230 1649 sin
257 1586 439 1681 posterius,
464 1583 627 1648 reminisci
648 1581 800 1649 dicimur.
823 1585 908 1650 Hinc
930 1607 955 1649 s.
979 1586 1004 1650 Τ
1027 1606 1117 1650 omas

59 1668 318 1733 raatntsecnnan
349 1666 518 1743 delinivit,
545 1677 577 1732 et
596 1664 756 1751 explicuit
787 1666 871 1731 hunc
898 1666 932 1732 in
959 1664 1116 1732 modum:

59 1749 346 1816 elleminiseentia
368 1749 413 1814 nil
440 1747 529 1813 aliud
551 1761 619 1824 est,
642 1768 741 1832 quarn
764 1747 931 1833 inquisitio
952 1748 1116 1824 alienius,

58 1831 142 1916 qnod
164 1832 320 1897 memoria
346 1829 479 1897 excidit.
508 1832 550 1896 Et
575 1830 649 1895 ideo
676 1827 910 1896 reminiscendo
936 1851 1117 1906 venamur,

58 1913 140 1981 idest
173 1915 368 2000 inquirimus
401 1911 459 1988 id,
481 1910 567 1997 qnod
588 1922 821 1997 consequenter
852 1921 900 1977 est
933 1911 974 1976 ah
1007 1911 1119 1998 aliquo

56 1997 169 2082 priori,
191 1995 278 2082 quod
303 1998 333 2061 in
357 1995 513 2060 memoria
534 2005 692 2069 tenemus,
715 2003 792 2079 puta
807 1994 835 2060 si
850 1995 979 2077 quaerit
999 2015 1120 2060 memo·

56 2082 120 2144 rari
144 2078 191 2152 id,
213 2078 301 2164 quod
323 2077 399 2143 iecit
421 2086 493 2142 ante
514 2085 655 2161 quatuor
671 2075 751 2154 dies,
777 2073 951 2141 meditatur
971 2076 1041 2140 sic:
1065 2075 1121 2140 ho-

54 2161 106 2228 die
128 2161 191 2227 leci
214 2163 287 2239 hoc,
310 2161 378 2227 heri
401 2157 495 2236 illud,
521 2159 612 2224 tertia
632 2157 688 2224 die
710 2157 812 2237 aliud,
833 2159 927 2224 etsie
941 2156 1120 2224 secundum

53 2247 319 2330 consequentiam
341 2255 487 2308 motuum
502 2249 705 2307 assuetorum
718 2240 867 2326 pervenit
877 2239 1067 2306 resolvendo
1084 2240 1120 2304 in

55 2325 99 2402 id,
123 2325 213 2411 quod
235 2327 314 2392 iecit
333 2333 449 2411 quarta
469 2322 523 2388 die
540 2324 551 2359 ⁸
575 2347 603 2386 n.

2 2591 4 2612 t
88 2564 98 2600 ¹
119 2563 142 2622 l,
160 2577 191 2629 q.
209 2558 352 2624 LllllVlll,
372 2578 398 2614 s.
418 2565 435 2614 l
454 2563 531 2616 c.-²
552 2567 590 2616 De
608 2580 685 2616 mam.
706 2575 730 2617 et
748 2582 826 2628 rem„
846 2567 911 2617 lect.
931 2563 954 2628 l,
973 2571 1001 2618 et
1019 2564 1066 2618 lll.

87 2636 200 2696 ¹thien,
221 2639 283 2688 leet.
303 2633 338 2686 V.
358 2635 466 2688 Praeter
488 2639 583 2688 seriem
604 2641 774 2698 temporum,
800 2643 881 2690 otiam
907 2641 1119 2701 similitudinem,

54 2711 260 2774 oppositionem,
280 2715 307 2759 st
327 2711 551 2774 propinquitatem
573 2714 627 2760 sire
646 2712 709 2770 loci,
724 2714 779 2761 sive
793 2714 931 2775 temporis,
945 2714 1000 2763 sire
1012 2713 1123 2766 alterius

53 2784 161 2842 generis
181 2789 288 2833 sanetus
305 2779 403 2833 Doctor
421 2790 560 2832 enumerat
573 2784 655 2832 vetuti
669 2785 809 2848 principia,
822 2798 891 2849 qnae
904 2785 1022 2836 ordinem
1036 2792 1124 2838 osten-

54 2857 121 2905 dunt
141 2857 210 2905 inter
229 2855 312 2911 iilud,
332 2855 408 2904 cuius
429 2857 610 2914 recordamur,
631 2861 712 2920 atque
731 2859 808 2916 illud,
829 2860 906 2908 entus
924 2859 1058 2910 reminisci
1078 2875 1125 2909 ro-

56 2927 158 2978 lnmus.
179 2925 271 2978 Suhdit
288 2929 370 2977 enim:
388 2925 572 2992 «Quandoque
591 2931 701 2992 quidem
720 2932 822 2981 ratione
841 2932 1031 2990 similitudinis,
1054 2935 1125 2983 sicut

53 3001 164 3062 qnando
182 3001 279 3065 aliquis
298 3006 462 3050 memoratur
482 3003 513 3051 dc
533 2999 653 3061 Socrate,
673 3008 701 3051 et
720 3015 767 3066 per
786 3003 837 3053 hoe
855 3006 973 3055 occurrit
991 3007 1016 3055 ei
1035 3005 1122 3064 Ptato,

53 3075 99 3136 qni
119 3080 163 3123 est
180 3074 204 3122 ei
223 3073 317 3123 similis
337 3075 363 3120 in
382 3073 522 3136 sapientiae
541 3075 700 3138 quandoque
719 3090 782 3127 vero
801 3077 904 3128 ratione
917 3079 1123 3137 contrarietatis,

54 3149 126 3194 sient
147 3149 167 3195 si
188 3147 281 3210 aliquis
300 3152 465 3196 memorator
484 3145 603 3197 lleetoris
618 3184 625 3205 ,
638 3153 666 3198 et
679 3161 725 3210 per
743 3149 794 3198 hoc
812 3150 931 3200 occurrit
948 3151 974 3199 ei
994 3147 1124 3210 Achilles,

53 3217 214 3282 quandoque
234 3231 295 3268 raro
315 3219 416 3268 ratione
431 3221 636 3283 propinqnitatis
647 3222 852 3285 cuiuscumque,
866 3223 937 3272 sicut
949 3235 1011 3272 enm
1024 3223 1126 3286 aliquis

56 3303 163 3340 memor
181 3297 220 3340 est
241 3291 340 3353 patris,
360 3296 388 3340 et
408 3305 454 3354 per
473 3291 524 3342 hnc
541 3295 661 3343 occurrit
679 3296 703 3343 ei
723 3294 804 3344 iilius.
825 3291 859 3344 lit
878 3293 972 3346 eadem
997 3295 1066 3345 ratio
1085 3301 1127 3348 est

54 3363 85 3412 dc
104 3376 279 3428 quacumque
297 3364 350 3422 atis
370 3367 566 3428 propinquitate
582 3367 625 3416 rel
639 3368 784 3422 societatis.
798 3367 840 3416 rel
853 3367 917 3426 loci,
931 3369 972 3417 rei
985 3370 1125 3432 temporis;

54 3441 81 3483 ct
100 3441 214 3498 propter
232 3435 282 3485 hoc
301 3434 330 3484 lit
349 3438 555 3498 reminiscentia,
575 3441 639 3503 quia
658 3444 746 3490 motus
765 3439 862 3490 horum
880 3453 909 3490 se
928 3440 1043 3492 invicem
1063 3455 1128 3493 con-

54 3515 209 3570 sequuntur
224 3527 249 3566 ις
263 3507 325 3558 idid.
346 3505 501 3560 Huiusmodi
521 3513 651 3576 principia
671 3527 687 3561 a
708 3511 856 3564 recentibus
869 3513 936 3580 leges
948 3516 1129 3565 acremotionis

51 3583 175 3630 secanae
197 3579 385 3644 appellantur,
411 3587 549 3646 propterea
575 3583 645 3647 quod
671 3598 701 3636 ea
727 3584 844 3637 diversos
869 3585 961 3637 modos
986 3587 1126 3645 denotant,

51 3653 155 3715 quinas
174 3653 249 3704 ideae
268 3655 296 3706 ia
315 3660 404 3705 mente
423 3657 630 3720 coniunguntur.
1097 3662 1103 3676 ¹

128 3731 509 3806 succedaneacanpane.
526 3739 546 3792 Ι.
984 3737 1020 3787 9⁶
