2475 3909
445 33 452 51 ι,
520 0 533 24 ’
562 21 579 62 ,-
606 10 670 65 3)
715 12 721 23 ³

458 158 689 230 nunaurnonid
1031 163 1072 228 99

89 259 119 326 2⁰
138 265 302 331 Potentiae
317 265 352 328 in
367 263 480 329 ordine
494 263 535 328 ad
550 265 755 350 operationes
770 283 903 349 prorsus
917 266 1108 341 consistunt,

60 345 93 408 ita
113 359 145 411 ut
165 347 206 412 ab
228 347 307 444 ipsis
329 347 469 431 speciem
492 368 583 411 suam
598 345 770 431 accipiant,
785 366 824 410 ac
839 346 977 430 proinde
993 346 1109 411 eodem

60 445 160 501 neuere
181 441 265 494 entis
286 431 504 504 continentur,
527 428 741 505 coactiones,
764 448 848 512 qnae
871 427 911 490 ab
935 428 1015 513 ipsis
1037 447 1111 511 pro-

58 519 183 586 manant,
208 513 253 576 ita
275 531 411 594 nempe,
435 520 472 574 ut
493 511 520 573 si
543 510 687 594 potentia
710 519 795 574 esset
817 506 942 594 aliquid
965 508 1111 575 substan-

58 587 133 666 tiale,
155 591 254 656 etiam
275 590 521 678 operationibus
536 591 653 656 entitas
671 589 891 656 substantialis
905 589 1111 657 attribuenda

57 667 138 736 soret.
161 675 264 757 Atqui
286 676 429 739 actiones
458 693 520 736 uon
548 682 624 738 sunt
652 673 723 758 ipsa
750 671 929 738 substantia
958 672 1109 746 animae,

56 749 101 814 sed
120 753 310 840 quidquam,
333 754 420 840 quod
445 755 507 836 ipsi
533 753 689 818 inhaeret.
706 755 797 839 Ergo
818 775 857 819 ne
876 753 1020 838 potentia
1040 755 1113 839 qui-

57 829 118 896 dem
137 845 186 900 est
207 837 386 904 substantia
407 839 547 912 animae,
570 834 627 900 sed
648 835 841 921 quidquam,
865 834 953 921 quod
976 836 1038 920 ipsi
1063 837 1112 898 in-

56 911 160 992 haeret,
174 937 233 981 seu
255 916 388 1014 aliquod
410 915 559 982 accidens
580 919 662 982 eius.
684 920 727 981 nt
750 918 786 981 ui
807 916 998 994 substantia,
1013 928 1046 982 et
1061 938 1113 981 ac-

56 994 152 1061 cidens
168 999 302 1064 realiter
318 1011 402 1065 mter
416 1021 449 1064 se
464 997 720 1084 distinguuntur.
764 1019 821 1082 rgo
836 1000 920 1064 inter
935 1001 1112 1082 potentiam

56 1097 184 1163 quoque,
208 1092 238 1147 et
260 1083 432 1146 essentiam
453 1080 595 1156 animae,
611 1101 695 1164 quae
710 1080 844 1165 quidem
858 1080 1037 1147 substantia
1051 1093 1111 1150 est.

56 1160 140 1224 realis
159 1161 325 1229 distinctio
346 1163 538 1228 admittatur
557 1174 687 1246 oportet
700 1163 722 1225 ¹.

86 1239 117 1306 3⁰
137 1245 320 1312 Facultates
342 1246 481 1320 animae,
498 1243 774 1329 quemadmodum
794 1242 1013 1320 ostendemus,
1027 1245 1112 1310 eius-

56 1323 129 1387 nodi
152 1335 250 1403 sunt,
273 1339 310 1393 ut
333 1327 463 1391 illarum
485 1345 549 1391 una
572 1325 666 1390 alteri
688 1324 908 1401 subiiciatur,
930 1336 1025 1412 atque
1048 1349 1112 1390 nna

55 1401 87 1494 ab
106 1406 206 1473 altera
228 1409 377 1493 pendeat.
409 1407 507 1504 Atqui
538 1406 572 1472 id
600 1406 673 1472 fieri
702 1427 767 1470 non
795 1417 926 1492 posset,
956 1413 983 1471 si
1006 1421 1114 1472 essent

55 1500 180 1568 ipsamet
203 1490 332 1553 animae
353 1500 502 1554 essentia.
519 1491 608 1572 Ergo
622 1488 794 1554 facultates
809 1490 936 1553 animae
951 1488 992 1551 ab
1010 1490 1112 1574 ipsius

54 1572 181 1635 essentia
206 1571 337 1636 realiter
358 1570 638 1656 distinguuntur².

132 1694 202 1747 Aer.
225 1693 272 1746 lli.
285 1695 424 1749 -Utrum
443 1711 507 1756 una,
528 1710 562 1747 an
582 1698 672 1759 piures
691 1699 744 1747 sint
762 1697 867 1747 animae
886 1697 1028 1748 inanitates

85 1807 112 1868 i.
129 1805 334 1902 Philosophi,
348 1810 408 1892 qui
431 1808 589 1892 potentias
611 1807 736 1902 animae
752 1805 922 1900 dumtaxat
935 1807 1058 1902 marine
1072 1808 1113 1870 ab

52 1889 179 1953 mentia
203 1886 422 1984 distinguunt,
446 1910 481 1953 re
504 1889 573 1973 ipsa
594 1908 726 1952 unicam
747 1896 927 2032 potentiam
948 1889 983 1952 in
1004 1908 1114 1952 antima

53 1978 233 2112 agposount.
247 1970 444 2036 Huiusmodi
459 1970 572 2056 opinio
588 1969 735 2054 sequenti
773 1968 972 2052 copositione
986 1990 1006 2034 a
1021 1969 1115 2035 nobis

53 2071 80 2113 re
96 2063 228 2119 utatur:

85 2134 113 2198 8.
136 2135 255 2200 Plures
275 2137 310 2197 in
330 2134 435 2198 animo
455 2131 616 2217 facultates
639 2140 710 2196 suet
732 2129 949 2196 admittendae.

85 2215 257 2280 Probatur.
279 2215 410 2291 Anima,
433 2217 555 2300 quippe
579 2236 664 2300 quae
679 2234 754 2277 cnm
767 2233 904 2297 corpore
919 2213 1114 2282 substantia<

53 2293 116 2361 liter
135 2297 324 2386 copulatur,
346 2318 509 2382 unamque
530 2297 744 2362 substantiam
765 2296 961 2378 completam
983 2316 1058 2361 cum
1073 2319 1114 2362 eo

51 2376 160 2458 efficit,
185 2400 254 2444 nou
276 2387 324 2442 est
344 2379 448 2444 solnm
469 2378 721 2454 intellectualis,
749 2375 806 2441 sed
827 2378 926 2442 etiam
947 2379 1114 2456 sensitiva,

52 2462 246 2547 proindeque
270 2479 334 2524 non
354 2459 458 2525 solum
480 2460 520 2525 ad
535 2458 781 2536 intellectuales,
802 2457 859 2522 sed
873 2460 973 2525 etiam
986 2459 1025 2523 ad
1042 2481 1115 2524 sen-

51 2541 154 2608 sitiras
183 2544 331 2608 actiones
359 2540 535 2608 exerendas
563 2550 680 2608 natura
708 2561 766 2604 sua
794 2539 984 2606 destinatur.
1011 2543 1114 2626 Atqui

51 2625 186 2691 actiones
210 2623 438 2700 intellectivae,
460 2634 492 2688 et
512 2625 687 2690 sensitivae
701 2623 786 2687 inter
806 2642 840 2686 se
854 2623 961 2708 specie
976 2634 1052 2688 sunt
1066 2624 1116 2688 di-

52 2723 164 2772 versae.
190 2707 282 2790 Ergo
304 2706 412 2771 anima
434 2706 573 2770 humana
596 2705 751 2792 potentiis
771 2704 880 2790 specie
906 2703 1046 2769 diversis
1061 2727 1116 2770 na-

50 2793 113 2851 tura
136 2809 200 2854 sna
224 2788 344 2872 pollere
366 2786 495 2852 debetl.

83 2870 110 2932 9.
137 2871 213 2936 Nec
243 2878 401 2956 repugnat
424 2868 628 2954 simplicitati
662 2869 787 2935 animae
816 2865 923 2950 plures
952 2869 1114 2952 potentias

81 3126 89 3166 ¹
108 3133 158 3196 Qq.
181 3132 284 3193 dispo„
300 3143 327 3194 q.
342 3144 388 3182 nn.
406 3133 521 3194 Deam,
542 3147 568 3183 a.
588 3133 617 3182 ii
633 3149 659 3184 o.
680 3130 718 3185 lix
733 3134 772 3184 hir
785 3137 950 3198 argumentis
968 3137 1116 3200 colligitur,

50 3214 90 3251 cur
107 3203 286 3254 Pantheistao
306 3210 403 3267 negent
423 3203 564 3256 inanitates
582 3206 616 3255 ab
634 3207 749 3257 essentia
767 3209 873 3257 animno
900 3209 1007 3258 realiter
1026 3210 1118 3260 distin-

51 3275 96 3332 rni.
117 3273 222 3325 Ablata
240 3275 313 3324 enim
332 3276 383 3326 hae
402 3277 582 3338 distinctione,
603 3291 646 3338 ea,
666 3291 735 3341 quae
754 3279 833 3330 unius
852 3277 899 3330 Dei
919 3281 1025 3343 propria
1044 3289 1117 3342 snut,

50 3359 136 3410 nempe
157 3362 219 3399 essa
237 3351 265 3396 et
283 3361 358 3410 apere
378 3363 429 3399 non
442 3351 576 3414 distingui,
591 3355 618 3400 et
630 3351 798 3414 operationes
811 3365 870 3401 essa
883 3353 983 3416 aliquid
996 3353 1119 3404 substan·

51 3421 115 3476 tiele,
135 3422 250 3470 animae
271 3419 408 3472 tribuenda
426 3428 524 3472 assant.
545 3421 711 3487 Quapropter
729 3424 857 3482 animam,
879 3429 907 3473 ut
922 3424 959 3474 iiii
972 3424 1116 3486 blaterant,

50 3489 127 3551 ipsum
147 3489 241 3542 Deum
261 3505 317 3542 esse
336 3493 477 3544 dicendum
496 3494 575 3546 toret.

80 3563 160 3628 ²tip.
183 3567 245 3618 eit..
265 3578 294 3627 q.
316 3578 375 3623 nn.,
397 3567 434 3616 De
451 3569 497 3630 Sp.
518 3581 568 3626 cr„
589 3580 615 3616 a.
639 3567 668 3616 tt
691 3580 716 3617 c.

80 3635 90 3669 ³
110 3631 146 3686 Ci'
161 3651 188 3686 a.
212 3630 321 3696 Tbom„
342 3633 363 3698 l,
383 3651 410 3701 q.
431 3634 559 3702 inivit,
580 3653 606 3690 a.
628 3638 643 3689 i
664 3654 690 3689 c.

854 3687 1123 3811 349an

532 3809 568 3848 c*
582 3805 601 3827 ἢ
642 3816 650 3853 ,ἶ
669 3809 755 3842 (wsb,

533 3857 571 3878 .”“ι.
599 3864 604 3877 t
632 3867 652 3877 tv
686 3866 690 3871 ·
715 3851 723 3859 ¹⁵
745 3857 756 3877 4
