2475 3909
150 171 211 243 iot
452 197 640 246 rnaoaocm
664 199 852 247 narrantis

105 304 139 349 se
161 287 271 366 patet,
293 279 460 363 supposita
488 280 672 368 hypothesis
699 281 842 346 foederis
868 281 952 348 initi.
978 282 1126 362 Deinde,
1149 291 1174 354 si

106 361 305 461 principium
320 380 445 425 summe
468 361 590 428 honum
612 365 750 428 tolerare
775 362 896 427 malurn
912 375 1028 449 potest,
1045 369 1124 450 quia
1139 370 1175 434 ad

107 445 140 511 ui
165 442 296 507 foedere
318 461 386 505 sese
409 443 602 522 adstrinxit,
625 448 705 529 quin
728 457 833 512 tamen
856 445 977 509 honum
1001 467 1073 512 esse
1096 446 1176 515 desi-

105 535 171 601 nat,
187 524 286 589 etiam
308 521 428 608 absque
443 530 604 593 consortio
619 527 775 613 principii
798 548 924 592 summe
946 528 1022 591 maii
1047 548 1110 592 non
1125 531 1177 596 de·

105 610 185 673 sinit
205 623 276 670 esse
298 625 423 672 summe
446 607 579 684 bonum,
601 607 818 704 permittendo
840 609 978 672 maiain
1002 608 1136 674 mundo.

144 689 215 754 209.
233 688 328 770 Prop.
346 687 392 754 3⁸.
409 689 534 755 Maium
555 711 777 777 cuiuscumque
797 691 917 773 pencris
933 689 987 752 aad
1007 692 1102 754 unico
1119 693 1176 757 Deo

105 791 224 835 mmme
240 769 374 853 perfecto
395 773 558 836 consistere
575 785 685 918 potest.

148 849 314 915 Probatur.
338 851 410 916 Non
438 854 501 918 aiia
530 875 579 917 rna
594 875 688 918 orum
718 874 834 938 genera
864 850 990 917 admitti
1013 868 1175 936 possunt.

106 953 201 1017 quam
219 932 409 1017 physicum,
432 945 465 1000 et
486 937 600 999 morule
622 937 650 1012 ¹;
673 945 768 1020 atque
791 933 875 1000 istud
898 933 1032 1030 quidem
1055 933 1175 1002 dicitnr

104 1015 221 1077 maium
235 1014 355 1099 culpae,
371 1016 439 1082 sive
457 1018 488 1080 iu
505 1020 631 1082 actione
655 1017 794 1081 humana
811 1019 987 1090 invenitur,
1008 1035 1084 1078 cnm
1100 1018 1174 1083 haec

103 1093 144 1158 ad
168 1116 294 1160 morum
318 1098 447 1179 regulas
470 1096 617 1164 ordinem
641 1120 704 1162 uon
726 1096 836 1171 habet;
860 1096 940 1163 iiiud
963 1117 1041 1162 vero
1064 1099 1115 1162 vei
1130 1120 1175 1164 se-

102 1179 216 1262 quitur
237 1176 455 1245 conditionem
479 1188 636 1257 naturae,
658 1199 742 1265 quae
765 1179 875 1264 aliquo
898 1178 982 1243 hono
1001 1180 1174 1275 privatur,

104 1271 138 1325 et
152 1259 275 1325 dicitur
297 1261 416 1324 muium
436 1272 579 1334 cataroe,
595 1263 643 1327 nti
664 1271 712 1326 est
733 1281 844 1324 rernm
865 1272 1044 1346 corruptio,
1063 1260 1111 1324 rei
1128 1278 1174 1329 est

104 1341 138 1404 in
153 1342 358 1486 punitionem
373 1344 500 1440 culpae,
516 1354 549 1408 et
562 1343 684 1408 dicitur
698 1341 815 1406 maium
825 1363 937 1426 poenae
948 1344 972 1406 ².
989 1345 1090 1428 Atqui
1109 1354 1175 1408 tum

104 1443 155 1486 ma
171 1444 226 1486 um
245 1424 435 1508 physicum,
457 1447 524 1490 sive
545 1438 701 1501 antreroe,
723 1425 791 1489 sivo
809 1443 944 1507 poenae,
968 1435 1036 1490 tum
1059 1425 1174 1489 mutuo

103 1504 217 1567 morule
237 1503 298 1568 suh
321 1506 416 1572 unico
438 1506 508 1571 Deo
535 1527 660 1571 summe
688 1504 831 1592 perfecto
859 1506 1032 1570 consistere
1059 1519 1172 1591 potest.

102 1587 149 1650 Er
172 1606 202 1648 o.

143 1605 214 1734 2810.
237 1666 366 1734 Veritas
386 1670 520 1733 minoris
544 1671 588 1734 ita
609 1668 788 1734 evincitur:
811 1667 906 1745 Quod
928 1665 969 1732 ad
992 1667 1077 1732 maia
1099 1669 1175 1755 ptu-

103 1749 168 1814 sica
191 1757 325 1834 spectat,
350 1749 406 1814 iiia
427 1749 468 1814 ad
490 1749 606 1826 Deum,
632 1761 796 1833 tamquam
819 1750 851 1813 in
874 1769 1015 1824 oausam,
1040 1771 1104 1815 non
1127 1740 1174 1815 di·

102 1842 194 1905 recte,
218 1851 275 1895 sen
375 1853 416 1906 rc,
439 1830 494 1896 sed
518 1832 683 1906 indirecte,
708 1851 764 1894 seu
781 1852 841 1915 per
859 1831 1004 1896 occidens
1027 1831 1175 1896 reserun-

103 1922 166 1977 tur.
183 1913 275 1996 Siqui
301 1934 352 1976 ern
370 1913 475 1997 quoad
491 1913 575 1978 maia
589 1923 731 1989 naturae,
747 1932 832 1996 quoe
850 1915 1024 1996 praecipue
1049 1914 1081 1976 in
1105 1933 1175 1978 cor·

103 1997 267 2080 ruptione,
283 1994 333 2058 vei
355 1994 387 2058 in
405 1995 570 2060 tendentia
591 1992 631 2057 ad
648 1996 891 2079 corruptionem
912 1994 1104 2068 consistunt,
1121 2017 1176 2060 eo·

102 2096 176 2140 rum
198 2095 311 2140 caussa
331 2086 379 2141 est
401 2075 501 2152 Deus,
519 2097 582 2141 non
603 2084 764 2160 quatenus
786 2075 870 2139 maia
892 2076 999 2149 efficit,
1016 2075 1071 2139 sed
1094 2097 1175 2162 qua·

103 2169 195 2223 tenus
218 2157 323 2221 fertur
344 2156 377 2220 iu
400 2154 547 2234 honum,
569 2177 711 2242 quocum
733 2159 895 2220 contraria
917 2155 1078 2240 quaedam
1108 2161 1176 2243 pri·

102 2240 189 2304 vetio
211 2239 432 2321 coniungitur.
449 2241 600 2322 «Agens,
624 2236 670 2302 ait
691 2257 716 2302 s.
733 2239 884 2316 Thomas,
902 2241 1095 2323 inquantum
1118 2260 1175 2304 sua

101 2321 222 2388 virtute
246 2319 396 2405 producit
418 2320 562 2405 aliquam
584 2319 735 2396 iormam,
752 2317 791 2382 ud
814 2339 912 2403 quarn
934 2321 1085 2403 sequitur
1105 2342 1175 2385 cor·

102 2403 212 2487 ruptio
231 2449 238 2477 ,
261 2410 294 2466 et
314 2399 488 2476 defectus,
511 2410 638 2464 censeat
659 2421 718 2464 sua
740 2402 860 2465 virtute
883 2399 970 2465 iiiam
993 2405 1176 2487 corruptio-

103 2503 189 2559 nem,
212 2493 245 2548 et
265 2481 438 2546 deiectum.
463 2481 675 2546 Manifestum
698 2491 747 2545 est
773 2493 909 2558 autem,
937 2482 1025 2566 quod
1055 2482 1174 2556 forma,

100 2584 199 2649 quam
223 2562 450 2650 principaliter
465 2562 551 2627 Deus
573 2562 712 2628 intendit
727 2563 760 2626 in
782 2562 880 2627 rebus
901 2564 1032 2639 creatis,
1048 2576 1098 2629 est
1120 2565 1176 2629 ho·

102 2666 180 2709 unrn
202 2645 326 2709 ordinis
347 2643 509 2711 Universi.
525 2643 616 2708 Ordo
631 2654 739 2708 autem
755 2642 903 2708 Universi
918 2647 1075 2729 requirit,
1086 2646 1175 2731 quod

123 2725 260 2791 uaedam
278 2727 355 2801 sint,
370 2745 455 2811 qnae
472 2722 611 2789 deficere
627 2727 797 2809 possint,et
810 2723 975 2790 interdurn
990 2725 1173 2794 deficienti.

101 2746 144 2874 ht
164 2809 212 2871 sio
233 2807 321 2871 Deus
343 2808 378 2871 in
401 2805 499 2871 rehns
517 2804 681 2869 causando
711 2805 833 2870 bonnm
855 2805 980 2871 ordinis
1006 2807 1171 2886 Universi,

101 2911 143 2955 ex
164 2889 385 2974 consequenti,
400 2897 433 2952 et
445 2888 540 2972 qnasi
575 2908 614 2952 er
627 2887 777 2952 accidens
799 2898 910 2953 causat
930 2891 1173 2974 corruptionem

100 2992 211 3038 rernm
224 2972 270 3034 ἢ).
293 2969 383 3037 idem
398 2969 528 3034 dicatur
563 2991 581 3034 e
596 2968 693 3034 maiis
707 2989 843 3054 poenae,
858 2990 942 3056 qnae
965 2990 1084 3057 nempe
1098 2993 1174 3038 con·

137 3226 146 3262 ¹
165 3221 221 3276 Nec
240 3225 308 3286 dari,
322 3239 372 3275 uae
386 3226 443 3275 dart
463 3239 538 3289 porse
558 3226 670 3287 maium,
684 3226 755 3291 quod
768 3229 847 3290 rutro
860 3232 1064 3295 Mophpricuaa
1082 3237 1176 3299 appet-

98 3296 182 3350 tatur‚
202 3297 365 3346 ostendimus
384 3299 410 3346 in
430 3299 529 3357 orrici..
549 3312 576 3348 c.
597 3297 631 3356 V.
651 3313 677 3349 a.
699 3299 726 3356 2,
749 3312 775 3361 p.
796 3299 841 3350 ³4.

136 3364 204 3414 ²1ie
223 3368 274 3423 tir,
293 3380 363 3428 quaa
382 3370 478 3425 noxia,
498 3374 526 3418 et
545 3370 649 3419 inutitta
669 3371 696 3420 iu
715 3369 793 3419 rohna
811 3383 869 3420 aare
886 3371 1036 3435 dicuntur,
1055 3381 1174 3442 atquae

101 3436 169 3484 iuter
187 3439 255 3485 mata
273 3438 382 3500 physice
399 3446 582 3498 recensentur,
603 3443 656 3491 rid.
677 3456 705 3503 p.
724 3441 857 3492 erecte.

136 3503 148 3536 ⁸
168 3501 193 3550 id
214 3518 245 3554 er
264 3520 295 3555 eo
309 3507 413 3558 tacitius
424 3511 593 3571 perspicitur,
607 3513 689 3575 qnod,
704 3517 733 3561 ut
744 3515 770 3561 in
784 3513 907 3574 Coruini..
919 3529 948 3566 o.
960 3513 981 3574 i,
992 3530 1019 3566 a.
1031 3517 1057 3575 5.
1072 3519 1173 3580 ptos

104 3570 154 3620 ¹06
166 3573 288 3632 diximus,
303 3591 354 3626 non
366 3585 435 3628 auat
447 3581 583 3642 generatio
596 3585 685 3640 unius,
699 3585 747 3632 nisi
760 3588 830 3632 esset
843 3588 978 3647 corruptio
991 3588 1115 3640 atterius.

136 3637 148 3678 ⁶
167 3636 195 3701 1,
214 3655 242 3707 q.
264 3641 360 3708 xttx,
381 3661 408 3700 a.
428 3649 444 3702 2
464 3665 490 3701 c.
511 3649 647 3720 Quomodo
666 3655 731 3708 ordo
750 3652 871 3710 Uutrarrt
889 3657 1113 3726 inaequalitatem
1134 3673 1178 3732 rq-
