2475 3909
488 203 718 260 oxnamnocrn
779 213 783 218 ·
1036 218 1093 286 131

114 269 147 337 1⁹
170 275 287 344 Anima
314 279 453 348 bumana
481 307 669 386 supremum
700 298 806 370 locum
833 304 919 400 inter
946 315 1139 390 snbstantias

74 355 269 437 sensilium,
292 373 323 427 et
345 363 492 432 intimum
514 383 601 438 inter
622 374 816 450 snbstantias
843 391 1075 468 intellectuales
1097 418 1141 472 te-

73 448 126 502 net
149 437 174 514 ¹3
198 443 409 525 quemobrem
433 456 500 515 tum
521 453 690 525 facultates
712 469 864 552 propriae
886 475 1139 552 substantiarum
1163 564 1165 567 .

73 521 327 605 sensificatum,
356 535 423 594 tum
446 531 613 605 facultates
638 547 791 629 propriae
817 550 1068 629 substantiarum
1090 570 1139 634 in-

73 601 319 685 tellectualium,
365 630 423 676 uae
446 627 520 683 sunt
541 620 735 704 intellectus,
750 642 783 696 et
803 635 961 717 voluntas,
977 645 1008 708 ei
1033 646 1136 716 inesse

71 681 202 750 debent.
226 691 326 774 Atqui
342 629 534 778 inanitates,
557 723 640 787 quae
662 706 914 782 substantiarum
937 725 1138 797 intellectua-

71 763 152 830 lium
175 778 250 834 sunt
263 775 426 860 propriae,
449 781 518 844 sine
533 804 655 869 organo
670 810 826 877 corporeo
840 818 1043 891 exercentur,
1059 815 1138 899 qnia

72 845 147 911 illae
171 861 247 916 sunt
277 856 382 921 omnis
403 865 547 946 corporis
567 881 729 954 expertes.
752 877 839 963 Ergo
862 883 998 954 facultas
1018 892 1137 961 intelli·

72 927 196 1012 gandi,
218 954 283 1019 qun
306 940 413 1003 anima
435 941 574 1011 hnmana
595 951 719 1036 pollet,
742 960 812 1026 sine
832 982 954 1051 organo
979 993 1135 1062 corporeo

70 1025 263 1080 exerceatur
283 1040 410 1086 neeesse
433 1034 490 1091 est.

109 1089 145 1154 2⁰
167 1097 284 1162 Anima
306 1100 463 1184 bumana,
487 1114 636 1193 quamvis
657 1118 700 1183 sit
721 1120 826 1189 forma
845 1135 1004 1218 corporis,
1027 1151 1136 1208 tamen

71 1193 248 1260 acorpore
272 1201 335 1246 non
357 1182 560 1271 absorbetur,
583 1215 653 1274 seu,
677 1210 712 1265 ut
732 1225 757 1269 s.
781 1205 917 1277 Thomas
941 1217 1059 1304 inquit,
1082 1247 1134 1287 eac-

72 1257 150 1319 cedit
168 1266 401 1345 proportionem
422 1275 572 1356 corporis.
589 1280 688 1365 Atqui
710 1284 745 1351 in
759 1289 872 1356 virtute
891 1298 1028 1381 animae,
1051 1326 1133 1391 quae

71 1338 199 1405 excedit
212 1349 420 1429 capacitatem
435 1356 594 1439 corporis,
611 1374 659 1428 est
674 1388 691 1425 n
705 1368 792 1450 quod
807 1370 907 1443 lluant
920 1379 961 1445 ab
982 1405 1020 1449 ea
1035 1407 1133 1471 quac-

71 1419 149 1566 ffl
168 1428 348 1595 pro'tpnltiipp(3
370 1451 454 1516 quae
475 1456 538 1502 non
560 1451 634 1506 sunt
654 1455 744 1515 actus
766 1474 959 1539 organorum
981 1487 1135 1554 corpora-

69 1770 178 1815 remm
199 1773 441 1840 corporearum,
465 1767 543 1849 quia
566 1769 791 1846 intellectualis
813 1795 871 1851 est.
887 1791 975 1876 Ergo
997 1794 1131 1866 inculta·

68 1842 127 1909 tes,
147 1853 231 1917 quae
254 1835 294 1900 ad
315 1860 399 1918 eam,
421 1856 519 1928 prout
538 1849 767 1927 intellectualis
787 1875 847 1945 est,
871 1875 1044 1957 pertinent,
1067 1887 1128 1950 sci-

69 1911 145 1979 licet
167 1916 358 2000 intellectus,
379 1932 413 1988 ct
434 1927 593 2012 voluntas,
616 1947 691 2003 sunt
713 1943 931 2032 inorganicae.

105 1993 329 2068 Demonstrata
350 2003 409 2070 hac
423 2014 658 2098 propositione,
674 2020 868 2096 facillimum
889 2046 938 2104 est
959 2043 1128 2113 veritatem

67 2077 199 2145 alterim
221 2087 414 2232 perspicere.

105 2163 156 2228 99.
181 2164 278 2252 Prop.
323 2167 348 2234 ¹.
370 2169 429 2235 nn
450 2179 623 2244 materiolae
631 2202 700 2275 'per
719 2210 759 2267 ee,
781 2213 834 2259 rea
850 2213 946 2282 prora
966 2219 1039 2272 anot
1061 2233 1126 2275 mo·

65 2243 199 2322 terioiea,
221 2263 370 2335 nequeunt
391 2251 429 2317 ab
450 2256 601 2325 imelleetn
623 2268 722 2335 entelli
743 2273 767 2337 i.

102 2325 272 2395 Probatur.
294 2332 477 2402 intellectus
498 2339 539 2404 ab
560 2343 760 2434 intelligibili
782 2355 822 2421 ad
843 2373 951 2429 actum
972 2367 1125 2440 determi-

65 2417 183 2487 natur,
206 2423 239 2479 et
257 2414 496 2500 quodammodo
525 2424 701 2509 perficitur.
724 2439 823 2522 Atqui
851 2447 931 2511 nibil
956 2449 997 2514 ad
1018 2467 1127 2523 actum

67 2489 191 2572 redum,
214 2503 247 2560 et
268 2496 379 2593 perfici
400 2510 504 2584 potest
523 2504 564 2570 ab
585 2530 636 2590 eo,
658 2517 746 2599 quod
768 2531 815 2586 est
835 2525 899 2592 sibi
913 2539 1124 2605 contrarium.

62 2571 150 2658 Ergo
172 2596 246 2642 eum
269 2581 451 2648 intellectus
472 2595 586 2653 natura
609 2613 666 2659 sua
688 2599 729 2665 sit
756 2608 898 2687 potentia
922 2613 993 2680 inor
1016 2621 1122 2702 unica,

66 2655 132 2719 sive
154 2657 404 2742 immaterialis,
433 2665 638 2756 intelligibile
658 2698 727 2746 esse
749 2703 788 2748 ue
813 2689 860 2754 uit
881 2636 1016 2781 aliquicb
1027 2715 1124 2770 mate-

64 2735 142 2802 riale
161 2751 262 2834 prout
282 2753 329 2809 est
349 2748 528 2816 materiale.
551 2753 695 2830 Quodsi
724 2707 905 2839 intebectus
925 2783 1039 2865 nequit
1065 2788 1123 2853 ali-

63 2817 142 2959 puitl
158 2820 352 2909 intelligere,
368 2839 535 2927 proutest
555 2843 733 2923 materiale,
756 2854 905 2937 sequitur
926 2860 1123 2936 immateria-

75 2909 186 2968 itatem
207 2924 317 2970 rerum
339 2929 407 2978 esse
422 2923 777 3010 rationem,exquares
791 2945 866 3001 sunt
887 2939 1119 3032 intelligibiles.

73 3037 139 3092 lu.
158 3039 387 3100 ll.·—Cuinenam
406 3057 509 3116 generis
528 3061 562 3113 sit
580 3065 791 3125 immaterialiter
810 3092 911 3145 rerum,
931 3102 1000 3152 quae
1018 3095 1052 3144 ab
1072 3098 1113 3147 in-

101 3113 211 3166 tellectu
229 3117 357 3181 hnmano,
377 3133 455 3187 prout
474 3143 536 3182 cum
555 3147 666 3201 corpore
685 3147 861 3214 coniungitur,
880 3172 1077 3223 cognoscuntur

101 3227 170 3294 teo.
193 3231 377 3308 Intellectus
402 3249 542 3331 spectari
567 3263 673 3338 potest
691 3264 749 3341 ⁸nel
774 3268 943 3355 absolute,
965 3293 1063 3365 prout
1085 3287 1119 3352 in

424 3397 737 3430 Ἢ

63 3455 147 3504 turam
166 3457 260 3510 obiecti
274 3463 455 3532 intelligibilia,
469 3475 563 3527 exinde
574 3479 629 3534 alla
640 3485 715 3537 nobis
727 3503 758 3540 sn

60 3521 106 3572 bns
124 3525 316 3588 distinctionem
335 3539 453 3594 eiusdem
473 3549 591 3602 ueritatis
609 3568 642 3605 co

95 3597 103 3632 ¹
123 3592 159 3649 Ct'
173 3615 196 3653 ι.
217 3599 323 3670 Tbom„
344 3609 552 3682 1‚q.nxxv1‚
573 3639 600 3675 a.
622 3629 634 3678 l
656 3644 682 3680 c.

94 3668 172 3740 ²94
193 3679 288 3745 dispp„
309 3699 337 3749 ti·
358 3699 405 3738 un·
427 3692 523 3760 Derp
543 3710 594 3762 en,
614 3715 641 3754 a.
661 3703 678 3755 2
697 3707 731 3758 ad
750 3709 777 3762 t.

760 3499 867 3556 ppetent
879 3513 1045 3571 ammenta,
1059 3515 1118 3576 qui.

643 3560 787 3620 unitionem
802 3569 878 3621 nebia
891 3583 1119 3648 comparabimus.

918 3783 939 3833 Q
