2475 3909
137 200 196 266 118
510 217 741 266 nunaunnoarn

132 299 166 364 1⁰
188 295 283 374 Quod
303 298 332 363 si
355 297 482 383 species
505 311 636 366 nonest
658 298 782 385 aliquid
810 319 914 385 neque
935 298 1160 377 substantiale,

94 400 198 466 neque
222 378 431 457 accidentale,
448 379 537 467 quod
558 381 598 446 ab
619 382 748 448 obiecto
762 382 951 450 distractum
964 386 998 448 in
1018 386 1160 450 animam

94 462 288 548 ingreditur,
313 473 413 529 restat
435 477 471 530 ut
493 464 658 531 obiectum
674 465 800 532 actione
822 485 880 529 sua
895 465 983 531 iiiam
999 468 1032 531 in
1053 469 1164 533 anima

96 545 262 631 producat.
289 547 330 611 Et
351 566 453 625 sane,
482 567 590 612 sensus
618 558 667 613 est
694 548 886 613 intrinsecus
914 547 1102 614 indifferens
1122 548 1162 614 ad

95 627 343 712 percipiendum
371 629 457 707 hoc,
481 639 537 696 aut
570 630 650 695 iilud
671 629 835 696 obiectum
854 678 863 706 ‚
885 652 922 696 ae
943 629 1078 716 proinde
1106 631 1165 696 aii-

95 731 161 794 quo
183 709 348 807 principio
371 711 547 778 intrinseco
568 711 712 799 indiget,
742 731 846 795 aquo
868 712 1101 780 determinetur
1123 712 1166 785 ad

102 790 348 877 percipiendum
370 793 442 872 hoc,
466 805 497 860 et
519 816 580 860 non
603 794 692 860 aliud
712 793 888 859 obiectum.
905 796 973 860 lam
994 795 1053 861 hoc
1075 797 1165 880 prin-

97 875 221 958 cipium
244 875 453 941 intrinsecum
476 897 540 942 non
563 889 669 963 potest
691 896 760 942 esse
782 898 846 954 res,
869 889 1026 963 quatenns
1043 879 1167 945 extrin-

97 977 189 1020 secus
212 959 320 1023 sensui
347 958 515 1024 obiicitur.
538 961 628 1046 Ergo
649 960 728 1025 satis
749 979 812 1022 oon
834 971 880 1024 est
902 961 1082 1046 praesentia
1110 959 1169 1024 ob-

99 1040 188 1113 iecti,
212 1050 249 1104 ut
264 1061 376 1106 sensus
398 1040 479 1106 iliud
502 1053 703 1126 assequatur,
723 1038 778 1106 sed
800 1062 930 1107 necesse
951 1052 1056 1108 estut
1077 1042 1170 1106 obie-

100 1135 187 1187 ctum
210 1120 397 1189 facultatem
424 1123 617 1190 sentientem
641 1122 681 1190 ad
710 1131 817 1188 actum
840 1122 1041 1190 determinet.
1064 1127 1169 1209 Atqui

100 1223 151 1266 res
173 1206 375 1270 extrinsecus
397 1204 523 1271 obieeta
545 1227 606 1272 non
630 1215 734 1292 potest
747 1203 962 1271 determinare
978 1227 1104 1271 sensum
1126 1203 1170 1270 ad

101 1295 220 1361 actum,
243 1288 306 1353 nisi
329 1285 509 1373 quidquam
532 1289 565 1353 in
589 1288 681 1352 ilium
705 1298 790 1372 agat.
813 1289 901 1373 Ergo
921 1309 971 1353 res
992 1288 1119 1354 obieeta
1135 1308 1171 1350 a-

100 1365 208 1464 liquid
230 1369 262 1432 in
285 1389 414 1434 sensum
437 1379 512 1455 agat
534 1391 663 1436 necesse
685 1381 744 1444 est,
771 1368 869 1447 idest,
895 1369 1052 1456 producat
1072 1371 1104 1436 in
1127 1393 1170 1435 en

102 1471 256 1534 speciem.

142 1531 193 1600 58.
218 1531 315 1617 Prop.
339 1531 387 1597 1¹.
413 1533 455 1598 tu
478 1534 611 1616 cognitio
626 1533 775 1598 sensitiva
795 1533 931 1597 alieuius
948 1535 995 1598 rei
1009 1533 1172 1618 efficiatur,

100 1615 422 1698 prosternationem,
445 1635 506 1699 qua
528 1613 676 1680 obiectum
704 1616 844 1680 caterius
867 1615 997 1698 speeiem
1025 1617 1174 1679 suumin

104 1717 228 1762 sensum
250 1696 413 1771 immittit,
435 1696 623 1781 requiritur:
646 1695 679 1762 1⁰
700 1705 735 1760 ut
757 1716 865 1760 seusus
879 1696 1074 1780 suscipiendo
1095 1696 1176 1760 iuss

108 1781 255 1864 speciem,
280 1779 315 1841 in
335 1777 486 1842 obiectum
508 1790 624 1863 reaqat;
647 1777 682 1842 2⁰
703 1787 739 1842 ut
761 1781 826 1842 cim
849 1800 938 1843 suam
961 1790 1117 1844 convertat
1138 1782 1177 1843 in

106 1883 171 1926 rem
193 1886 211 1925 a
233 1860 330 1945 specis
351 1871 621 1945 repraesentatam.

152 1943 307 2008 Probatur
341 1942 373 2006 1⁸
399 1963 485 2027 pars.
509 1943 677 2029 Susceptio
698 1942 819 2026 speciei
842 1942 1045 2026 estquidam
1067 1943 1178 2008 vitalis

108 2037 197 2090 nctus
229 2045 349 2090 sensus.
373 2025 472 2109 Atqui
496 2035 586 2091 actus
609 2024 718 2089 vitalis
740 2045 801 2088 non
835 2025 898 2087 nisi
922 2045 1033 2088 earum
1067 2045 1176 2088 renum

111 2109 265 2193 proprius
285 2117 345 2183 est,
367 2126 449 2192 quae
465 2107 586 2190 seipsas
608 2117 740 2172 movent
760 2105 800 2169 ad
823 2103 983 2189 agendum
1001 2105 1025 2180 ¹,
1040 2116 1072 2171 et
1095 2105 1178 2171 nihii

110 2199 212 2276 potest
234 2188 377 2334 seipsum
400 2207 539 2262 movere,
556 2189 618 2253 nisi
662 2187 819 2272 uidquam
842 2199 927 2272 agat.
951 2189 1038 2271 Ergo
1052 2209 1179 2266 sensus,

110 2271 272 2354 suscipien
297 2289 317 2332 o
340 2270 372 2333 iu
395 2288 429 2334 se
452 2272 610 2355 speciem,
635 2210 749 2344 debet,
772 2279 809 2333 ut
830 2269 942 2335 Suetus
965 2270 1089 2353 iuquit,
1110 2290 1184 2333 con-

110 2373 177 2436 qsrs
199 2375 272 2418 cum
295 2350 422 2416 obiecto
443 2351 466 2414 ².
491 2353 579 2416 Haec
601 2352 749 2437 operatio
770 2351 879 2416 vocari
902 2352 983 2417 solet
1003 2352 1144 2416 sensatis.

154 2435 310 2500 Probatur
330 2431 366 2496 2·
389 2452 474 2517 pars.
497 2432 694 2505 obiectum,
717 2431 802 2519 quod
826 2453 884 2517 per
906 2453 1017 2498 sensus
1039 2433 1186 2520 percipi-

113 2529 179 2594 tur,
202 2540 265 2582 non
286 2526 334 2580 est
355 2515 489 2600 species,
511 2513 567 2582 sed
590 2536 653 2593 res,
669 2517 764 2580 cuius
778 2516 904 2599 species
922 2514 1104 2582 similitudo
1118 2528 1181 2583 est:

113 2621 229 2685 nempe
252 2599 376 2683 species
398 2606 523 2662 nonest
543 2598 713 2676 terminus,
737 2598 771 2662 in
792 2617 891 2681 quem
905 2597 1049 2682 cognitio
1063 2598 1184 2675 fertur,

114 2679 169 2746 sed
194 2683 364 2746 dumtaxat
386 2680 488 2764 princi
515 2679 594 2758 ium,
616 2701 658 2746 ex
680 2701 745 2765 quo
766 2699 877 2743 sensus
891 2679 1127 2746 determinatur
1140 2681 1186 2746 ad

114 2759 356 2849 percipiendam
383 2782 453 2826 rem
474 2701 514 2826 ag
538 2761 608 2847 ipsa
631 2763 740 2847 specie
761 2770 1032 2845 repraesentatam
1048 2763 1071 2825 ⁸.
1096 2763 1189 2860 Ergo

117 2845 194 2910 satis
216 2866 278 2909 non
301 2858 373 2921 est,
397 2856 432 2910 ut
454 2865 565 2910 sensus
587 2843 742 2942 suscipiat
769 2845 912 2928 speciem
934 2843 974 2907 ab
996 2841 1126 2908 obiecto
1149 2867 1188 2909 ιιι

118 2948 240 3012 organo
263 2927 469 3010 impressam,
492 2924 547 2992 sed
570 2947 652 3012 opus
675 2926 723 2991 iiii
747 2937 812 3002 est,
830 2939 866 2993 ut
886 2945 946 3011 per
967 2926 1109 3009 speciem
1131 2946 1189 2988 su-

118 3021 260 3097 sceptam
282 3007 421 3073 intendat
443 3010 507 3073 vim
529 3029 620 3074 suam
636 3009 788 3093 idipsam
802 3029 872 3072 rem
894 3027 912 3069 a
934 3007 1039 3093 specie
1054 3025 1196 3091 reprae-

118 3086 329 3166 sentatam,ad
351 3109 487 3186 eamque
510 3100 708 3156 convertatur
722 3093 746 3152 ⁸.
769 3091 856 3155 Haec
876 3087 941 3155 alia
962 3091 1110 3175 operatio
1132 3109 1194 3154 uo-

120 3178 188 3242 cari
211 3173 292 3239 solet
309 3185 476 3257 perceptio.

160 3396 170 3434 ¹
191 3393 225 3449 Gi
241 3411 268 3458 p.
289 3392 385 3445 iiie-²
405 3397 435 3444 lu
454 3395 498 3444 iu.
520 3396 533 3443 1
554 3395 638 3450 Sunt,
658 3388 725 3441 Dist.
745 3386 792 3448 111,
812 3403 839 3452 q.
862 3389 888 3446 7,
908 3399 936 3436 n.
957 3385 1003 3436 ss.

158 3469 170 3506 ³
190 3466 257 3518 ilina
277 3466 435 3520 scholastici
455 3467 584 3518 docebant
604 3464 722 3528 speciem
738 3474 796 3512 esse
813 3460 948 3511 obiectum
966 3471 1027 3523 qua,
1046 3469 1099 3507 non
1111 3458 1199 3546 'obie-

125 3548 198 3595 ctum
218 3543 284 3604 quod
302 3541 469 3602 cognitionis.

127 3705 144 3756 q
161 3609 232 3746 ⁶¹’Cq
238 3609 427 3738 '218ngqu
446 3613 529 3673 Tria„
550 3610 596 3661 iii.
617 3605 665 3668 XI,
685 3623 710 3659 a.
729 3605 758 3665 2,
778 3611 805 3656 et
824 3619 846 3655 s.
860 3600 968 3663 tuom„
989 3599 1110 3670 Qttodtib.
1129 3597 1200 3666 vii,
