2475 3909
512 205 695 256 onrotocm
1090 190 1112 256 9

77 314 114 359 ro
137 293 325 380 possibilem
347 290 488 357 denotat.
504 292 647 369 Eisone,
663 301 700 357 ut
714 289 917 375 intelligatur
933 289 1059 376 aliquid
1080 312 1150 357 esse

77 377 243 461 possibile,
267 373 449 459 intelligere
470 382 596 458 oportet
610 374 753 458 primum
774 373 944 449 elementa,
966 392 1008 437 ex
1029 373 1151 457 quibus

76 462 185 544 ipsum
206 466 331 523 constat
351 504 359 534 ,
382 463 415 520 et
439 453 555 520 deinde
577 456 656 519 haec
679 452 840 521 eiusmodi
862 474 930 518 esse
948 501 957 530 ,
976 463 1014 519 ut
1039 475 1150 520 secum

74 540 226 624 componi
249 540 390 623 possint,
416 558 454 602 ac
475 536 611 622 proinde
634 536 724 602 notio
745 538 828 603 eutis
850 535 1015 620 possibilis
1037 539 1151 622 nequit

74 640 146 687 esse
169 621 272 706 prima
294 620 452 697 omnium,
474 638 555 704 quas
573 618 755 684 intellectus
777 617 932 705 adquirit.
956 616 1075 683 Contra
1097 638 1149 696 ea,

73 722 145 779 ens,
167 700 253 786 quod
268 700 448 768 intellectus
463 701 608 787 primum
627 702 773 765 omnium
787 702 972 787 cognoscit,
988 708 1037 765 εει
1048 701 1147 777 reale,

74 784 153 869 quia
176 785 315 848 essentia
341 804 451 849 rerum
474 782 705 857 materialium,
728 803 826 867 quam
850 784 920 867 ipse
941 780 1002 847 sub
1023 784 1149 847 ratione

75 867 161 931 entis
182 867 290 949 primo
311 865 486 950 intelligit,
514 873 576 939 εει,
600 874 636 929 ιιι
657 864 736 929 alibi
759 864 915 935 diximus.
936 865 1069 930 realis¹.
1088 865 1150 929 llic

75 957 186 1011 autem
200 945 431 1013 advertendum
446 954 505 1021 εει,
525 966 595 1018 ειιε,
618 945 705 1031 quod
728 948 873 1031 primum
887 947 1034 1011 omnium
1055 946 1151 1012 intel-

74 1027 178 1093 lectus
201 1027 364 1113 inteiligit,
380 1029 438 1094 etsi
459 1028 502 1093 sit
524 1028 623 1103 reale,
646 1037 755 1092 tamen
775 1030 885 1112 ipsum
911 1049 975 1092 non
996 1030 1149 1114 cognosci

75 1108 117 1174 ab
140 1109 332 1185 intellectu,
356 1124 420 1178 tam
445 1130 519 1173 uem
547 1110 663 1184 reale3
686 1130 760 1177 nam
782 1110 926 1195 cognitio
948 1112 1059 1186 entis,
1082 1120 1150 1175 tau-

74 1210 173 1276 quam
196 1188 304 1269 realis,
320 1204 368 1258 est
390 1130 520 1265 relaxa,
542 1202 576 1256 et
593 1192 769 1265 distincta,
790 1193 868 1276 quia
891 1192 1074 1258 intellectos
1094 1213 1150 1257 ue-

97 1274 149 1338 uit
170 1292 364 1360 cognoscere
386 1271 510 1360 aliquid
533 1281 696 1358 tamquam
718 1269 817 1347 reale,
840 1272 901 1336 nisi
924 1293 1076 1359 superse
1099 1296 1150 1340 re·

72 1294 235 1432 lectatur,
257 1367 469 1441 naturamque
485 1356 581 1433 entis,
603 1353 691 1439 quod
706 1353 931 1453 apprehendit,
946 1354 1109 1441 expendat
1121 1359 1146 1433 ²;

72 1438 154 1503 dum
169 1458 187 1501 ε
202 1437 366 1502 contrario
387 1440 476 1504 notio
494 1438 591 1514 eutis,
607 1457 705 1521 quam
730 1436 911 1502 intellectus
926 1441 1067 1524 primam
1081 1457 1149 1502 om·

74 1520 171 1585 nium
192 1516 355 1605 adquirit,
377 1528 426 1587 esi
447 1516 589 1593 directa,
611 1528 645 1584 et
666 1518 812 1583 confusa.

114 1600 165 1665 at.
189 1600 287 1685 Prop.
310 1599 358 1665 2⁸.
382 1599 531 1667 Nilu'lum
554 1600 591 1663 ul
616 1598 775 1665 intellectu
795 1605 992 1683 cognoscitur
1012 1621 1074 1665 neu
1092 1620 1148 1685 per

72 1682 224 1765 scipsum,
247 1680 299 1745 sed
308 1700 368 1765 per
389 1684 456 1747 u‘us
476 1683 665 1768 oppositum,
683 1700 791 1765 nempe
806 1702 866 1767 per
887 1703 937 1745 eut
958 1684 1150 1747 communis·

71 1768 152 1829 mane
172 1771 325 1827 sumtum.

116 1845 272 1909 Probatur
299 1843 332 1910 1⁸
356 1864 443 1929 pars.
467 1844 540 1909 Non
563 1854 670 1927 potest
696 1845 921 1932 perseipsum
945 1844 1085 1929 intelligi
1108 1844 1149 1909 il·

71 1925 145 2002 lud,
162 1926 248 2011 quod
263 1946 326 1991 etas
342 1927 394 1991 sui
410 1926 579 2012 proprium
596 1946 659 1989 non
676 1925 782 1989 habet.
806 1927 904 2012 Atqui
928 1926 1067 1991 nihilum
1081 1946 1147 1992 uon

71 2008 171 2075 habet
193 2010 226 2073 in
249 2028 283 2075 se
306 2007 439 2093 aliquod
464 2026 537 2071 esse.
566 2008 655 2092 Ergo
684 2008 822 2073 nihilum
855 2028 913 2096 per
939 2009 1082 2095 seipsum
1105 2006 1146 2071 ab

70 2089 238 2156 intellectu
260 2093 413 2175 cognosci
437 2110 499 2153 non
524 2098 629 2173 potest
644 2091 668 2151 ⁸.

113 2172 166 2237 22.
193 2172 352 2236 Probatur
372 2171 407 2235 2·
431 2190 517 2257 pars.
541 2167 727 2235 Intellectus
749 2190 810 2233 non
835 2179 941 2254 potest
961 2168 1146 2255 intelligere

73 2253 255 2319 absentiam
279 2253 449 2319 cuiusdam
471 2252 621 2339 specialis
648 2251 931 2318 determinationis
950 2256 1058 2327 entis,
1079 2252 1148 2316 uisi

72 2333 239 2420 intelligat
261 2335 394 2421 aliquod
416 2334 596 2410 obiectum,
621 2336 743 2431 inquo
765 2334 821 2398 illa
841 2332 1071 2400 determinatio
1091 2353 1147 2397 en-

71 2417 116 2482 tis
139 2419 316 2483 iuvenitur.
341 2418 379 2482 Ε.
404 2437 449 2503 g.,
473 2416 567 2481 nobis
590 2437 655 2480 non
669 2415 747 2483 licet
760 2415 945 2501 intelligere
965 2415 1145 2482 absentiam

71 2500 212 2564 rationis
235 2502 269 2564 in
292 2497 420 2575 bellua,
443 2500 506 2567 uisi
528 2519 569 2563 ex
590 2518 643 2573 eo,
664 2496 751 2581 quod
774 2499 936 2564 rationem
950 2498 1073 2564 bomini
1097 2498 1147 2561 in·

70 2600 144 2645 esse
166 2583 326 2645 novimus.
352 2583 452 2666 Atqui
476 2601 539 2646 non
559 2600 629 2656 ens,
647 2600 705 2643 seu
721 2579 858 2645 nihilum
880 2579 1011 2646 denotat
1032 2579 1145 2645 absen-

72 2664 154 2729 tiam
174 2662 258 2728 entis
273 2664 537 2727 communissima
560 2663 671 2727 sumti.
694 2660 782 2745 Ergo
798 2659 980 2726 intellectus
1001 2684 1065 2727 non
1087 2680 1145 2747 po·

72 2756 135 2811 test
157 2743 339 2830 intelligere
363 2744 513 2819 nihilum,
535 2744 598 2808 uisi
622 2764 680 2828 per
700 2764 757 2807 ens
771 2744 1035 2809 communissima
1056 2762 1145 2809 som·

73 2836 156 2903 ium,
172 2828 233 2911 'cui
258 2826 397 2891 nihilum
420 2826 608 2924 opponitur.
632 2826 742 2903 Quare
758 2844 783 2889 a.
801 2824 938 2890 Thomas
960 2828 1071 2892 statuit
1093 2825 1143 2888 in-

71 2909 236 2975 tellectum
259 2907 423 2975 notionem
447 2907 540 2972 nihili
565 2906 628 2973 sibi
652 2906 809 2973 conticere
831 2929 874 2973 ex
895 2930 952 2987 eo,
974 2908 1062 2994 quod
1086 2906 1142 2973 ab·

71 2993 208 3057 sentiam
230 2991 314 3056 entis
335 2990 479 3075 concipit
493 2992 519 3053 ι.

452 3102 763 3117 w

107 3170 116 3207 ¹
136 3165 179 3220 En
199 3168 240 3218 itis
253 3168 318 3219 iilud
338 3170 423 3231 magis
436 3168 621 3226 confirmatur,
641 3168 711 3231 quod
730 3171 808 3216 anisa
827 3166 991 3217 ostendimus
1003 3160 1142 3232 (idsuiop,

74 3254 99 3289 c.
121 3240 145 3297 Ι,
166 3254 193 3291 ι.
215 3240 250 3297 3,
270 3254 296 3303 p.
321 3241 371 3290 lii
390 3254 457 3304 sqq,
478 3242 531 3290 roi.
555 3237 601 3308 l),
623 3252 718 3300 nempe
743 3238 837 3288 taleam
861 3252 920 3289 ease
939 3234 1066 3287 llosminii
1084 3249 1146 3286 sen·

73 3314 196 3369 unitam.
217 3326 269 3371 qua
289 3314 382 3363 statuit
400 3326 463 3372 ens,
483 3312 553 3376 quod
574 3314 661 3374 primo
680 3326 694 3361 a
716 3312 791 3361 nobis
815 3316 1000 3375 cognoscitur,
1020 3321 1078 3359 essa
1095 3322 1143 3358 ons

71 3386 205 3446 possibile.

104 3456 116 3491 ²
136 3452 174 3507 et
190 3456 326 3507 itte-³
345 3451 382 3507 ct
396 3468 419 3506 t.
440 3454 549 3512 Thone..
571 3453 591 3512 l,
612 3468 641 3518 q.
661 3450 733 3513 XVi,
754 3470 780 3504 a.
801 3454 817 3504 3
837 3455 869 3506 ui
890 3452 917 3503 ι.

103 3525 115 3563 ⁵
136 3530 202 3579 tttt.
224 3522 263 3577 Er
282 3527 332 3579 imo
350 3529 579 3592 argumentatione
604 3526 685 3578 laclia
711 3528 870 3590 perspicitur
887 3538 962 3575 error
987 3521 1038 3576 Ao.
1059 3521 1141 3574 Fran-

69 3595 209 3667 kit(1ttet.
228 3600 304 3661 poti..
325 3606 377 3650 ari.
396 3591 480 3667 iliae).
501 3601 669 3661 aliorumque
689 3612 860 3661 nuperorum.
881 3598 937 3662 qui,
960 3594 1140 3647 Parmenidam

70 3672 166 3733 secuti,
188 3671 302 3727 nihilum
322 3673 473 3727 absolutum
493 3671 603 3741 cogitari
629 3684 682 3723 usu
702 3684 777 3737 posse
797 3671 946 3738 praefracto
965 3672 1139 3732 contendunt,
