<?xml version="1.0" encoding="UTF-8"?>
<!DOCTYPE html PUBLIC "-//W3C//DTD XHTML 1.0 Transitional//EN"
    "http://www.w3.org/TR/xhtml1/DTD/xhtml1-transitional.dtd">
<html xmlns="http://www.w3.org/1999/xhtml" xml:lang="en" lang="en">
 <head>
  <title>
</title>
<meta http-equiv="Content-Type" content="text/html;charset=utf-8" />
  <meta name='ocr-system' content='tesseract 3.04.00' />
  <meta name='ocr-capabilities' content='ocr_page ocr_carea ocr_par ocr_line ocrx_word'/>
</head>
<body>
  <div class='ocr_page' id='page_1' title='image "./philosophiachri00sansgoog_0291.png"; bbox 0 0 2475 3909; ppageno 0'>
   <div class='ocr_carea' id='block_1_1' title="bbox 467 147 1081 216">
    <p class='ocr_par' dir='ltr' id='par_1_1' title="bbox 467 147 1081 216">
     <span class='ocr_line' id='line_1_1' title="bbox 467 147 1081 216; baseline -0.003 -1"><span class='ocrx_word' id='word_1_1' title='bbox 467 168 717 216; x_wconf 79' lang='lat' dir='ltr'><strong>cnrrnnroncorn</strong></span> <span class='ocrx_word' id='word_1_2' title='bbox 1020 147 1081 213; x_wconf 70' lang='lat' dir='ltr'><strong>nm</strong></span> 
     </span>
    </p>
   </div>
   <div class='ocr_carea' id='block_1_2' title="bbox 55 250 1122 1733">
    <p class='ocr_par' dir='ltr' id='par_1_2' title="bbox 60 250 1121 399">
     <span class='ocr_line' id='line_1_2' title="bbox 60 250 1121 337; baseline -0.001 -20"><span class='ocrx_word' id='word_1_3' title='bbox 60 250 196 317; x_wconf 84' lang='lat' dir='ltr'><strong>scendns</strong></span> <span class='ocrx_word' id='word_1_4' title='bbox 216 250 342 317; x_wconf 88' lang='lat' dir='ltr'><strong>homini</strong></span> <span class='ocrx_word' id='word_1_5' title='bbox 369 270 434 316; x_wconf 93' lang='lat' dir='ltr'><strong>non</strong></span> <span class='ocrx_word' id='word_1_6' title='bbox 462 250 586 318; x_wconf 80' lang='lat' dir='ltr'><strong>desunt.</strong></span> <span class='ocrx_word' id='word_1_7' title='bbox 610 252 735 317; x_wconf 84' lang='lat' dir='ltr'><strong>Horum</strong></span> <span class='ocrx_word' id='word_1_8' title='bbox 757 252 972 337; x_wconf 88' lang='lat' dir='ltr'><strong>praecipuum</strong></span> <span class='ocrx_word' id='word_1_9' title='bbox 993 263 1043 316; x_wconf 89' lang='lat' dir='ltr'><strong>est</strong></span> <span class='ocrx_word' id='word_1_10' title='bbox 1064 250 1121 316; x_wconf 89' lang='lat' dir='ltr'><strong>Di·</strong></span> 
     </span>
     <span class='ocr_line' id='line_1_3' title="bbox 60 334 340 399; baseline -0.011 -1"><span class='ocrx_word' id='word_1_11' title='bbox 60 337 138 399; x_wconf 84' lang='lat' dir='ltr'><strong>vina</strong></span> <span class='ocrx_word' id='word_1_12' title='bbox 161 334 340 399; x_wconf 82' lang='lat' dir='ltr'><strong>Revelatio.</strong></span> 
     </span>
    </p>

    <p class='ocr_par' dir='ltr' id='par_1_3' title="bbox 58 414 1120 675">
     <span class='ocr_line' id='line_1_4' title="bbox 100 414 1120 501; baseline 0 -22"><span class='ocrx_word' id='word_1_13' title='bbox 100 416 199 501; x_wconf 85' lang='lat' dir='ltr'><strong>Prop.</strong></span> <span class='ocrx_word' id='word_1_14' title='bbox 222 414 348 479; x_wconf 74' lang='lat' dir='ltr'><strong>Eximit</strong></span> <span class='ocrx_word' id='word_1_15' title='bbox 371 415 487 481; x_wconf 84' lang='lat' dir='ltr'><strong>Divino</strong></span> <span class='ocrx_word' id='word_1_16' title='bbox 509 416 675 494; x_wconf 86' lang='lat' dir='ltr'><strong>lleoelotio,</strong></span> <span class='ocrx_word' id='word_1_17' title='bbox 696 434 772 501; x_wconf 85' lang='lat' dir='ltr'><strong>quoe</strong></span> <span class='ocrx_word' id='word_1_18' title='bbox 791 416 886 480; x_wconf 83' lang='lat' dir='ltr'><strong>etium</strong></span> <span class='ocrx_word' id='word_1_19' title='bbox 907 414 1050 479; x_wconf 76' lang='lat' dir='ltr'><strong>ueritates</strong></span> <span class='ocrx_word' id='word_1_20' title='bbox 1070 436 1120 479; x_wconf 84' lang='lat' dir='ltr'><strong>or-</strong></span> 
     </span>
     <span class='ocr_line' id='line_1_5' title="bbox 58 496 1119 585; baseline 0.001 -25"><span class='ocrx_word' id='word_1_21' title='bbox 58 497 147 561; x_wconf 84' lang='lat' dir='ltr'><strong>dinis</strong></span> <span class='ocrx_word' id='word_1_22' title='bbox 158 498 312 561; x_wconf 79' lang='lat' dir='ltr'><strong>naturalis</strong></span> <span class='ocrx_word' id='word_1_23' title='bbox 322 498 547 583; x_wconf 75' lang='lat' dir='ltr'><strong><em>complectitur,</em></strong></span> <span class='ocrx_word' id='word_1_24' title='bbox 561 520 652 585; x_wconf 83' lang='lat' dir='ltr'><strong>euque</strong></span> <span class='ocrx_word' id='word_1_25' title='bbox 663 511 704 563; x_wconf 86' lang='lat' dir='ltr'><strong>est</strong></span> <span class='ocrx_word' id='word_1_26' title='bbox 715 496 919 583; x_wconf 82' lang='lat' dir='ltr'><strong>praecipuum</strong></span> <span class='ocrx_word' id='word_1_27' title='bbox 932 496 1119 574; x_wconf 77' lang='lat' dir='ltr'><strong>subsidium,</strong></span> 
     </span>
     <span class='ocr_line' id='line_1_6' title="bbox 58 578 1049 675; baseline 0 -33"><span class='ocrx_word' id='word_1_28' title='bbox 58 600 123 664; x_wconf 85' lang='lat' dir='ltr'><strong>quo</strong></span> <span class='ocrx_word' id='word_1_29' title='bbox 141 578 341 675; x_wconf 72' lang='lat' dir='ltr'><strong>philosophus</strong></span> <span class='ocrx_word' id='word_1_30' title='bbox 362 580 397 643; x_wconf 89' lang='lat' dir='ltr'><strong>in</strong></span> <span class='ocrx_word' id='word_1_31' title='bbox 418 583 647 665; x_wconf 78' lang='lat' dir='ltr'><strong>inuestipotc&#39;one</strong></span> <span class='ocrx_word' id='word_1_32' title='bbox 668 582 735 645; x_wconf 85' lang='lat' dir='ltr'><strong>ocri</strong></span> <span class='ocrx_word' id='word_1_33' title='bbox 756 592 822 644; x_wconf 87' lang='lat' dir='ltr'><strong>tuto</strong></span> <span class='ocrx_word' id='word_1_34' title='bbox 837 580 1049 666; x_wconf 74' lang='lat' dir='ltr'><strong>progreditur.</strong></span> 
     </span>
    </p>

    <p class='ocr_par' dir='ltr' id='par_1_4' title="bbox 58 661 1122 1469">
     <span class='ocr_line' id='line_1_7' title="bbox 101 661 1121 750; baseline 0.001 -26"><span class='ocrx_word' id='word_1_35' title='bbox 101 661 213 725; x_wconf 76' lang='lat' dir='ltr'><strong>Prima</strong></span> <span class='ocrx_word' id='word_1_36' title='bbox 235 664 465 747; x_wconf 74' lang='lat' dir='ltr'><strong>propositionis</strong></span> <span class='ocrx_word' id='word_1_37' title='bbox 488 686 575 749; x_wconf 91' lang='lat' dir='ltr'><strong>pars,</strong></span> <span class='ocrx_word' id='word_1_38' title='bbox 598 675 826 750; x_wconf 80' lang='lat' dir='ltr'>praeterquam</span> <span class='ocrx_word' id='word_1_39' title='bbox 852 661 937 748; x_wconf 89' lang='lat' dir='ltr'><strong>qnod</strong></span> <span class='ocrx_word' id='word_1_40' title='bbox 960 684 1000 727; x_wconf 84' lang='lat' dir='ltr'><strong>ex</strong></span> <span class='ocrx_word' id='word_1_41' title='bbox 1022 661 1121 726; x_wconf 85' lang='lat' dir='ltr'><strong>histo-</strong></span> 
     </span>
     <span class='ocr_line' id='line_1_8' title="bbox 59 741 1118 833; baseline 0.003 -28"><span class='ocrx_word' id='word_1_42' title='bbox 59 744 133 807; x_wconf 88' lang='lat' dir='ltr'><strong>riae</strong></span> <span class='ocrx_word' id='word_1_43' title='bbox 156 741 356 809; x_wconf 74' lang='lat' dir='ltr'><strong>documentis</strong></span> <span class='ocrx_word' id='word_1_44' title='bbox 379 746 468 811; x_wconf 85' lang='lat' dir='ltr'><strong>valde</strong></span> <span class='ocrx_word' id='word_1_45' title='bbox 500 744 676 833; x_wconf 77' lang='lat' dir='ltr'><strong>exploratis</strong></span> <span class='ocrx_word' id='word_1_46' title='bbox 707 754 854 824; x_wconf 87' lang='lat' dir='ltr'><strong>constat,</strong></span> <span class='ocrx_word' id='word_1_47' title='bbox 882 745 926 809; x_wconf 90' lang='lat' dir='ltr'><strong>ita</strong></span> <span class='ocrx_word' id='word_1_48' title='bbox 952 742 1118 829; x_wconf 87' lang='lat' dir='ltr'><strong>probatur:</strong></span> 
     </span>
     <span class='ocr_line' id='line_1_9' title="bbox 59 824 1121 913; baseline 0.005 -28"><span class='ocrx_word' id='word_1_49' title='bbox 59 824 245 897; x_wconf 77' lang='lat' dir='ltr'><strong>veritates,</strong></span> <span class='ocrx_word' id='word_1_50' title='bbox 268 828 408 892; x_wconf 88' lang='lat' dir='ltr'><strong>maxime</strong></span> <span class='ocrx_word' id='word_1_51' title='bbox 439 850 522 912; x_wconf 89' lang='lat' dir='ltr'><strong>quae</strong></span> <span class='ocrx_word' id='word_1_52' title='bbox 551 828 591 893; x_wconf 89' lang='lat' dir='ltr'><strong>ad</strong></span> <span class='ocrx_word' id='word_1_53' title='bbox 618 827 832 913; x_wconf 79' lang='lat' dir='ltr'><strong>religionem,</strong></span> <span class='ocrx_word' id='word_1_54' title='bbox 863 835 896 889; x_wconf 92' lang='lat' dir='ltr'><strong>et</strong></span> <span class='ocrx_word' id='word_1_55' title='bbox 921 847 1027 890; x_wconf 89' lang='lat' dir='ltr'><strong>mores</strong></span> <span class='ocrx_word' id='word_1_56' title='bbox 1050 846 1121 909; x_wconf 90' lang='lat' dir='ltr'><strong>spe-</strong></span> 
     </span>
     <span class='ocr_line' id='line_1_10' title="bbox 59 906 1121 993; baseline 0 -22"><span class='ocrx_word' id='word_1_57' title='bbox 59 917 160 983; x_wconf 85' lang='lat' dir='ltr'><strong>ctant,</strong></span> <span class='ocrx_word' id='word_1_58' title='bbox 183 907 368 973; x_wconf 88' lang='lat' dir='ltr'><strong>huiusmodi</strong></span> <span class='ocrx_word' id='word_1_59' title='bbox 390 921 479 988; x_wconf 91' lang='lat' dir='ltr'><strong>sunt,</strong></span> <span class='ocrx_word' id='word_1_60' title='bbox 505 921 540 977; x_wconf 91' lang='lat' dir='ltr'><strong>ut</strong></span> <span class='ocrx_word' id='word_1_61' title='bbox 560 931 673 976; x_wconf 90' lang='lat' dir='ltr'><strong>earum</strong></span> <span class='ocrx_word' id='word_1_62' title='bbox 695 909 839 993; x_wconf 78' lang='lat' dir='ltr'><strong>cognitio</strong></span> <span class='ocrx_word' id='word_1_63' title='bbox 860 906 901 972; x_wconf 90' lang='lat' dir='ltr'><strong>ab</strong></span> <span class='ocrx_word' id='word_1_64' title='bbox 923 909 1010 972; x_wconf 91' lang='lat' dir='ltr'><strong>omni</strong></span> <span class='ocrx_word' id='word_1_65' title='bbox 1031 927 1121 971; x_wconf 73' lang='lat' dir='ltr'><strong>erro</strong></span> 
     </span>
     <span class='ocr_line' id='line_1_11' title="bbox 60 988 1121 1074; baseline 0 -21"><span class='ocrx_word' id='word_1_66' title='bbox 60 1011 96 1055; x_wconf 91' lang='lat' dir='ltr'><strong>re</strong></span> <span class='ocrx_word' id='word_1_67' title='bbox 118 989 274 1054; x_wconf 91' lang='lat' dir='ltr'><strong>immunis</strong></span> <span class='ocrx_word' id='word_1_68' title='bbox 296 994 471 1057; x_wconf 85' lang='lat' dir='ltr'><strong>necessaria</strong></span> <span class='ocrx_word' id='word_1_69' title='bbox 487 995 530 1060; x_wconf 89' lang='lat' dir='ltr'><strong>sit</strong></span> <span class='ocrx_word' id='word_1_70' title='bbox 544 992 695 1059; x_wconf 88' lang='lat' dir='ltr'><strong>omnibus</strong></span> <span class='ocrx_word' id='word_1_71' title='bbox 715 990 913 1065; x_wconf 86' lang='lat' dir='ltr'><strong>hominibus,</strong></span> <span class='ocrx_word' id='word_1_72' title='bbox 936 988 1121 1074; x_wconf 88' lang='lat' dir='ltr'><strong>etquidem</strong></span> 
     </span>
     <span class='ocr_line' id='line_1_12' title="bbox 60 1071 1120 1161; baseline 0.004 -27"><span class='ocrx_word' id='word_1_73' title='bbox 60 1072 119 1135; x_wconf 83' lang='lat' dir='ltr'><strong>rix</strong></span> <span class='ocrx_word' id='word_1_74' title='bbox 142 1092 216 1137; x_wconf 90' lang='lat' dir='ltr'><strong>cum</strong></span> <span class='ocrx_word' id='word_1_75' title='bbox 242 1073 368 1137; x_wconf 91' lang='lat' dir='ltr'><strong>ratione</strong></span> <span class='ocrx_word' id='word_1_76' title='bbox 395 1076 442 1139; x_wconf 91' lang='lat' dir='ltr'><strong>uti</strong></span> <span class='ocrx_word' id='word_1_77' title='bbox 468 1076 638 1161; x_wconf 86' lang='lat' dir='ltr'><strong>incipiunt.</strong></span> <span class='ocrx_word' id='word_1_78' title='bbox 664 1074 765 1158; x_wconf 77' lang='lat' dir='ltr'><strong>Atqui</strong></span> <span class='ocrx_word' id='word_1_79' title='bbox 787 1073 814 1136; x_wconf 92' lang='lat' dir='ltr'><strong>si</strong></span> <span class='ocrx_word' id='word_1_80' title='bbox 837 1071 898 1137; x_wconf 86' lang='lat' dir='ltr'><strong>soli</strong></span> <span class='ocrx_word' id='word_1_81' title='bbox 925 1072 1043 1137; x_wconf 88' lang='lat' dir='ltr'><strong>rationi</strong></span> <span class='ocrx_word' id='word_1_82' title='bbox 1064 1092 1120 1138; x_wconf 90' lang='lat' dir='ltr'><strong>eae</strong></span> 
     </span>
     <span class='ocr_line' id='line_1_13' title="bbox 60 1152 1121 1240; baseline -0.003 -21"><span class='ocrx_word' id='word_1_83' title='bbox 60 1152 275 1238; x_wconf 84' lang='lat' dir='ltr'><strong>inquirendae</strong></span> <span class='ocrx_word' id='word_1_84' title='bbox 298 1157 569 1240; x_wconf 81' lang='lat' dir='ltr'><strong>relinquerentur,</strong></span> <span class='ocrx_word' id='word_1_85' title='bbox 593 1157 720 1224; x_wconf 90' lang='lat' dir='ltr'><strong>nonnisi</strong></span> <span class='ocrx_word' id='word_1_86' title='bbox 741 1177 761 1217; x_wconf 89' lang='lat' dir='ltr'><strong>o</strong></span> <span class='ocrx_word' id='word_1_87' title='bbox 777 1156 906 1237; x_wconf 81' lang='lat' dir='ltr'><strong>poncio,</strong></span> <span class='ocrx_word' id='word_1_88' title='bbox 928 1165 956 1218; x_wconf 88' lang='lat' dir='ltr'><strong>et</strong></span> <span class='ocrx_word' id='word_1_89' title='bbox 971 1161 1042 1239; x_wconf 86' lang='lat' dir='ltr'><strong>post</strong></span> <span class='ocrx_word' id='word_1_90' title='bbox 1057 1154 1121 1218; x_wconf 90' lang='lat' dir='ltr'><strong>lon-</strong></span> 
     </span>
     <span class='ocr_line' id='line_1_14' title="bbox 58 1237 1122 1321; baseline 0.004 -24"><span class='ocrx_word' id='word_1_91' title='bbox 58 1256 134 1319; x_wconf 73' lang='lat' dir='ltr'><strong>gum</strong></span> <span class='ocrx_word' id='word_1_92' title='bbox 157 1246 287 1321; x_wconf 83' lang='lat' dir='ltr'><strong>tempus,</strong></span> <span class='ocrx_word' id='word_1_93' title='bbox 301 1247 329 1299; x_wconf 85' lang='lat' dir='ltr'><strong>et</strong></span> <span class='ocrx_word' id='word_1_94' title='bbox 343 1260 412 1303; x_wconf 87' lang='lat' dir='ltr'><strong>cum</strong></span> <span class='ocrx_word' id='word_1_95' title='bbox 434 1241 626 1305; x_wconf 68' lang='lat' dir='ltr'><strong>admistione</strong></span> <span class='ocrx_word' id='word_1_96' title='bbox 646 1237 820 1301; x_wconf 74' lang='lat' dir='ltr'><strong>multorum</strong></span> <span class='ocrx_word' id='word_1_97' title='bbox 840 1256 982 1301; x_wconf 84' lang='lat' dir='ltr'><strong>errorum</strong></span> <span class='ocrx_word' id='word_1_98' title='bbox 1004 1256 1122 1321; x_wconf 85' lang='lat' dir='ltr'><strong>cogno-</strong></span> 
     </span>
     <span class='ocr_line' id='line_1_15' title="bbox 61 1315 1121 1405; baseline 0 -23"><span class='ocrx_word' id='word_1_99' title='bbox 61 1329 241 1383; x_wconf 87' lang='lat' dir='ltr'><strong>scerentur.</strong></span> <span class='ocrx_word' id='word_1_100' title='bbox 258 1320 343 1402; x_wconf 87' lang='lat' dir='ltr'><strong>Ergo</strong></span> <span class='ocrx_word' id='word_1_101' title='bbox 364 1326 568 1389; x_wconf 81' lang='lat' dir='ltr'><strong>necessarium</strong></span> <span class='ocrx_word' id='word_1_102' title='bbox 583 1324 656 1401; x_wconf 78' lang='lat' dir='ltr'><strong>suit,</strong></span> <span class='ocrx_word' id='word_1_103' title='bbox 672 1318 758 1405; x_wconf 92' lang='lat' dir='ltr'><strong>quod</strong></span> <span class='ocrx_word' id='word_1_104' title='bbox 779 1318 928 1384; x_wconf 87' lang='lat' dir='ltr'><strong>homines</strong></span> <span class='ocrx_word' id='word_1_105' title='bbox 949 1315 989 1382; x_wconf 91' lang='lat' dir='ltr'><strong>de</strong></span> <span class='ocrx_word' id='word_1_106' title='bbox 1005 1318 1046 1382; x_wconf 91' lang='lat' dir='ltr'><strong>iis</strong></span> <span class='ocrx_word' id='word_1_107' title='bbox 1064 1338 1121 1404; x_wconf 83' lang='lat' dir='ltr'><strong>per</strong></span> 
     </span>
     <span class='ocr_line' id='line_1_16' title="bbox 59 1400 718 1469; baseline 0.002 -6"><span class='ocrx_word' id='word_1_108' title='bbox 59 1400 214 1464; x_wconf 83' lang='lat' dir='ltr'><strong>Divinam</strong></span> <span class='ocrx_word' id='word_1_109' title='bbox 235 1401 460 1467; x_wconf 84' lang='lat' dir='ltr'><strong>lleoelntionem</strong></span> <span class='ocrx_word' id='word_1_110' title='bbox 481 1406 680 1469; x_wconf 85' lang='lat' dir='ltr'><strong>instruontur</strong></span> <span class='ocrx_word' id='word_1_111' title='bbox 695 1402 718 1464; x_wconf 83' lang='lat'><strong>¹.</strong></span> 
     </span>
    </p>

    <p class='ocr_par' dir='ltr' id='par_1_5' title="bbox 55 1480 1122 1733">
     <span class='ocr_line' id='line_1_17' title="bbox 102 1480 1122 1581; baseline 0.002 -36"><span class='ocrx_word' id='word_1_112' title='bbox 102 1481 174 1549; x_wconf 71' lang='lat'><strong>128.</strong></span> <span class='ocrx_word' id='word_1_113' title='bbox 198 1482 381 1559; x_wconf 87' lang='lat' dir='ltr'><strong>Praeterea,</strong></span> <span class='ocrx_word' id='word_1_114' title='bbox 401 1486 527 1568; x_wconf 87' lang='lat' dir='ltr'><strong>primns</strong></span> <span class='ocrx_word' id='word_1_115' title='bbox 548 1486 661 1562; x_wconf 85' lang='lat' dir='ltr'><strong>homo,</strong></span> <span class='ocrx_word' id='word_1_116' title='bbox 684 1484 806 1581; x_wconf 90' lang='lat' dir='ltr'><strong>quippe</strong></span> <span class='ocrx_word' id='word_1_117' title='bbox 827 1482 885 1567; x_wconf 91' lang='lat' dir='ltr'><strong>qni</strong></span> <span class='ocrx_word' id='word_1_118' title='bbox 906 1480 1004 1549; x_wconf 90' lang='lat' dir='ltr'><strong>totius</strong></span> <span class='ocrx_word' id='word_1_119' title='bbox 1028 1502 1122 1567; x_wconf 85' lang='lat' dir='ltr'><strong>gone-</strong></span> 
     </span>
     <span class='ocr_line' id='line_1_18' title="bbox 58 1565 1122 1642; baseline -0.001 -15"><span class='ocrx_word' id='word_1_120' title='bbox 58 1565 105 1629; x_wconf 87' lang='lat' dir='ltr'><strong>ris</strong></span> <span class='ocrx_word' id='word_1_121' title='bbox 151 1584 262 1640; x_wconf 87' lang='lat' dir='ltr'><strong>arens,</strong></span> <span class='ocrx_word' id='word_1_122' title='bbox 285 1575 318 1629; x_wconf 90' lang='lat' dir='ltr'><strong>et</strong></span> <span class='ocrx_word' id='word_1_123' title='bbox 338 1565 451 1633; x_wconf 88' lang='lat' dir='ltr'><strong>doctor</strong></span> <span class='ocrx_word' id='word_1_124' title='bbox 476 1566 604 1634; x_wconf 85' lang='lat' dir='ltr'><strong>futurus</strong></span> <span class='ocrx_word' id='word_1_125' title='bbox 631 1578 718 1642; x_wconf 82' lang='lat' dir='ltr'><strong>erut,</strong></span> <span class='ocrx_word' id='word_1_126' title='bbox 739 1565 901 1631; x_wconf 70' lang='lat' dir='ltr'><strong>institutos</strong></span> <span class='ocrx_word' id='word_1_127' title='bbox 921 1573 963 1629; x_wconf 85' lang='lat' dir='ltr'><strong>est</strong></span> <span class='ocrx_word' id='word_1_128' title='bbox 984 1566 1018 1628; x_wconf 87' lang='lat' dir='ltr'><strong>in</strong></span> <span class='ocrx_word' id='word_1_129' title='bbox 1039 1573 1122 1627; x_wconf 85' lang='lat' dir='ltr'><strong>statu</strong></span> 
     </span>
     <span class='ocr_line' id='line_1_19' title="bbox 55 1584 1120 1733; baseline 0 -24"><span class='ocrx_word' id='word_1_130' title='bbox 55 1584 205 1731; x_wconf 61' lang='lat' dir='ltr'><strong>perdere,</strong></span> <span class='ocrx_word' id='word_1_131' title='bbox 230 1656 265 1709; x_wconf 90' lang='lat' dir='ltr'><strong>ut</strong></span> <span class='ocrx_word' id='word_1_132' title='bbox 287 1658 387 1730; x_wconf 86' lang='lat' dir='ltr'><strong>posset</strong></span> <span class='ocrx_word' id='word_1_133' title='bbox 412 1650 491 1714; x_wconf 84' lang='lat' dir='ltr'><strong>ulios</strong></span> <span class='ocrx_word' id='word_1_134' title='bbox 517 1651 669 1715; x_wconf 80' lang='lat' dir='ltr'><strong>instruere</strong></span> <span class='ocrx_word' id='word_1_135' title='bbox 682 1652 708 1726; x_wconf 86' lang='lat'><strong>²,</strong></span> <span class='ocrx_word' id='word_1_136' title='bbox 724 1669 760 1712; x_wconf 91' lang='lat' dir='ltr'><strong>ac</strong></span> <span class='ocrx_word' id='word_1_137' title='bbox 789 1645 923 1733; x_wconf 91' lang='lat' dir='ltr'><strong>proinde</strong></span> <span class='ocrx_word' id='word_1_138' title='bbox 946 1666 983 1711; x_wconf 89' lang='lat' dir='ltr'><strong>ea</strong></span> <span class='ocrx_word' id='word_1_139' title='bbox 1011 1648 1120 1711; x_wconf 87' lang='lat' dir='ltr'><strong>omnin</strong></span> 
     </span>
    </p>
   </div>
   <div class='ocr_carea' id='block_1_3' title="bbox 58 1724 1122 1991">
    <p class='ocr_par' dir='ltr' id='par_1_6' title="bbox 58 1724 1122 1991">
     <span class='ocr_line' id='line_1_20' title="bbox 59 1724 1122 1816; baseline -0.002 -23"><span class='ocrx_word' id='word_1_140' title='bbox 59 1730 144 1793; x_wconf 85' lang='lat' dir='ltr'><strong>scire</strong></span> <span class='ocrx_word' id='word_1_141' title='bbox 166 1724 291 1804; x_wconf 87' lang='lat' dir='ltr'><strong>debuit,</strong></span> <span class='ocrx_word' id='word_1_142' title='bbox 315 1752 397 1816; x_wconf 86' lang='lat' dir='ltr'><strong>quae</strong></span> <span class='ocrx_word' id='word_1_143' title='bbox 411 1731 532 1797; x_wconf 90' lang='lat' dir='ltr'><strong>homini</strong></span> <span class='ocrx_word' id='word_1_144' title='bbox 554 1733 686 1815; x_wconf 85' lang='lat' dir='ltr'><strong>cognitu</strong></span> <span class='ocrx_word' id='word_1_145' title='bbox 701 1729 881 1795; x_wconf 79' lang='lat' dir='ltr'><strong>necessarie</strong></span> <span class='ocrx_word' id='word_1_146' title='bbox 895 1738 970 1794; x_wconf 90' lang='lat' dir='ltr'><strong>sunt</strong></span> <span class='ocrx_word' id='word_1_147' title='bbox 991 1740 1059 1793; x_wconf 92' lang='lat' dir='ltr'><strong>tum</strong></span> <span class='ocrx_word' id='word_1_148' title='bbox 1081 1726 1122 1791; x_wconf 88' lang='lat' dir='ltr'><strong>ad</strong></span> 
     </span>
     <span class='ocr_line' id='line_1_21' title="bbox 60 1808 1122 1897; baseline -0.002 -22"><span class='ocrx_word' id='word_1_149' title='bbox 60 1812 162 1875; x_wconf 86' lang='lat' dir='ltr'><strong>vitam</strong></span> <span class='ocrx_word' id='word_1_150' title='bbox 185 1818 269 1874; x_wconf 89' lang='lat' dir='ltr'><strong>recte</strong></span> <span class='ocrx_word' id='word_1_151' title='bbox 292 1811 465 1897; x_wconf 86' lang='lat' dir='ltr'><strong>agendam,</strong></span> <span class='ocrx_word' id='word_1_152' title='bbox 488 1823 556 1878; x_wconf 93' lang='lat' dir='ltr'><strong>tum</strong></span> <span class='ocrx_word' id='word_1_153' title='bbox 582 1812 623 1878; x_wconf 87' lang='lat' dir='ltr'><strong>ad</strong></span> <span class='ocrx_word' id='word_1_154' title='bbox 644 1812 740 1879; x_wconf 90' lang='lat' dir='ltr'><strong>linem</strong></span> <span class='ocrx_word' id='word_1_155' title='bbox 761 1808 1058 1897; x_wconf 77' lang='lat' dir='ltr'><strong>supernaturalem,</strong></span> <span class='ocrx_word' id='word_1_156' title='bbox 1080 1808 1122 1874; x_wconf 86' lang='lat' dir='ltr'><strong>ad</strong></span> 
     </span>
     <span class='ocr_line' id='line_1_22' title="bbox 58 1892 1121 1991; baseline -0.003 -33"><span class='ocrx_word' id='word_1_157' title='bbox 58 1914 159 1978; x_wconf 88' lang='lat' dir='ltr'><strong>quem</strong></span> <span class='ocrx_word' id='word_1_158' title='bbox 182 1892 416 1977; x_wconf 84' lang='lat' dir='ltr'><strong>assequendum</strong></span> <span class='ocrx_word' id='word_1_159' title='bbox 444 1894 632 1961; x_wconf 84' lang='lat' dir='ltr'><strong>destinatur.</strong></span> <span class='ocrx_word' id='word_1_160' title='bbox 656 1897 746 1991; x_wconf 77' lang='lat' dir='ltr'><strong>Ergq</strong></span> <span class='ocrx_word' id='word_1_161' title='bbox 763 1892 925 1990; x_wconf 82' lang='lat' dir='ltr'><strong>duplicem</strong></span> <span class='ocrx_word' id='word_1_162' title='bbox 953 1892 1121 1957; x_wconf 90' lang='lat' dir='ltr'><strong>scientiam</strong></span> 
     </span>
    </p>
   </div>
   <div class='ocr_carea' id='block_1_4' title="bbox 58 1970 1126 2963">
    <p class='ocr_par' dir='ltr' id='par_1_7' title="bbox 58 1970 1121 2060">
     <span class='ocr_line' id='line_1_23' title="bbox 58 1970 1121 2060; baseline 0 -21"><span class='ocrx_word' id='word_1_163' title='bbox 58 1974 254 2049; x_wconf 88' lang='lat' dir='ltr'><strong>naturalem,</strong></span> <span class='ocrx_word' id='word_1_164' title='bbox 277 1986 308 2040; x_wconf 89' lang='lat' dir='ltr'><strong>ct</strong></span> <span class='ocrx_word' id='word_1_165' title='bbox 329 1976 605 2060; x_wconf 87' lang='lat' dir='ltr'><strong>supernaturalem</strong></span> <span class='ocrx_word' id='word_1_166' title='bbox 627 1977 658 2041; x_wconf 91' lang='lat' dir='ltr'><strong>ei</strong></span> <span class='ocrx_word' id='word_1_167' title='bbox 681 1975 836 2041; x_wconf 84' lang='lat' dir='ltr'><strong>drrrmtus</strong></span> <span class='ocrx_word' id='word_1_168' title='bbox 857 1970 999 2039; x_wconf 79' lang='lat' dir='ltr'><strong>infusam</strong></span> <span class='ocrx_word' id='word_1_169' title='bbox 1022 1972 1121 2039; x_wconf 83' lang='lat' dir='ltr'><strong>luisse</strong></span> 
     </span>
    </p>

    <p class='ocr_par' dir='ltr' id='par_1_8' title="bbox 60 2055 1125 2389">
     <span class='ocr_line' id='line_1_24' title="bbox 83 2055 1122 2140; baseline -0.002 -19"><span class='ocrx_word' id='word_1_170' title='bbox 83 2078 120 2121; x_wconf 93' lang='lat' dir='ltr'><strong>ro</strong></span> <span class='ocrx_word' id='word_1_171' title='bbox 151 2065 239 2121; x_wconf 90' lang='lat' dir='ltr'><strong>certo</strong></span> <span class='ocrx_word' id='word_1_172' title='bbox 265 2056 447 2122; x_wconf 86' lang='lat' dir='ltr'><strong>habendum</strong></span> <span class='ocrx_word' id='word_1_173' title='bbox 469 2068 526 2125; x_wconf 89' lang='lat' dir='ltr'><strong>est.</strong></span> <span class='ocrx_word' id='word_1_174' title='bbox 561 2058 677 2123; x_wconf 76' lang='lat' dir='ltr'><strong>Divina</strong></span> <span class='ocrx_word' id='word_1_175' title='bbox 703 2057 781 2122; x_wconf 83' lang='lat' dir='ltr'><strong>haec</strong></span> <span class='ocrx_word' id='word_1_176' title='bbox 802 2055 971 2121; x_wconf 80' lang='lat' dir='ltr'><strong>Revelatio</strong></span> <span class='ocrx_word' id='word_1_177' title='bbox 991 2104 1001 2133; x_wconf 92' lang='lat'><strong>,</strong></span> <span class='ocrx_word' id='word_1_178' title='bbox 1024 2077 1122 2140; x_wconf 91' lang='lat' dir='ltr'><strong>quam</strong></span> 
     </span>
     <span class='ocr_line' id='line_1_25' title="bbox 60 2078 1124 2225; baseline -0.002 -22"><span class='ocrx_word' id='word_1_179' title='bbox 60 2078 151 2203; x_wconf 68' lang='lat' dir='ltr'><strong>licus</strong></span> <span class='ocrx_word' id='word_1_180' title='bbox 173 2137 347 2204; x_wconf 89' lang='lat' dir='ltr'><strong>identidem</strong></span> <span class='ocrx_word' id='word_1_181' title='bbox 370 2139 474 2215; x_wconf 90' lang='lat' dir='ltr'><strong>auxit,</strong></span> <span class='ocrx_word' id='word_1_182' title='bbox 496 2139 720 2225; x_wconf 82' lang='lat' dir='ltr'><strong>absolvitque,</strong></span> <span class='ocrx_word' id='word_1_183' title='bbox 743 2160 842 2225; x_wconf 91' lang='lat' dir='ltr'><strong>penes</strong></span> <span class='ocrx_word' id='word_1_184' title='bbox 862 2137 1048 2207; x_wconf 19' lang='lat' dir='ltr'><strong>Ecclesiam,</strong></span> <span class='ocrx_word' id='word_1_185' title='bbox 1063 2136 1124 2203; x_wconf 82' lang='lat' dir='ltr'><strong>Ga-</strong></span> 
     </span>
     <span class='ocr_line' id='line_1_26' title="bbox 61 2218 1125 2304; baseline 0.001 -19"><span class='ocrx_word' id='word_1_186' title='bbox 61 2218 235 2296; x_wconf 88' lang='lat' dir='ltr'><strong>tholicam,</strong></span> <span class='ocrx_word' id='word_1_187' title='bbox 264 2240 361 2304; x_wconf 89' lang='lat' dir='ltr'><strong>quam</strong></span> <span class='ocrx_word' id='word_1_188' title='bbox 383 2222 527 2288; x_wconf 88' lang='lat' dir='ltr'><strong>Christus</strong></span> <span class='ocrx_word' id='word_1_189' title='bbox 554 2221 687 2288; x_wconf 80' lang='lat' dir='ltr'><strong>fallendi</strong></span> <span class='ocrx_word' id='word_1_190' title='bbox 709 2223 849 2287; x_wconf 86' lang='lat' dir='ltr'><strong>nesciam</strong></span> <span class='ocrx_word' id='word_1_191' title='bbox 871 2220 1021 2297; x_wconf 89' lang='lat' dir='ltr'><strong>instituit,</strong></span> <span class='ocrx_word' id='word_1_192' title='bbox 1043 2219 1125 2286; x_wconf 88' lang='lat' dir='ltr'><strong>inte-</strong></span> 
     </span>
     <span class='ocr_line' id='line_1_27' title="bbox 60 2302 636 2389; baseline 0.003 -23"><span class='ocrx_word' id='word_1_193' title='bbox 60 2324 137 2389; x_wconf 90' lang='lat' dir='ltr'><strong>gra,</strong></span> <span class='ocrx_word' id='word_1_194' title='bbox 163 2311 258 2385; x_wconf 86' lang='lat' dir='ltr'><strong>etque</strong></span> <span class='ocrx_word' id='word_1_195' title='bbox 282 2302 465 2389; x_wconf 87' lang='lat' dir='ltr'><strong>incorrupta</strong></span> <span class='ocrx_word' id='word_1_196' title='bbox 489 2306 598 2370; x_wconf 82' lang='lat' dir='ltr'><strong>existit</strong></span> <span class='ocrx_word' id='word_1_197' title='bbox 613 2306 636 2368; x_wconf 87' lang='lat'><strong>⁸.</strong></span> 
     </span>
    </p>

    <p class='ocr_par' dir='ltr' id='par_1_9' title="bbox 59 2382 1126 2963">
     <span class='ocr_line' id='line_1_28' title="bbox 101 2382 1121 2531; baseline -0.001 -83"><span class='ocrx_word' id='word_1_198' title='bbox 101 2383 173 2450; x_wconf 74' lang='lat'><strong>129.</strong></span> <span class='ocrx_word' id='word_1_199' title='bbox 195 2383 304 2449; x_wconf 80' lang='lat' dir='ltr'><strong>Altera</strong></span> <span class='ocrx_word' id='word_1_200' title='bbox 326 2386 558 2480; x_wconf 85' lang='lat' dir='ltr'><strong>propositionis</strong></span> <span class='ocrx_word' id='word_1_201' title='bbox 580 2405 655 2471; x_wconf 89' lang='lat' dir='ltr'><strong>pars</strong></span> <span class='ocrx_word' id='word_1_202' title='bbox 673 2386 817 2531; x_wconf 72' lang='lat' dir='ltr'><strong>qrimam</strong></span> <span class='ocrx_word' id='word_1_203' title='bbox 843 2384 1064 2481; x_wconf 89' lang='lat' dir='ltr'><strong>consequitur.</strong></span> <span class='ocrx_word' id='word_1_204' title='bbox 1088 2382 1121 2448; x_wconf 89' lang='lat' dir='ltr'><strong>Si</strong></span> 
     </span>
     <span class='ocr_line' id='line_1_29' title="bbox 59 2464 1123 2554; baseline -0.004 -25"><span class='ocrx_word' id='word_1_205' title='bbox 59 2465 148 2529; x_wconf 87' lang='lat' dir='ltr'><strong>enim</strong></span> <span class='ocrx_word' id='word_1_206' title='bbox 171 2465 280 2529; x_wconf 83' lang='lat' dir='ltr'><strong>existit</strong></span> <span class='ocrx_word' id='word_1_207' title='bbox 294 2464 412 2531; x_wconf 77' lang='lat' dir='ltr'><strong>Divina</strong></span> <span class='ocrx_word' id='word_1_208' title='bbox 426 2467 605 2544; x_wconf 87' lang='lat' dir='ltr'><strong>Revelatio,</strong></span> <span class='ocrx_word' id='word_1_209' title='bbox 629 2468 682 2554; x_wconf 90' lang='lat' dir='ltr'><strong>plu</strong></span> <span class='ocrx_word' id='word_1_210' title='bbox 695 2466 847 2552; x_wconf 79' lang='lat' dir='ltr'><strong>osopum,</strong></span> <span class='ocrx_word' id='word_1_211' title='bbox 869 2476 996 2551; x_wconf 76' lang='lat' dir='ltr'><strong>quoties</strong></span> <span class='ocrx_word' id='word_1_212' title='bbox 1010 2485 1123 2530; x_wconf 83' lang='lat' dir='ltr'><strong>rerum</strong></span> 
     </span>
     <span class='ocr_line' id='line_1_30' title="bbox 60 2546 1124 2634; baseline -0.001 -22"><span class='ocrx_word' id='word_1_213' title='bbox 60 2547 187 2612; x_wconf 88' lang='lat' dir='ltr'><strong>ratione</strong></span> <span class='ocrx_word' id='word_1_214' title='bbox 209 2546 365 2631; x_wconf 89' lang='lat' dir='ltr'><strong>inquirit,</strong></span> <span class='ocrx_word' id='word_1_215' title='bbox 389 2550 422 2612; x_wconf 90' lang='lat' dir='ltr'><strong>in</strong></span> <span class='ocrx_word' id='word_1_216' title='bbox 446 2549 486 2613; x_wconf 93' lang='lat' dir='ltr'><strong>iis</strong></span> <span class='ocrx_word' id='word_1_217' title='bbox 508 2550 663 2627; x_wconf 87' lang='lat' dir='ltr'><strong>maxime,</strong></span> <span class='ocrx_word' id='word_1_218' title='bbox 687 2571 768 2634; x_wconf 92' lang='lat' dir='ltr'><strong>quae</strong></span> <span class='ocrx_word' id='word_1_219' title='bbox 790 2547 831 2612; x_wconf 90' lang='lat' dir='ltr'><strong>ad</strong></span> <span class='ocrx_word' id='word_1_220' title='bbox 857 2548 1068 2632; x_wconf 82' lang='lat' dir='ltr'><strong>religionem,</strong></span> <span class='ocrx_word' id='word_1_221' title='bbox 1092 2555 1124 2611; x_wconf 90' lang='lat' dir='ltr'><strong>et</strong></span> 
     </span>
     <span class='ocr_line' id='line_1_31' title="bbox 59 2628 1125 2713; baseline 0 -21"><span class='ocrx_word' id='word_1_222' title='bbox 59 2648 169 2693; x_wconf 90' lang='lat' dir='ltr'><strong>mores</strong></span> <span class='ocrx_word' id='word_1_223' title='bbox 191 2629 374 2713; x_wconf 88' lang='lat' dir='ltr'><strong>pertinent,</strong></span> <span class='ocrx_word' id='word_1_224' title='bbox 400 2629 489 2695; x_wconf 92' lang='lat' dir='ltr'><strong>illam</strong></span> <span class='ocrx_word' id='word_1_225' title='bbox 533 2652 587 2696; x_wconf 89' lang='lat' dir='ltr'><strong>rae</strong></span> <span class='ocrx_word' id='word_1_226' title='bbox 607 2632 712 2696; x_wconf 87' lang='lat' dir='ltr'><strong>oculis</strong></span> <span class='ocrx_word' id='word_1_227' title='bbox 731 2629 849 2695; x_wconf 86' lang='lat' dir='ltr'><strong>habere</strong></span> <span class='ocrx_word' id='word_1_228' title='bbox 870 2628 980 2706; x_wconf 90' lang='lat' dir='ltr'><strong>debet,</strong></span> <span class='ocrx_word' id='word_1_229' title='bbox 1003 2649 1065 2693; x_wconf 92' lang='lat' dir='ltr'><strong>non</strong></span> <span class='ocrx_word' id='word_1_230' title='bbox 1088 2638 1125 2693; x_wconf 94' lang='lat' dir='ltr'><strong>ut</strong></span> 
     </span>
     <span class='ocr_line' id='line_1_32' title="bbox 60 2650 1125 2799; baseline 0.003 -26"><span class='ocrx_word' id='word_1_231' title='bbox 60 2708 137 2774; x_wconf 90' lang='lat' dir='ltr'><strong>inde</strong></span> <span class='ocrx_word' id='word_1_232' title='bbox 161 2720 347 2795; x_wconf 89' lang='lat' dir='ltr'><strong>argumenta</strong></span> <span class='ocrx_word' id='word_1_233' title='bbox 372 2722 459 2797; x_wconf 86' lang='lat' dir='ltr'><strong>petat</strong></span> <span class='ocrx_word' id='word_1_234' title='bbox 479 2650 531 2777; x_wconf 72' lang='lat' dir='ltr'><strong>ad</strong></span> <span class='ocrx_word' id='word_1_235' title='bbox 543 2713 612 2790; x_wconf 91' lang='lat' dir='ltr'><strong>rei,</strong></span> <span class='ocrx_word' id='word_1_236' title='bbox 635 2734 734 2798; x_wconf 92' lang='lat' dir='ltr'><strong>quam</strong></span> <span class='ocrx_word' id='word_1_237' title='bbox 754 2712 906 2799; x_wconf 88' lang='lat' dir='ltr'><strong>quaerit,</strong></span> <span class='ocrx_word' id='word_1_238' title='bbox 927 2710 1125 2777; x_wconf 88' lang='lat' dir='ltr'><strong>demonstra-</strong></span> 
     </span>
     <span class='ocr_line' id='line_1_33' title="bbox 59 2790 1126 2879; baseline 0.003 -24"><span class='ocrx_word' id='word_1_239' title='bbox 59 2792 195 2869; x_wconf 89' lang='lat' dir='ltr'><strong>tionem,</strong></span> <span class='ocrx_word' id='word_1_240' title='bbox 212 2790 266 2855; x_wconf 88' lang='lat' dir='ltr'><strong>sed</strong></span> <span class='ocrx_word' id='word_1_241' title='bbox 287 2803 323 2859; x_wconf 93' lang='lat' dir='ltr'><strong>ut</strong></span> <span class='ocrx_word' id='word_1_242' title='bbox 336 2806 517 2879; x_wconf 91' lang='lat' dir='ltr'><strong>cognoscat,</strong></span> <span class='ocrx_word' id='word_1_243' title='bbox 532 2805 643 2862; x_wconf 90' lang='lat' dir='ltr'><strong>utrum</strong></span> <span class='ocrx_word' id='word_1_244' title='bbox 658 2795 960 2860; x_wconf 87' lang='lat' dir='ltr'><strong>demonstrationem</strong></span> <span class='ocrx_word' id='word_1_245' title='bbox 974 2794 1036 2860; x_wconf 91' lang='lat' dir='ltr'><strong>rite</strong></span> <span class='ocrx_word' id='word_1_246' title='bbox 1050 2814 1126 2858; x_wconf 90' lang='lat' dir='ltr'><strong>con-</strong></span> 
     </span>
     <span class='ocr_line' id='line_1_34' title="bbox 59 2872 1125 2963; baseline 0.005 -27"><span class='ocrx_word' id='word_1_247' title='bbox 59 2872 188 2939; x_wconf 85' lang='lat' dir='ltr'><strong>fecerit.</strong></span> <span class='ocrx_word' id='word_1_248' title='bbox 212 2873 295 2939; x_wconf 85' lang='lat' dir='ltr'><strong>Nam</strong></span> <span class='ocrx_word' id='word_1_249' title='bbox 316 2878 342 2939; x_wconf 93' lang='lat' dir='ltr'><strong>si</strong></span> <span class='ocrx_word' id='word_1_250' title='bbox 365 2897 429 2961; x_wconf 91' lang='lat' dir='ltr'><strong>qua</strong></span> <span class='ocrx_word' id='word_1_251' title='bbox 450 2877 614 2943; x_wconf 87' lang='lat' dir='ltr'><strong>conclusio</strong></span> <span class='ocrx_word' id='word_1_252' title='bbox 635 2875 780 2963; x_wconf 78' lang='lat' dir='ltr'><strong>dogmati</strong></span> <span class='ocrx_word' id='word_1_253' title='bbox 802 2876 943 2942; x_wconf 82' lang='lat' dir='ltr'><strong>revelato</strong></span> <span class='ocrx_word' id='word_1_254' title='bbox 964 2875 1125 2944; x_wconf 87' lang='lat' dir='ltr'><strong>contradi-</strong></span> 
     </span>
    </p>
   </div>
   <div class='ocr_carea' id='block_1_5' title="bbox 477 3036 613 3047">
    <p class='ocr_par' dir='ltr' id='par_1_10' title="bbox 477 3036 613 3047">
     <span class='ocr_line' id='line_1_35' title="bbox 477 3036 613 3047; baseline 0.007 -1"><span class='ocrx_word' id='word_1_255' title='bbox 477 3036 613 3047; x_wconf 68' lang='grc' dir='ltr'><strong>ιι--ισ--ι-</strong></span> 
     </span>
    </p>
   </div>
   <div class='ocr_carea' id='block_1_6' title="bbox 60 3124 1127 3687">
    <p class='ocr_par' dir='ltr' id='par_1_11' title="bbox 61 3124 1123 3258">
     <span class='ocr_line' id='line_1_36' title="bbox 96 3124 1123 3192; baseline -0.001 -14"><span class='ocrx_word' id='word_1_256' title='bbox 96 3130 105 3165; x_wconf 78' lang='lat' dir='ltr'><strong>t</strong></span> <span class='ocrx_word' id='word_1_257' title='bbox 129 3125 150 3187; x_wconf 88' lang='lat' dir='ltr'><strong>l,</strong></span> <span class='ocrx_word' id='word_1_258' title='bbox 172 3140 200 3191; x_wconf 86' lang='lat' dir='ltr'><strong>q.</strong></span> <span class='ocrx_word' id='word_1_259' title='bbox 223 3125 244 3185; x_wconf 91' lang='lat' dir='ltr'><strong>l,</strong></span> <span class='ocrx_word' id='word_1_260' title='bbox 266 3141 293 3177; x_wconf 79' lang='lat' dir='ltr'><strong>a.</strong></span> <span class='ocrx_word' id='word_1_261' title='bbox 309 3128 320 3177; x_wconf 91' lang='lat' dir='ltr'><strong>t</strong></span> <span class='ocrx_word' id='word_1_262' title='bbox 337 3140 363 3177; x_wconf 89' lang='lat' dir='ltr'><strong>c.</strong></span> <span class='ocrx_word' id='word_1_263' title='bbox 378 3124 437 3177; x_wconf 84' lang='lat' dir='ltr'><strong>th.</strong></span> <span class='ocrx_word' id='word_1_264' title='bbox 458 3126 487 3177; x_wconf 76' lang='lat'><strong>2¹</strong></span> <span class='ocrx_word' id='word_1_265' title='bbox 505 3126 556 3187; x_wconf 69' lang='lat'><strong>2²0,</strong></span> <span class='ocrx_word' id='word_1_266' title='bbox 576 3144 603 3192; x_wconf 88' lang='lat' dir='ltr'><strong>q.</strong></span> <span class='ocrx_word' id='word_1_267' title='bbox 626 3126 657 3187; x_wconf 91' lang='lat' dir='ltr'><strong>ll,</strong></span> <span class='ocrx_word' id='word_1_268' title='bbox 673 3144 699 3179; x_wconf 86' lang='lat' dir='ltr'><strong>a.</strong></span> <span class='ocrx_word' id='word_1_269' title='bbox 719 3129 737 3180; x_wconf 80' lang='lat' dir='ltr'><strong>t</strong></span> <span class='ocrx_word' id='word_1_270' title='bbox 755 3144 794 3187; x_wconf 89' lang='lat' dir='ltr'><strong>c.,</strong></span> <span class='ocrx_word' id='word_1_271' title='bbox 807 3135 835 3180; x_wconf 87' lang='lat' dir='ltr'><strong>et</strong></span> <span class='ocrx_word' id='word_1_272' title='bbox 850 3132 937 3181; x_wconf 84' lang='lat' dir='ltr'><strong>contr.</strong></span> <span class='ocrx_word' id='word_1_273' title='bbox 951 3130 1038 3181; x_wconf 78' lang='lat' dir='ltr'><strong>Gom..</strong></span> <span class='ocrx_word' id='word_1_274' title='bbox 1052 3125 1123 3187; x_wconf 74' lang='lat' dir='ltr'><strong>nul,</strong></span> 
     </span>
     <span class='ocr_line' id='line_1_37' title="bbox 61 3194 825 3258; baseline 0.001 -7"><span class='ocrx_word' id='word_1_275' title='bbox 61 3217 87 3253; x_wconf 82' lang='lat' dir='ltr'><strong>e,</strong></span> <span class='ocrx_word' id='word_1_276' title='bbox 109 3200 138 3251; x_wconf 79' lang='lat' dir='ltr'><strong>l.</strong></span> <span class='ocrx_word' id='word_1_277' title='bbox 161 3194 197 3250; x_wconf 87' lang='lat' dir='ltr'><strong>Cl</strong></span> <span class='ocrx_word' id='word_1_278' title='bbox 216 3203 291 3250; x_wconf 80' lang='lat' dir='ltr'><strong>conc.</strong></span> <span class='ocrx_word' id='word_1_279' title='bbox 316 3202 408 3255; x_wconf 68' lang='lat' dir='ltr'><strong>Votc„</strong></span> <span class='ocrx_word' id='word_1_280' title='bbox 430 3194 543 3250; x_wconf 86' lang='lat' dir='ltr'><strong>Constit.</strong></span> <span class='ocrx_word' id='word_1_281' title='bbox 564 3202 613 3251; x_wconf 82' lang='lat' dir='ltr'><strong>Drt</strong></span> <span class='ocrx_word' id='word_1_282' title='bbox 632 3203 722 3258; x_wconf 68' lang='lat' dir='ltr'><strong>Filius.</strong></span> <span class='ocrx_word' id='word_1_283' title='bbox 743 3216 770 3253; x_wconf 86' lang='lat' dir='ltr'><strong>c.</strong></span> <span class='ocrx_word' id='word_1_284' title='bbox 790 3199 825 3252; x_wconf 90' lang='lat' dir='ltr'><strong>ll.</strong></span> 
     </span>
    </p>

    <p class='ocr_par' dir='ltr' id='par_1_12' title="bbox 95 3266 441 3335">
     <span class='ocr_line' id='line_1_38' title="bbox 95 3266 441 3335; baseline -0.003 -13"><span class='ocrx_word' id='word_1_285' title='bbox 95 3276 109 3311; x_wconf 79' lang='lat'><em>²</em></span> <span class='ocrx_word' id='word_1_286' title='bbox 129 3274 149 3330; x_wconf 90' lang='grc' dir='ltr'><strong>Ι,</strong></span> <span class='ocrx_word' id='word_1_287' title='bbox 170 3286 198 3335; x_wconf 91' lang='lat' dir='ltr'><strong>q.</strong></span> <span class='ocrx_word' id='word_1_288' title='bbox 220 3266 313 3329; x_wconf 75' lang='lat' dir='ltr'><strong>XClV,</strong></span> <span class='ocrx_word' id='word_1_289' title='bbox 333 3286 359 3321; x_wconf 89' lang='lat' dir='ltr'><strong>a.</strong></span> <span class='ocrx_word' id='word_1_290' title='bbox 381 3270 397 3321; x_wconf 84' lang='lat'><strong>3</strong></span> <span class='ocrx_word' id='word_1_291' title='bbox 416 3286 441 3321; x_wconf 90' lang='lat' dir='ltr'><strong>c.</strong></span> 
     </span>
    </p>

    <p class='ocr_par' dir='ltr' id='par_1_13' title="bbox 60 3339 1127 3687">
     <span class='ocr_line' id='line_1_39' title="bbox 96 3339 1125 3414; baseline 0.001 -20"><span class='ocrx_word' id='word_1_292' title='bbox 96 3345 108 3382; x_wconf 67' lang='grc' dir='ltr'>θ</span> <span class='ocrx_word' id='word_1_293' title='bbox 129 3344 210 3402; x_wconf 87' lang='lat' dir='ltr'><strong>lllnd,</strong></span> <span class='ocrx_word' id='word_1_294' title='bbox 224 3345 292 3407; x_wconf 89' lang='lat' dir='ltr'><strong>quod</strong></span> <span class='ocrx_word' id='word_1_295' title='bbox 313 3339 513 3395; x_wconf 84' lang='lat' dir='ltr'><strong>Lamenuatsius</strong></span> <span class='ocrx_word' id='word_1_296' title='bbox 531 3346 645 3397; x_wconf 83' lang='lat' dir='ltr'><strong>asseruit</strong></span> <span class='ocrx_word' id='word_1_297' title='bbox 663 3343 752 3414; x_wconf 76' lang='lat' dir='ltr'><strong>(lirani</strong></span> <span class='ocrx_word' id='word_1_298' title='bbox 764 3361 810 3397; x_wconf 79' lang='lat' dir='ltr'><strong>sur</strong></span> <span class='ocrx_word' id='word_1_299' title='bbox 822 3346 1009 3411; x_wconf 70' lang='lat' dir='ltr'><strong>l’tndtfflrsnoe</strong></span> <span class='ocrx_word' id='word_1_300' title='bbox 1026 3358 1058 3393; x_wconf 86' lang='lat' dir='ltr'><strong>en</strong></span> <span class='ocrx_word' id='word_1_301' title='bbox 1070 3358 1125 3395; x_wconf 82' lang='lat' dir='ltr'><strong>nto·</strong></span> 
     </span>
     <span class='ocr_line' id='line_1_40' title="bbox 60 3412 1127 3483; baseline 0.002 -18"><span class='ocrx_word' id='word_1_302' title='bbox 60 3415 124 3467; x_wconf 84' lang='lat' dir='ltr'><strong>ttirs</strong></span> <span class='ocrx_word' id='word_1_303' title='bbox 143 3418 175 3466; x_wconf 83' lang='lat' dir='ltr'><strong>de</strong></span> <span class='ocrx_word' id='word_1_304' title='bbox 193 3417 311 3479; x_wconf 76' lang='lat' dir='ltr'><strong>rsttpton,</strong></span> <span class='ocrx_word' id='word_1_305' title='bbox 332 3431 357 3467; x_wconf 90' lang='lat' dir='ltr'><strong>c.</strong></span> <span class='ocrx_word' id='word_1_306' title='bbox 381 3416 442 3480; x_wconf 68' lang='lat' dir='ltr'><strong>ll),</strong></span> <span class='ocrx_word' id='word_1_307' title='bbox 463 3430 543 3480; x_wconf 82' lang='lat' dir='ltr'><strong>penes</strong></span> <span class='ocrx_word' id='word_1_308' title='bbox 563 3423 648 3468; x_wconf 89' lang='lat' dir='ltr'><strong>totum</strong></span> <span class='ocrx_word' id='word_1_309' title='bbox 673 3433 755 3483; x_wconf 82' lang='lat' dir='ltr'><strong>genus</strong></span> <span class='ocrx_word' id='word_1_310' title='bbox 772 3418 918 3469; x_wconf 79' lang='lat' dir='ltr'><strong>humanum</strong></span> <span class='ocrx_word' id='word_1_311' title='bbox 938 3413 1058 3466; x_wconf 83' lang='lat' dir='ltr'><strong>Divinam</strong></span> <span class='ocrx_word' id='word_1_312' title='bbox 1076 3412 1127 3467; x_wconf 85' lang='lat' dir='ltr'><strong>lle·</strong></span> 
     </span>
     <span class='ocr_line' id='line_1_41' title="bbox 64 3488 1127 3556; baseline -0.001 -17"><span class='ocrx_word' id='word_1_313' title='bbox 64 3490 226 3539; x_wconf 83' lang='lat' dir='ltr'><strong>relationem</strong></span> <span class='ocrx_word' id='word_1_314' title='bbox 247 3488 392 3546; x_wconf 85' lang='lat' dir='ltr'><strong>custodirt,</strong></span> <span class='ocrx_word' id='word_1_315' title='bbox 412 3502 444 3537; x_wconf 87' lang='lat' dir='ltr'><strong>ex</strong></span> <span class='ocrx_word' id='word_1_316' title='bbox 464 3490 560 3549; x_wconf 84' lang='lat' dir='ltr'><strong>saeris,</strong></span> <span class='ocrx_word' id='word_1_317' title='bbox 581 3490 750 3556; x_wconf 74' lang='lat' dir='ltr'><strong>profanisque</strong></span> <span class='ocrx_word' id='word_1_318' title='bbox 773 3492 905 3548; x_wconf 79' lang='lat' dir='ltr'><strong>historiis,</strong></span> <span class='ocrx_word' id='word_1_319' title='bbox 925 3501 994 3554; x_wconf 84' lang='lat' dir='ltr'><strong>quac</strong></span> <span class='ocrx_word' id='word_1_320' title='bbox 1013 3490 1127 3552; x_wconf 84' lang='lat' dir='ltr'><strong>primitt-</strong></span> 
     </span>
     <span class='ocr_line' id='line_1_42' title="bbox 64 3561 1124 3629; baseline 0.002 -20"><span class='ocrx_word' id='word_1_321' title='bbox 64 3574 124 3610; x_wconf 83' lang='lat' dir='ltr'><strong>nm</strong></span> <span class='ocrx_word' id='word_1_322' title='bbox 145 3561 335 3611; x_wconf 64' lang='lat' dir='ltr'><strong>revelationum</strong></span> <span class='ocrx_word' id='word_1_323' title='bbox 350 3562 382 3610; x_wconf 78' lang='lat' dir='ltr'><strong>ab</strong></span> <span class='ocrx_word' id='word_1_324' title='bbox 395 3561 508 3613; x_wconf 83' lang='lat' dir='ltr'><strong>ethntcts</strong></span> <span class='ocrx_word' id='word_1_325' title='bbox 522 3564 625 3629; x_wconf 81' lang='lat' dir='ltr'><strong>populis</strong></span> <span class='ocrx_word' id='word_1_326' title='bbox 644 3564 720 3616; x_wconf 77' lang='lat' dir='ltr'><strong>foede</strong></span> <span class='ocrx_word' id='word_1_327' title='bbox 738 3569 890 3629; x_wconf 82' lang='lat' dir='ltr'><strong>corruptam</strong></span> <span class='ocrx_word' id='word_1_328' title='bbox 909 3575 967 3613; x_wconf 88' lang='lat' dir='ltr'><strong>esse</strong></span> <span class='ocrx_word' id='word_1_329' title='bbox 985 3565 1124 3622; x_wconf 81' lang='lat' dir='ltr'><strong>testantur,</strong></span> 
     </span>
     <span class='ocr_line' id='line_1_43' title="bbox 63 3631 455 3687; baseline 0 -2"><span class='ocrx_word' id='word_1_330' title='bbox 63 3634 175 3686; x_wconf 88' lang='lat' dir='ltr'><strong>omntoo</strong></span> <span class='ocrx_word' id='word_1_331' title='bbox 195 3631 293 3685; x_wconf 82' lang='lat' dir='ltr'><strong>salsum</strong></span> <span class='ocrx_word' id='word_1_332' title='bbox 312 3636 455 3687; x_wconf 75' lang='lat' dir='ltr'><strong>evincitur.</strong></span> 
     </span>
    </p>
   </div>
   <div class='ocr_carea' id='block_1_7' title="bbox 0 0 1247 3909">
    <p class='ocr_par' dir='ltr' id='par_1_14' title="bbox 0 0 1247 3909">
     <span class='ocr_line' id='line_1_44' title="bbox 0 0 1247 3909; baseline 0 0"><span class='ocrx_word' id='word_1_333' title='bbox 0 0 1247 3909; x_wconf 95' lang='lat' dir='ltr'><strong> </strong></span> 
     </span>
    </p>
   </div>
  </div>
 </body>
</html>
