2475 3909
361 172 547 224 raroaocra
569 179 757 229 naronams
991 165 1052 232 385

12 249 149 316 morale
171 253 365 341 quaudoque
389 279 451 322 noa
474 273 561 345 agat,
583 285 724 349 acquum
747 273 811 340 est,
826 273 864 328 ut
885 265 962 331 boni
983 268 1091 352 aliqua

15 352 130 417 poena
159 337 356 419 temporaria
386 340 594 424 plectantur,
617 357 650 409 et
673 345 748 409 mali
772 345 904 432 aliquod
934 358 1093 432 tempora-

12 416 111 478 rium
136 417 316 497 praemium
340 423 534 508 recipiant¹.
554 427 700 500 Accedit,
722 427 807 512 quod
832 429 858 493 si
882 449 966 492 nunc
987 431 1093 496 virtus

14 498 96 559 sine
120 497 278 592 praemio,
294 502 442 567 etscelns
464 506 532 571 sine
546 507 707 605 supplicia
732 530 906 592 numquam
930 508 1092 596 relinque-

12 589 150 652 rentur,
163 576 308 644 homiues
322 584 432 648 servili
449 587 565 654 allecta
582 600 718 655 virtutes
733 590 837 656 solum
854 603 987 678 propter
1001 613 1093 678 prae·

15 660 91 722 mia
115 668 330 739 sectaremur,
346 676 379 730 et
400 687 418 729 a
442 669 531 734 vitiis
552 673 621 736 solo
644 692 764 756 poenae
787 683 875 738 metu
897 695 930 738 se
953 673 1092 741 abstine·

16 749 124 816 rent;
152 739 235 804 unde
264 743 394 812 debitus
421 751 596 816 moralium
625 754 790 818 actionum
820 753 893 820 finis
921 755 1046 822 ab'esset
1065 763 1090 822 ².

16 823 94 886 Nec
115 822 329 890 omittendam
350 828 436 912 quod
460 829 549 898 Deus
570 833 687 919 impios
711 833 827 900 llorere
849 839 1033 922 permittit,
1056 854 1094 910 ut

17 925 67 967 ex
90 901 252 969 bonorum
266 928 284 971 a
299 906 368 973 Deo
390 933 463 976 rece
489 924 597 979 torum
619 916 891 995 consideratione,
907 929 939 982 et
962 922 1091 1004 piorum

18 984 242 1082 eaempload
263 989 431 1083 meliorem
455 934 583 1080 {iugem
606 1010 818 1074 revocantum
842 1002 954 1066 vexari
985 1015 1093 1069 autern

17 1086 111 1211 pros,
127 1077 164 1130 ut
185 1089 217 1130 ru
239 1082 399 1137 virtutum
420 1079 580 1144 exercitio
602 1081 706 1164 magis
728 1081 976 1160 confirmentur,
991 1106 1094 1168 quara

46 1168 138 1224 ona,
161 1159 193 1213 et
214 1150 297 1214 mala
319 1155 418 1221 huius
437 1160 524 1224 vitae
546 1163 708 1227 rationem
729 1163 911 1229 mediorum
945 1165 982 1230 ad
1008 1167 1095 1234 lata-

21 1250 99 1293 ram
114 1228 346 1324 adquirendam
370 1237 561 1306 felicitatem
583 1243 702 1308 habere
725 1243 863 1310 dicenda
885 1249 987 1314 sunt⁸.
1005 1253 1093 1316 «ista

23 1314 209 1405 permixtio
230 1334 358 1401 semper
379 1321 551 1388 ordinatur
573 1324 613 1390 ad
637 1324 697 1400 id,
720 1325 806 1411 quod
830 1338 889 1394 est
906 1351 962 1414 per
984 1351 1017 1396 se
1040 1333 1094 1397 lao-

20 1411 128 1456 mrnrs
150 1393 294 1460 bnnum⁴
311 1422 340 1462 n.

70 1473 139 1538 191.
162 1475 269 1541 Obiic.
293 1477 328 1542 2⁰
344 1481 442 1548 Plura
465 1484 602 1553 lortnito
623 1489 778 1554 eveniunt
801 1490 834 1554 in
856 1490 987 1555 mundo.
1006 1495 1093 1578 Ergo

21 1574 93 1616 non
116 1559 226 1620 omnia
248 1557 307 1623 Dei
331 1563 538 1633 Providentia
561 1582 731 1655 reguntur.

71 1637 140 1701 192.
156 1637 253 1722 Resp.
269 1641 352 1706 Dist.
376 1657 457 1722 ant„
473 1662 633 1733 quatenus
653 1653 731 1733 finnt
752 1661 846 1716 entra
867 1653 1005 1718 ordinem
1024 1677 1096 1719 aaa·

22 1739 137 1812 saraim
153 1723 414 1804 particularium,
430 1751 514 1794 rona.
530 1746 610 1809 nna,
633 1746 791 1816 quatenus
808 1746 934 1820 praeter
955 1737 1095 1802 ordinem

24 1801 164 1864 marnae
183 1803 414 1885 perdonationis
435 1814 629 1894 continqnnt,
651 1836 717 1898 nep.
741 1824 807 1879 ont.
833 1817 910 1898 Nep.
933 1838 1017 1882 cons.
1034 1819 1096 1884 lle·

24 1880 161 1967 spoasio
182 1894 277 1950 ests.
301 1889 454 1956 Thomae:
478 1894 719 1975 «Dicendum,
744 1896 831 1982 quod
853 1899 960 1983 aliqua
982 1899 1097 1965 dicun-

25 1976 84 2026 tur
105 1984 173 2028 esse
195 1967 336 2033 casualia
366 1971 399 2034 in
420 1974 517 2038 rebus
526 1998 598 2122 per
618 1979 766 2044 ordinem
796 1978 835 2043 ad
859 2001 973 2046 causas
997 1983 1098 2066 parti·

551 2082 558 2122 ι

24 2047 181 2122 culares,
204 2059 295 2113 extra
317 2073 458 2135 quarum
486 2078 524 2120 or
563 2081 635 2124 nem
666 2060 762 2132 liunt;
786 2060 840 2124 sed
869 2073 1026 2147 quantam
1044 2063 1096 2128 ad

26 2128 180 2192 Divinam
203 2131 447 2199 Providentiam
464 2143 613 2223 pertinet,
631 2143 710 2206 niati
735 2140 769 2208 lit
784 2163 860 2207 casu
875 2146 908 2208 in
924 2145 1094 2210 muudum.

25 2213 113 2306 Sane
134 2210 205 2276 lieri
228 2223 389 2299 potestat
403 2218 566 2284 interdurn
589 2223 636 2298 fit,
653 2234 688 2290 ut
709 2223 900 2310 quidquam,
917 2228 943 2289 si
966 2225 1006 2290 ad
1022 2247 1098 2292 aau-

27 2311 81 2355 sas
104 2292 278 2359 inferiores
300 2298 487 2378 referatur,
510 2305 553 2369 sit
575 2303 771 2382 fortuitum,
795 2327 859 2372 non
880 2328 984 2386 vero,
1007 2309 1033 2373 si
1057 2307 1099 2372 ad

26 2373 171 2457 aliquam
194 2397 326 2440 causam
349 2381 428 2464 ipsis
450 2387 663 2469 superiorem.
691 2387 825 2466 «Sicut,
850 2387 897 2453 ait
917 2388 1003 2453 idern
1027 2410 1099 2454 san·

26 2465 101 2521 ctus
115 2453 248 2533 Doctor,
263 2458 290 2521 si
306 2457 371 2525 duo
385 2466 468 2528 servi
492 2466 633 2532 alicuius
655 2469 778 2534 domini
804 2468 973 2535 mittantur
994 2471 1035 2535 ab
1057 2491 1098 2536 eo

27 2535 71 2599 ad
92 2537 242 2601 camdem
264 2538 397 2620 locum,
420 2566 485 2613 uno
513 2548 552 2613 de
574 2550 677 2617 altero
699 2552 895 2636 ignorante,
918 2571 1097 2617 concursus

383 2698 705 2718 Q

68 2771 77 2805 ¹
101 2767 268 2821 nilumititer
287 2773 444 2836 cogitantes,
465 2778 586 2839 quamvis
607 2778 683 2840 longo
703 2777 788 2828 absint
808 2793 821 2828 a
844 2779 1007 2840 facinorosis,
1025 2780 1099 2843 ssagl-

29 2843 106 2894 tiosis
124 2847 205 2905 atquo
225 2844 322 2906 impiis,
343 2852 432 2896 tamen
452 2862 503 2898 noa
524 2864 607 2912 usqua
627 2851 693 2900 adeo
717 2863 745 2898 sa
765 2864 779 2900 a
799 2851 903 2902 doliolis
923 2853 1051 2915 deputant
1071 2867 1099 2901 a·

30 2917 126 2972 tinans,
147 2920 174 2964 at
195 2930 244 2964 nec
266 2918 420 2981 temporalia
443 2933 490 2982 pro
509 2923 548 2970 cis
567 2923 636 2971 mala
659 2923 758 2984 perpati
779 2935 806 2972 se
826 2919 1054 2987 ludicent'dignos
1074 2945 1098 2984 ις

30 2988 111 3045 ibid„
130 3001 156 3036 a.
177 2989 204 3037 a.
228 2985 260 3038 Et
279 3005 304 3039 c.
325 2991 362 3039 8:
386 3011 396 3034 ι
421 2991 522 3042 Placuit
548 2991 653 3044 Divinae
681 2993 861 3045 Providentiae
887 3009 1046 3058 praeparare
1074 2999 1100 3046 in

30 3064 166 3124 postorum
187 3059 254 3108 bona
274 3061 369 3118 iustis,
394 3063 491 3125 quibua
510 3079 561 3115 non
582 3065 704 3116 fruentur
731 3067 840 3125 iniusti;
861 3073 888 3117 ct
908 3069 976 3116 mala
999 3070 1098 3130 impiis,

29 3133 126 3195 quibus
144 3146 196 3181 noo
214 3135 438 3185 excruciabuntur
457 3137 517 3185 boni
541 3156 564 3184 ι.

70 3203 81 3238 ²
103 3223 114 3248 ι
137 3202 182 3259 Si,
203 3205 288 3266 inquit
307 3207 375 3254 idern
396 3214 503 3258 sanctus
521 3206 621 3260 Ductor
632 3245 640 3270 ,
663 3210 785 3258 omnibus
804 3223 850 3260 aas
867 3211 876 3273 (
892 3226 935 3261 rar
953 3208 1100 3278 recondas)

31 3275 182 3339 petentibus
201 3276 408 3333 daret„nonnisi
429 3287 537 3344 propter
557 3283 619 3332 talia
642 3283 760 3344 praemia
782 3285 949 3332 serviendum
972 3283 1012 3332 llli
1032 3284 1100 3332 arbi·

34 3355 180 3403 traramur;
200 3361 250 3396 aea
268 3350 324 3411 pios
343 3365 391 3400 aas
411 3347 512 3402 lacerat
531 3355 592 3404 talis
611 3356 736 3410 turritus,
756 3354 800 3404 scd
823 3357 909 3417 patius
929 3357 1049 3418 cupidos,
1071 3359 1098 3404 et

33 3431 127 3468 avaros
149 3437 174 3476 η
195 3421 319 3477 ttn1.,a.
340 3423 368 3472 8,

70 3489 114 3534 ³·
138 3489 265 3540 Patientia
288 3491 335 3543 Dei
355 3495 386 3543 ad
407 3496 595 3558 poenitentiam
621 3497 714 3548 inritat
740 3499 843 3558 maios,
871 3500 940 3548 sicat
964 3499 1101 3562 ssaucltum

35 3560 81 3612 Dei
102 3563 134 3610 ad
154 3564 309 3625 patientiam
328 3568 416 3618 erudit
433 3569 515 3619 bonor
537 3589 562 3628 n,
584 3570 663 3631 laid„
683 3584 709 3620 c.
728 3571 756 3619 8.

70 3632 81 3670 ⁴
102 3635 133 3684 ln
150 3635 197 3684 tta.
219 3638 232 3686 1
250 3639 333 3698 Sana,
354 3641 405 3689 loc.
425 3642 525 3691 cit-⁵
545 3638 565 3697 l,
586 3656 613 3704 q.
630 3637 699 3698 Clll,
720 3656 746 3691 a.
770 3646 783 3691 7
804 3645 836 3694 ad
855 3643 882 3692 a).

109 3727 214 3777 Parcas.
228 3723 337 3779 enarer.
353 3731 528 3796 compendii.
903 3734 959 3786 atii

1129 3816 1237 3882 A
