2475 3909
470 179 722 229 cutruuiosoois
1032 157 1097 224 uiis

105 262 266 329 Probatur
286 273 397 329 contra
413 264 629 353 Berkeieyum
646 266 656 303 ¹
673 263 888 359 praecipuum
904 261 1065 327 ideaiismi
1082 262 1139 327 ob-

67 346 178 411 iectiri
201 356 379 412 auctorem.
396 348 437 412 Et
459 368 547 424 saue,
570 349 604 431 ip
627 344 880 420 sensatiombus,
903 354 940 408 ni
962 364 1060 429 supro
1081 345 1139 409 ob-

62 428 279 507 servavimus,
294 449 369 493 cum
384 428 567 495 subiectum
590 430 744 503 sentiens,
768 438 836 492 ium
858 426 1033 503 obiectum,
1048 428 1139 513 quod

61 509 214 585 sentitur,
236 508 434 595 quibusdam
455 512 650 577 necessariis
671 510 798 595 iegibus
820 508 1053 584 subiiciuutur,
1070 510 1137 572 imo

63 591 264 656 sensatioues
293 593 384 678 ipsae
411 594 457 656 ita
479 595 565 658 inter
590 614 625 658 se
647 594 838 679 pierumque
861 590 1076 675 colligantur,
1100 602 1138 657 ut

61 692 179 737 earum
212 694 277 738 una
312 674 383 738 sine
416 674 516 741 aitera
543 677 684 741 existere
710 680 859 759 nequeat.
884 674 969 759 Aqui
997 675 1023 736 si
1049 672 1136 736 Deus

60 774 176 819 earum
202 776 301 819 causa
325 767 435 833 esset,
464 778 569 843 neque
596 758 663 823 uiia
690 754 839 843 ponenda
865 766 949 820 esset
977 753 1133 829 conditio,

61 856 167 921 neque
191 838 276 903 inter
296 838 495 903 sensationes
508 840 576 904 ulia
590 839 755 924 colligatio
776 838 941 914 existeret3
959 836 1135 922 siquidem,

59 939 137 981 cum
159 916 247 984 Deus
269 919 312 983 sit
332 940 428 985 causa
456 942 590 1008 prorsus
610 920 733 1000 libera,
757 929 954 1007 postremam
982 920 1136 983 sensatio-

62 1021 137 1063 uem
161 999 231 1065 sine
253 1001 331 1065 uilis
353 1001 558 1069 intermediis
579 1006 706 1069 efficere
730 1003 861 1069 unieret.
884 1003 984 1087 Ergo.

101 1080 155 1145 iti.
179 1082 366 1159 Praeterea,
389 1094 515 1150 certum
537 1097 586 1151 est
605 1086 749 1151 animam
772 1094 914 1150 nostram
937 1084 1043 1147 causis
1065 1104 1136 1147 sen·

59 1162 222 1227 sationum
246 1162 411 1230 interdurn
433 1167 602 1246 obsistere,
619 1188 798 1254 earumque
823 1165 1053 1252 impulsionem
1069 1164 1134 1229 sibi

58 1241 301 1329 quodammodo
323 1247 496 1315 subiicere.
519 1252 559 1315 Ε.
590 1272 635 1335 g,
659 1250 685 1313 si
709 1250 820 1314 ocuios
841 1247 1036 1323 claudimus,
1060 1268 1133 1332 pro-

56 1322 225 1403 hibemus,
247 1329 329 1412 quio
352 1328 411 1393 iux
432 1332 632 1397 sensationes
654 1331 800 1396 colorum
824 1330 990 1393 inanimo
1012 1327 1134 1414 produ-

56 1416 133 1479 cat,
156 1422 190 1471 ct
215 1407 304 1472 idom
331 1409 446 1495 giobus
472 1435 513 1478 ex
540 1414 666 1490 variis,
687 1412 808 1499 quibus
836 1410 928 1475 ilium
951 1430 1131 1486 versamus,

57 1486 165 1553 modis
193 1490 282 1555 varie
314 1493 457 1558 animam
483 1496 593 1561 afficit.
623 1497 722 1580 iitqui
748 1494 873 1561 certum
902 1502 950 1556 cst
971 1492 1133 1557 actionem

56 1568 118 1635 Dei
143 1569 185 1634 ab
190 1571 336 1716 huictimae
359 1586 488 1642 nostrae
512 1589 589 1643 nutu
619 1575 818 1663 praepediri,
835 1582 891 1640 aut
917 1575 1038 1637 variari
1068 1594 1132 1637 non

101 1673 165 1718 sse.
220 1674 289 1717 ro.

56 1673 149 1801 potii.
173 1674 323 1819 lienique
346 1758 417 1814 nos,
440 1761 527 1815 cum,
550 1762 580 1805 c.
598 1762 645 1825 g.,
660 1740 728 1824 igni
753 1758 885 1803 manum
906 1733 1129 1807 admovemus,

55 1836 122 1880 non
150 1815 256 1880 scium
283 1820 497 1885 sensatiouem
520 1823 661 1899 caloris,
684 1819 739 1885 sed
763 1820 861 1884 etiam
884 1817 1022 1883 calorem
1045 1818 1132 1903 ignis

54 1918 95 1962 ex
141 1899 258 1963 rimur.
282 1901 405 1984 Atqui,
428 1903 456 1967 si
481 1902 560 1970 haec
586 1904 751 1979 sensatio,
775 1912 812 1966 ut
838 1898 879 1963 ad
901 1920 969 1963 rom
990 1898 1132 1964 advertit

53 2000 80 2043 s.
133 1981 257 2058 homas,
280 2005 299 2043 a
325 1983 357 2045 in
379 2004 502 2067 organo
525 1985 566 2051 ab
588 1985 653 2050 aiio
674 1994 788 2083 agente
810 1980 913 2058 fieret,
937 1990 1052 2057 tactus,
1067 1980 1131 2045 etsi

54 2064 193 2128 sentiret
219 2062 378 2137 calorem,
408 2088 473 2131 nou
495 2079 603 2133 tamen
625 2075 760 2132 sentiret
781 2064 925 2130 caiorem
949 2063 1047 2148 ignis,
1071 2080 1130 2125 nec

53 2146 190 2210 sentiret
222 2146 233 2209 i
282 2168 332 2211 em
359 2165 430 2213 esse
457 2147 627 2215 caiidum²
645 2172 673 2212 o.
697 2150 785 2247 Ergo
806 2146 1002 2212 sensationee
1026 2164 1087 2208 non
1111 2164 1132 2208 a

52 2223 124 2291 Deo
147 2227 181 2290 in
204 2248 245 2292 no
271 2228 297 2291 is
317 2230 519 2308 excitantur,
543 2229 598 2296 sed
622 2229 663 2295 ab
690 2230 770 2316 ipsis
792 2226 987 2315 corporibus
1010 2223 1130 2312 produ·

52 2319 186 2373 cuntur.

92 2388 149 2455 ⁴2.
173 2388 270 2473 Prop.
292 2388 338 2455 3¹.
362 2391 402 2458 Si
423 2393 610 2457 cessationes
634 2404 706 2457 aaut
730 2392 927 2467 subiectirae,
949 2408 1010 2452 nost
1026 2396 1129 2473 potest

49 2492 92 2534 ac
114 2473 159 2534 eie
168 2491 225 2554 per
239 2473 513 2539 ratiocinationem
535 2476 630 2557 arqui
644 2475 738 2539 reaiie
760 2474 926 2539 existentia
947 2490 1127 2556 corporum,

685 2619 759 2630 ιιι-ιιι..

89 2698 97 2735 ¹
122 2698 206 2747 Traet.
226 2698 258 2745 de
274 2700 360 2760 prisea.
375 2699 525 2761 capnitionis
543 2697 673 2746 tamarae
691 2690 908 2764 (angipiiuisiini
924 2695 1005 2755 iiiii,
1018 2701 1046 2747 et
1061 2696 1129 2747 Dia-

49 2771 141 2833 ioaass
158 2777 230 2821 entre
249 2770 335 2833 apta
352 2776 377 2819 et
397 2770 537 2818 i'tiioaous
553 2773 610 2818 cic.
632 2767 712 2824 trad..
734 2768 901 2819 Ameierdam
917 2768 996 2819 ¹750.

87 2840 101 2877 ²
122 2843 172 2904 (ta.
192 2843 291 2904 oiispp„
311 2843 350 2891 iie
369 2843 483 2900 Patent..
497 2854 525 2903 q.
543 2836 589 2900 iii,
609 2854 636 2889 a.
659 2841 719 2889 ic.
742 2840 779 2889 dd
798 2854 880 2903 quam
907 2853 963 2890 rem
983 2840 1127 2893 observan-

49 2914 119 2963 dum
137 2917 180 2961 est
198 2912 255 2961 iteri
273 2926 326 2962 nou
346 2926 422 2975 poseo
442 2918 472 2961 ut
490 2909 560 2962 Deus
580 2914 709 2973 producat
729 2912 756 2962 in
770 2912 844 2961 nobis
863 2915 1036 2972 tentationes,
1056 2926 1127 2976 queo

47 2986 83 3035 sti
105 2998 230 3048 corpora,
251 2998 301 3033 ceu
321 2986 354 3034 ad
374 2984 415 3035 sui
428 2985 581 3043 materiam,
597 2982 762 3043 reseruntur,
782 2985 846 3049 quin
866 2998 978 3047 corpora
998 2986 1125 3045 existant;

45 3060 68 3105 vi
88 3059 165 3107 enim
184 3053 254 3106 Deus
273 3057 424 3108 huiusmodi
443 3056 605 3107 eeasetiouee
619 3057 647 3105 in
661 3056 734 3106 nobie
753 3058 891 3114 excitaret,
912 3071 960 3106 uos
979 3058 1125 3120 deciperet.

45 3130 72 3179 id
92 3129 168 3194 qaod
186 3129 303 3179 iniinitse
316 3126 381 3181 iiius
400 3129 539 3179 voracitati
558 3130 675 3179 manime
700 3134 840 3191 repugnat.
863 3127 954 3193 Neque
973 3129 1024 3179 hac
1044 3130 1127 3179 ratio-

45 3214 81 3251 ne
101 3201 277 3252 veracitatem
305 3215 432 3252 muscum
451 3214 484 3251 ex
502 3203 651 3251 veracitate
676 3198 722 3250 Dei
742 3214 806 3251 cum
833 3197 993 3253 Cartesianis
1017 3200 1127 3251 deduci-

45 3286 123 3323 mae.
142 3270 196 3325 Nes
213 3274 286 3323 enim
305 3276 338 3325 eti
358 3276 531 3325 veracitatem
551 3272 598 3325 itai
617 3272 806 3337 confugimus,
826 3288 878 3324 non
897 3279 927 3324 ut
947 3275 1047 3324 resiem
1066 3286 1127 3325 cor·

45 3358 146 3409 parum
165 3346 337 3397 existentiam
356 3352 517 3403 statuamus,
536 3346 582 3397 sed
602 3350 632 3396 ut
646 3347 730 3409 ipsam
744 3346 777 3396 ais
793 3345 975 3397 ideeiistarum
995 3346 1127 3397 obiectio·

43 3420 127 3469 nibus
155 3419 333 3471 vindicemus.
354 3415 523 3469 Arbitrsmur
551 3419 623 3467 enim
653 3432 796 3484 corporum
821 3419 989 3469 existentiam
1015 3432 1048 3469 ex
1066 3420 1124 3469 saio

42 3504 175 3541 oensunm
196 3491 346 3541 testimonio
365 3490 440 3539 nobis
453 3490 606 3540 immediate
626 3494 792 3552 compertam
811 3503 881 3551 ester
896 3491 952 3551 sed,
973 3505 1035 3541 cum
1050 3488 1123 3541 idea-

42 3564 124 3613 iistse
142 3562 363 3626 omnipotentiam
378 3560 422 3612 iiei
436 3562 510 3612 nobis
522 3562 663 3621 obiiciant,
678 3562 741 3625 ipsis
754 3564 909 3628 reponimus
922 3560 1006 3615 Deum
1020 3576 1051 3613 ea
1071 3576 1123 3616 nou

42 3648 123 3701 posse
142 3633 261 3695 efficere,
280 3647 350 3702 qnae
369 3634 509 3687 voracitati
527 3647 593 3687 saec
611 3640 770 3700 repugnant.
