2475 3909
354 224 539 272 rusucocrs
560 190 749 276 usrvnsnrs
992 206 1052 275 337

27 334 102 377 nem
125 311 359 395 cuiuscumque
382 312 510 395 generis
537 310 579 377 ab
601 314 674 399 Ipso
694 310 905 378 amovendam
927 332 996 379 esso
1019 334 1093 401 pro-

27 416 108 459 num
130 407 179 459 est
200 391 392 477 intelligere.

68 476 119 541 95.
145 477 240 559 Prop.
265 475 370 559 Neque
397 474 433 536 iu
457 484 574 539 ooturo
596 476 654 541 Dei
662 525 670 553 ‚
693 496 786 562 oeque
805 477 841 541 io
862 474 943 543 Eius
964 478 1093 542 decretis

27 560 95 624 ullo
114 558 249 622 mutatio
270 557 395 619 adstrui
409 566 520 641 potest.

73 638 229 705 Probatur
250 641 354 723 prima
376 658 460 722 pars.
478 636 511 701 1⁰
526 639 626 718 Deus,
642 660 715 704 cum
738 639 781 705 sit
796 640 939 726 primum
955 641 1032 716 Ens,
1047 648 1096 703 est

30 728 139 810 ipsum
161 740 224 783 csse
245 719 364 805 absque
387 719 526 785 alicuius
553 723 713 808 potentiae
737 722 970 867 permixtione.
995 721 1096 805 Atqui

29 809 102 891 ipsa
126 803 215 866 notio
238 802 425 866 mutationis
451 800 594 888 aliquam
622 824 733 889 praese
751 815 800 870 ert
817 804 1094 887 potentialitotem3

29 909 106 952 nam
127 907 145 946 u
166 904 273 960 omne,
297 883 383 968 quod
404 904 610 971 quocumque
634 886 728 951 modo
751 896 906 961 mutatur,
923 897 972 952 est
985 886 1097 969 aliquo

29 970 128 1034 modo
152 968 184 1030 in
208 966 349 1049 potentia
365 967 375 1004 ¹
393 988 422 1027 u.
447 968 544 1048 Ergo.
568 966 603 1030 2⁰
625 968 823 1043 Subiectum,
845 967 931 1053 quod
955 979 1099 1033 mutatur

29 1078 48 1113 a
71 1060 227 1138 quantum
249 1046 289 1112 ad
311 1045 436 1133 aliquid
459 1062 576 1126 manet,
593 1062 626 1116 et
662 1062 795 1117 uantum
810 1050 849 1115 ad
865 1049 987 1135 aliquid
1012 1061 1097 1115 tran-

30 1138 86 1210 sit;
108 1134 193 1197 siout
213 1128 301 1214 quod
329 1142 478 1193 movetur
503 1130 543 1195 de
565 1071 712 1197 albedine
734 1132 767 1196 in
789 1132 1007 1217 nigredinem,
1032 1152 1099 1195 ma·

31 1227 88 1282 net
109 1211 284 1280 secundum
306 1211 545 1277 snbstantiam²
562 1235 592 1288 »;
608 1236 646 1279 ao
669 1213 802 1300 proinde
824 1215 996 1298 quamdam
1011 1234 1099 1279 oom-

32 1298 228 1387 positionem
243 1294 355 1359 saltem
374 1315 415 1357 ex
429 1293 621 1372 substantia,
637 1306 670 1361 et
684 1293 848 1361 accidente
872 1298 905 1361 in
928 1318 961 1361 se
984 1294 1098 1361 admit-

32 1384 85 1448 tit.
109 1377 208 1462 tuqui
233 1375 336 1450 Dens,
359 1385 470 1459 utpote
493 1375 766 1464 simplicissimus,
789 1398 1027 1463 quamcumque
1050 1397 1100 1440 re-

32 1488 49 1529 s
75 1462 124 1527 uit
144 1459 424 1543 compositionem.
449 1459 547 1543 Ergo.
571 1458 605 1527 3⁰
628 1459 728 1537 Illud,
750 1460 835 1545 quod
862 1470 1024 1538 mutatur,
1048 1458 1100 1523 rel

33 1486 178 1629 aliquam
200 1541 338 1604 formam
364 1541 528 1624 acquirit,
551 1542 601 1606 vel
630 1542 759 1607 amittit.
784 1542 882 1627 Atqui
906 1542 992 1607 nulla
1015 1560 1100 1605 nova

34 1626 193 1715 perfectio
215 1621 284 1686 Deo
307 1621 459 1687 accedere
485 1635 604 1708 potest,
627 1636 660 1693 et
682 1625 768 1688 nulla
790 1622 890 1700 demi,
912 1646 986 1689 cum
1009 1622 1097 1689 Deus

33 1714 79 1777 sit
99 1704 290 1791 simpliciter
311 1703 466 1781 infinitus,
481 1715 514 1770 et
527 1726 637 1771 omnes
653 1704 868 1792 perfectiones
889 1708 1027 1773 essentia
1043 1726 1102 1771 sua

34 1798 69 1859 in
92 1810 126 1854 se
147 1785 300 1851 continet.
326 1787 412 1869 Ergo
424 1788 446 1850 ⁸.

76 1875 128 1940 96.
153 1867 311 1934 Probatur
332 1869 433 1934 altera
456 1887 539 1967 pars.
557 1869 704 1935 Mutatur
725 1870 890 1935 decretum
913 1868 1099 1943 voluntatis,

32 1967 195 2043 quatenus
208 1952 413 2035 cognoscitur
433 1971 506 2016 erus
528 1951 673 2017 mutandi
692 1954 788 2026 ratio,
804 1972 888 2036 quae
904 1962 997 2017 antea
1013 1953 1103 2037 igno·

34 2038 172 2104 rabatur
185 2055 194 2110 ;
209 2032 361 2118 quocirca
385 2034 551 2099 innovatio
573 2034 701 2100 consilii
717 2034 892 2100 voluntatis
913 2056 955 2099 ex
976 2055 1015 2098 eo
1037 2033 1104 2097 ori-

35 2134 110 2195 tur,
132 2115 218 2204 quod
241 2114 424 2181 intellectus
445 2114 486 2180 ab
501 2116 596 2179 initio
619 2137 681 2180 non
704 2117 813 2179 omnia
835 2116 1010 2213 diligenter
1033 2134 1105 2199 per-

83 2200 171 2277 ndit,
192 2218 251 2262 nec
272 2199 380 2261 omnia
406 2196 598 2281 singiliatim
621 2200 721 2265 novit.
744 2202 785 2262 nt
809 2202 844 2264 ui
868 2198 987 2264 Divino
1009 2196 1105 2262 lntel·

50 2284 141 2351 ectui
155 2296 267 2346 omnes
282 2297 392 2344 rerum
414 2278 632 2345 connexiones
657 2281 688 2345 in
710 2279 798 2365 quali
824 2292 856 2347 et
870 2280 1027 2367 temporis
1042 2280 1104 2344 cir·

36 2364 234 2436 cumstantia
257 2360 424 2443 possibiles
449 2364 661 2428 innotescunt.
687 2362 786 2448 Ergo.

79 2450 132 2515 97.
157 2446 265 2511 Obiic·
291 2444 323 2509 1⁰
346 2443 431 2509 Dens
459 2446 648 2529 poenitere,
672 2456 705 2509 ct
727 2445 821 2509 irasci
846 2443 978 2510 dicitur.
1003 2442 1105 2527 Atqui

36 2537 118 2600 haec
142 2528 320 2592 maximum
342 2528 532 2592 mutationis
554 2537 783 2610 argumentum
805 2537 889 2593 saint.
914 2528 1011 2608 Ergo.

80 2616 134 2682 98.
159 2612 255 2694 Resp.
285 2610 368 2676 Dist.
392 2611 497 2683 moi,
525 2612 730 2685 extrinsece,
754 2623 788 2676 et
807 2609 913 2695 quoad
941 2609 1105 2679 enectum.

37 2720 126 2764 conc.
149 2694 239 2770 moi,
264 2693 453 2768 intrinsece,
477 2704 511 2757 et
530 2690 638 2776 quoad
660 2692 822 2765 allectum,
844 2712 911 2839 uqq.
934 2692 1023 2767 moi..
1046 2686 1106 2754 sub

36 2780 155 2846 eadem
176 2776 250 2841 dist.
272 2794 338 2857 ucq.
362 2774 599 2840 strenuuin.
624 2776 702 2857 Nep.
726 2796 809 2839 cour.
834 2798 851 2837 «
901 2794 982 2859 eque
1004 2773 1106 2845 enim,

36 2878 79 2931 ut
101 2862 231 2946 egregie
253 2868 360 2925 monet
380 2878 405 2921 s.
422 2856 625 2931 Ambrosius,
652 2857 736 2921 Deus
759 2860 881 2942 cogitat
902 2857 985 2921 sicut
1005 2853 1108 2918 homi·

36 2968 113 3019 nes,
136 2956 172 3009 ut
193 2942 303 3025 aliqua
325 2941 362 3007 Ei
389 2962 470 3005 nova
493 2938 646 3005 succedat
667 2942 847 3016 sentcntia;
871 2958 974 3023 neque
998 2936 1108 3003 irasci-

80 3151 89 3186 ἱ
113 3147 181 3211 l,q.
206 3142 300 3203 tta.
325 3145 335 3192 l
358 3142 542 3193 c.-³1o1·n.

79 3223 92 3257 ³
113 3218 168 3269 lloc
190 3216 236 3267 [lei
255 3218 411 3267 attributum
431 3230 454 3261 s.
476 3210 623 3263 Bernardos
643 3216 788 3277 praeclaris
801 3218 841 3269 his
855 3218 940 3269 verbio
954 3216 1108 3266 declaravit:

43 3317 55 3341 ι
72 3294 145 3343 Dens
162 3294 231 3342 hauc
246 3290 294 3341 sibi
309 3289 425 3338 vindicat
439 3300 555 3335 merenas
569 3288 771 3353 iugularemque
784 3304 847 3341 suae
860 3288 998 3341 Ectcntiae
1011 3290 1111 3350 simpli-

39 3372 168 3424 citatem‚
188 3371 217 3413 ut
237 3376 290 3412 nou
310 3362 401 3419 aliud,
421 3366 449 3408 ct
467 3360 552 3418 uliud,
572 3373 625 3408 non
646 3361 706 3411 alibi
726 3376 852 3426 quoque,
872 3369 899 3414 et
918 3364 992 3421 alibi,
1012 3362 1057 3411 aed
1078 3376 1110 3412 ne

40 3441 126 3492 modo
145 3438 253 3503 qnidam
273 3440 300 3483 et
320 3434 398 3483 modo
418 3434 568 3482 inveniatur
587 3435 613 3481 iu
633 3429 685 3483 Ει.
706 3431 805 3498 Nempe
826 3438 851 3485 in
871 3440 955 3485 semet
978 3448 1109 3494 manens,

40 3513 117 3578 quod
137 3512 237 3568 habet,
258 3515 316 3565 est;
336 3514 362 3557 et
381 3506 452 3569 quod
471 3508 531 3563 est,
551 3518 657 3568 semper
675 3511 703 3555 et
723 3521 775 3558 ono
801 3508 878 3558 modo
906 3513 956 3558 ert.
979 3506 1007 3557 ln
1028 3504 1065 3558 Ea
1085 3512 1113 3559 et

43 3588 131 3636 muita
152 3586 180 3634 iu
199 3594 292 3638 onom,
313 3586 341 3630 et
358 3580 461 3629 diversa
481 3577 508 3626 in
526 3577 596 3627 idem
617 3578 783 3642 rediguntur,
799 3587 828 3631 ut
847 3595 896 3632 nec
915 3582 947 3631 de
967 3582 1114 3631 numerosi-

42 3666 102 3710 tate
121 3670 211 3707 rerum
239 3658 326 3704 sumat
351 3654 555 3715 pluralitatem.
576 3664 625 3700 nec
644 3652 830 3703 alterationem
851 3656 883 3703 do
904 3655 1031 3704 varietate
1055 3668 1114 3703 seu-

42 3736 97 3782 tiat
120 3750 147 3789 η
167 3733 198 3779 lu
218 3730 304 3784 Curi„
324 3727 408 3779 serm.
430 3723 475 3782 80,
496 3737 524 3772 n.
545 3724 572 3773 5.

124 3822 230 3874 Panos.
246 3815 357 3871 Caussa.
374 3820 512 3882 ampetio.
529 3814 561 3866 ll.
926 3817 981 3867 ξυμ
