2475 3909
446 212 722 262 suranorotoum
1009 193 1070 261 2l3

38 295 122 384 quid
145 298 379 384 compositum,
401 317 465 361 non
486 311 593 382 posset
615 298 666 377 id,
689 299 775 386 quod
805 308 854 364 est
874 296 1053 363 indivisum
1076 299 1109 363 in

41 403 90 455 se,
128 381 289 465 ercipere,
306 379 366 443 nisi
382 380 443 445 boc
463 379 497 442 in
521 392 626 464 partes
640 382 848 448 distrahatur.
865 382 906 444 at
931 380 965 443 ui
988 380 1020 443 id
1036 401 1111 443 con-

41 401 269 527 trarllctionem
292 459 439 526 involvit.
455 483 473 522 «
496 462 681 540 Quomodo,
703 463 811 529 aiebat
832 463 916 526 Euse
944 463 1007 537 ius,
1022 460 1109 544 qued

41 543 234 628 magnitudo
255 541 414 627 quaedam
435 552 484 608 est
505 541 550 620 id,
573 544 661 628 quod
684 567 735 610 ma
761 542 907 611 nitudine
935 553 1056 616 carcaa
1079 552 1112 606 et

40 624 130 711 quod
153 624 324 690 dividuum
346 633 411 701 est,
434 643 503 687 rem
519 626 681 710 percipiat
702 567 932 693 individuam?
949 625 959 663 ¹
977 647 994 686 u
1010 625 1110 708 Ergo.

84 707 154 772 123.
180 706 287 770 Huius
308 704 492 792 argumenti
515 707 564 769 ris
586 727 688 772 exeo
710 707 743 771 1⁰
759 717 911 793 augetur,
930 706 1015 791 quod
1040 726 1112 790 pro-

66 789 151 854 ortio
173 789 292 852 existat
312 797 441 871 oportet
454 787 538 850 inter
552 789 707 866 actiones,
731 801 765 855 et
787 789 998 874 principium,
1016 805 1112 870 aquo

41 807 105 936 dae
126 868 326 944 eliciuntur;
348 879 546 954 quapropter
566 868 594 931 si
617 873 725 936 anima
754 883 837 935 asset
857 868 1017 953 quaedam
1039 867 1114 933 sub-

44 952 161 1018 stantia
183 971 349 1035 corperea,
373 961 469 1033 atque
491 948 522 1014 ei
544 950 649 1015 virtus
670 953 835 1038 cognitrix
862 951 1036 1015 convenire
1059 969 1113 1034 po-

43 1041 191 1109 neretur,
217 1032 288 1114 ipsa
309 1031 437 1095 nonnisi
460 1048 613 1113 corpora,
639 1055 816 1119 numquam
836 1051 913 1097 vere
935 1052 986 1096 res
1009 1032 1115 1096 incor-

45 1135 163 1200 poreas
185 1115 353 1199 percipere
375 1112 495 1178 valeret
507 1114 533 1187 ²;
548 1110 583 1175 2⁰
598 1133 640 1177 ex
662 1137 714 1192 eo,
736 1116 822 1199 quod
846 1113 873 1177 si
897 1114 1024 1177 animae
1043 1133 1115 1178 cor-

48 1216 164 1281 poreae
186 1196 291 1260 virtus
312 1194 475 1280 cognitrix
496 1197 705 1272 conveniret,
727 1197 804 1260 baec
826 1195 954 1258 nonnisi
978 1215 1036 1279 per
1064 1217 1116 1260 or·

46 1297 129 1362 gana
148 1278 293 1362 corporis
314 1285 533 1352 exerceretur3
549 1283 582 1339 at
598 1297 674 1340 vero
695 1277 741 1354 id,
764 1274 852 1362 quod
873 1295 976 1339 unum
995 1285 1028 1341 et
1041 1277 1119 1341 sim:

49 1358 127 1445 pler
147 1370 208 1431 est,
231 1379 290 1442 per
309 1377 432 1441 organa
453 1376 609 1441 corporea
632 1358 758 1502 percipi
782 1357 895 1443 nequit
915 1357 937 1420 ⁸.

89 1440 159 1506 124.
183 1440 303 1505 Tertio:
327 1436 422 1513 Quod
443 1436 483 1504 de
506 1437 630 1503 notioni
659 1461 712 1516 us,
730 1441 851 1524 potiori
875 1439 946 1502 iure
968 1437 1007 1502 de
1032 1438 1117 1502 iudi-

46 1521 121 1597 ciis,
136 1532 168 1587 et
188 1518 494 1586 ratiocinationibus
515 1505 690 1584 dicendum
712 1531 771 1587 est.
787 1522 882 1595 Sane,
899 1519 938 1582 ad
954 1518 1116 1584 iudicium

46 1601 136 1688 qued
157 1612 300 1687 spectat,
323 1602 395 1665 eins
417 1610 530 1666 natura
553 1601 768 1686 expostulat,
790 1613 828 1667 ut
849 1600 932 1665 duae
957 1601 1115 1677 notiones,

48 1705 122 1750 nem
146 1705 164 1749 e
186 1681 325 1748 subiecti
346 1693 380 1747 et
400 1682 562 1759 attributi,
580 1684 666 1747 inter
687 1705 755 1749 sese
770 1693 1009 1768 comparentur.
1026 1682 1117 1758 Quae

46 1767 108 1850 qui
131 1786 184 1830 em
197 1765 398 1850 comparatio
419 1761 526 1829 locum
549 1762 669 1830 babere
692 1767 815 1850 nequit,
834 1765 896 1829 nisi
911 1776 1048 1849 utraque
1062 1785 1118 1829 no-

49 1851 98 1912 tio
119 1849 152 1912 in
173 1844 289 1910 eodem
310 1844 458 1912 subiecto
479 1846 577 1911 simul
603 1848 781 1924 consistat3
804 1844 965 1929 siquidem
990 1865 1119 1931 reimpa-

49 1930 136 1994 ratio
158 1927 244 1992 inter
269 1924 335 1991 duo
362 1925 435 1993 lieri
456 1948 520 1993 uon
546 1937 674 2013 petest,
698 1929 760 1994 nisi
789 1926 830 1991 ab
856 1947 918 2004 eo,
940 1929 999 2011 qui
1020 1927 1117 1992 simul

49 2011 130 2074 baec
150 2007 216 2074 duo
238 2008 388 2094 percipit.
412 2010 535 2094 Atqui,
559 2011 587 2074 si
610 2021 751 2095 ponatur
778 2007 1012 2084 substantiam,
1036 2029 1119 2092 quae

50 2090 214 2157 iudicium
234 2090 379 2166 coniicit,
404 2109 473 2155 esse
493 2110 711 2176 corpoream,
733 2112 771 2155 aa
795 2089 931 2176 proinde
954 2091 987 2154 in
1012 2090 1120 2175 plures

50 2183 157 2257 partes
177 2180 355 2247 extensam,
379 2171 524 2237 notiones
544 2170 705 2250 subiecti,
727 2183 760 2238 et
781 2169 959 2256 praedicati
985 2171 1016 2234 iu
1040 2193 1117 2248 uno,

49 2253 166 2318 emam
188 2272 231 2318 ne
252 2251 400 2317 subiecto
422 2272 599 2338 numquam
622 2255 799 2320 consistere
823 2261 962 2339 possent,
986 2251 1120 2317 seduna

51 2355 129 2420 pars
150 2335 172 2398 il
189 2335 240 2398 ius
254 2331 452 2398 substantiae
473 2353 649 2419 corporeae
673 2336 838 2400 notionem
854 2333 1007 2408 subiecti,
1022 2335 1121 2401 altera

51 2416 217 2482 notionem
239 2413 389 2481 attributi
410 2412 554 2480 baberet.
577 2417 677 2514 Ergo.

95 2497 166 2562 125.
188 2495 280 2560 ldem
300 2495 429 2561 dicatur
453 2493 495 2560 de
521 2497 793 2574 ratiocinatione,
815 2507 886 2562 tum
908 2496 988 2581 quia
1011 2497 1123 2581 plures

51 2585 156 2656 actus,
177 2578 236 2664 qui
258 2577 516 2644 ratiocinationis
536 2578 696 2644 elementa
717 2591 811 2655 sunt,
839 2597 954 2663 nempe
977 2579 1122 2662 cognitio

50 2660 320 2745 praemissarum,
342 2668 375 2724 et
394 2657 623 2736 conclusionis,
646 2658 688 2722 ab
709 2680 792 2736 uno,
816 2657 994 2742 eodemque
1015 2659 1124 2726 subie-

50 2753 106 2808 cto
125 2741 299 2807 eliciantur
320 2748 468 2825 oportet,
491 2759 582 2804 secus
609 2740 852 2806 conclusionem
880 2743 913 2803 in
938 2743 1124 2824 praemisis

52 2824 212 2890 contineri
234 2821 319 2888 baud
341 2822 482 2908 perspici
504 2830 611 2904 posset
630 2825 654 2898 *ς
673 2832 743 2887 tum
763 2823 840 2908 quia
864 2823 990 2899 unicus,
1014 2833 1051 2888 nt
1066 2825 1125 2888 ali-

51 2905 89 2971 bi
110 2903 277 2981 diximus,
303 2915 352 2970 est
377 2913 490 2979 actus,
514 2923 579 2987 quo
605 2903 788 2970 intellectus
820 2901 1061 2968 conclusionem
1084 2926 1125 2970 ex

52 2985 252 3073 praemissis,
275 2982 436 3070 aquibus
457 2981 642 3063 deducitur,
667 2983 766 3050 liuere
788 2984 955 3069 cognoscit
971 2987 994 3047 ⁵.

97 3068 167 3134 125.
190 3067 335 3145 Quarto:
359 3067 498 3143 Anima,
519 3065 795 3151 quemadmodum
821 3085 914 3150 saepe
942 3065 1125 3131 observavi·

53 3171 151 3227 mus,
173 3151 241 3227 sui,
269 3159 302 3213 et
322 3168 456 3213 suarum
476 3148 699 3232 cognitionum
722 3148 784 3214 sibi
812 3147 942 3214 conscia
968 3157 1027 3213 est.
1056 3150 1126 3212 lam

52 3233 138 3300 bane
157 3232 387 3298 conscientiam
407 3249 450 3295 ex
470 3249 511 3295 eo
532 3227 650 3307 babet,
673 3230 760 3315 quod
783 3233 853 3317 ipsa
881 3247 937 3303 se,
961 3237 1125 3315 tamquam

416 3373 733 3393 -n—-n-u—-t

94 3446 105 3483 ί
284 3452 288 3460 .

3 3552 4 3555 =
92 3518 107 3555 ²
125 3449 229 3571 giam
220 3450 327 3580 ildrll,
339 3445 446 3570 lllllrltr⁰
458 3449 545 3579 (ἔξω,
565 3522 612 3572 lib.
635 3520 669 3582 ll,
690 3536 715 3571 c.
737 3521 783 3573 ta.

3 3599 5 3655 t
94 3585 163 3641 ²Ci
178 3605 201 3642 s.
222 3591 303 3657 Aug..
325 3595 364 3644 ns
382 3593 428 3644 lte.
448 3595 519 3653 orb„
540 3594 587 3643 lib.
609 3593 644 3654 ll,
665 3609 690 3646 e.
711 3595 739 3651 8,
760 3609 787 3644 n.
808 3591 854 3642 aa.

4 3662 5 3673 ¹
92 3661 107 3700 ⁶
127 3663 155 3713 ¹²
173 3662 224 3714 2¹².
244 3679 272 3729 q.
293 3660 365 3726 Vlll,
384 3678 412 3715 a.
432 3663 449 3716 3
469 3667 660 3731 e.-⁵1br'd.‚
680 3682 708 3734 q.
730 3662 789 3731 llll,
810 3680 837 3716 a.
858 3666 874 3715 4
893 3673 919 3716 a.

972 3733 995 3780 ἡ
