2475 3909
145 137 206 202 366
451 151 639 198 nueouonrn
663 149 849 196 perventis

105 236 285 302 sumdaret.
309 239 352 300 At
373 236 451 298 haee
473 234 613 300 absurdo
635 242 844 310 evanescunt,
867 234 895 295 si
916 242 1079 297 statuatur
1110 255 1184 308 res,

105 329 281 402 antequam
301 338 376 380 curn
398 315 516 380 Divina
545 317 693 382 Potentia
714 313 936 390 conferantur,
960 316 1092 380 interne
1119 339 1187 402 per·

108 400 175 464 frui
199 398 424 495 possibilitate,
448 419 533 544 (puae
553 420 594 462 ex
615 417 775 463 consensu
797 411 944 462 notorum
968 397 1043 464 ilias
1064 403 1188 464 eonsti-

108 491 268 547 tuentrum
290 483 434 565 exurgit.
476 480 675 566 nterroganti
700 479 788 542 enirn
810 499 953 556 oausam,
974 500 1037 544 our
1059 481 1185 564 aliquid

108 560 311 647 impossihile
333 563 399 638 sit,
422 581 452 625 e.
477 583 523 646 g„
546 563 643 627 homo
668 559 879 636 irrationalis,
903 561 952 624 vei
982 560 1068 649 lepis
1097 565 1187 648 cogi-

110 657 192 721 tuns,
215 643 370 709 idoneum
391 663 584 728 responsum
613 645 646 708 in
669 653 821 740 promptu
845 656 941 720 esset,
965 664 1085 728 nempe
1109 647 1187 729 quie

109 725 201 800 haec,
223 736 256 790 et
278 725 401 790 similia
424 727 587 791 rationem
608 735 694 790 entis
716 744 781 788 non
803 723 932 800 hubent,
946 729 1015 790 sive
1037 747 1080 790 ex
1108 728 1189 792 notis

110 819 225 873 mutuo
247 806 468 892 pugnantibus
489 808 686 883 coalescunt,
702 827 786 889 quae
805 826 838 870 se
859 807 999 871 invicem
1015 807 1189 874 destruen-

111 901 159 954 tes
180 891 214 952 in
235 888 376 964 obiecto,
398 888 487 985 quod
509 887 693 954 faciendum
715 887 861 971 fingitur,
877 889 958 952 nihil
980 889 1187 976 relinquunt.

110 970 201 1035 Unde
227 972 456 1036 convenientius
476 971 595 1037 dicitur
621 971 702 1056 qnod
727 992 784 1047 cc,
808 991 884 1055 quoe
905 971 1186 1036 contradictionem

109 1053 298 1215 }mpu⁶{¹”²’
319 1073 381 1116 non
397 1065 528 1136 possunt
548 1052 637 1137 fieri,
660 1073 753 1138 quom
781 1052 861 1138 qnod
884 1053 969 1116 Deus
995 1073 1062 1116 non
1082 1056 1186 1138 possit

123 1156 208 1201 acero
237 1183 244 1198 .
1228 1163 1229 1190 1

153 1378 253 1432 titii.
274 1377 409 1434 Certesiue
427 1377 470 1449 (ot
486 1380 586 1438 Onici,
606 1393 632 1428 o.
655 1375 689 1437 ΙΙ,
709 1393 735 1428 n.
756 1379 783 1438 3,
805 1395 832 1444 p.
856 1382 898 1440 18,
919 1387 976 1432 not.
1002 1381 1028 1451 t)
1058 1385 1188 1436 internam
1228 1381 1229 1400 1

113 1467 204 1506 rerum
226 1454 429 1518 possibilitatem
448 1467 463 1503 u
482 1449 576 1501 Divina
596 1452 744 1510 voluntate,
765 1466 797 1502 ne
816 1453 925 1504 arbitrio
948 1459 1069 1518 pendere
1089 1458 1187 1512 donin

112 1527 256 1591 siquidem,
276 1529 334 1576 eius
355 1527 463 1584 iudicio,
485 1537 526 1574 ree
546 1524 703 1573 intrinsecus
718 1524 854 1587 possibiles
871 1541 903 1577 er
922 1541 955 1576 eo
973 1531 1108 1588 eradunt,
1123 1532 1187 1594 quod
1228 1541 1229 1610 1

113 1597 183 1650 Deus
202 1600 241 1648 ein
259 1612 306 1649 eas
324 1613 381 1648 esse
402 1598 476 1651 vetit.
497 1602 537 1656 ut,
557 1597 579 1644 ei
598 1597 678 1645 utitor
697 1597 833 1654 noluisset,
849 1599 982 1659 possibilia
1002 1604 1089 1652 etiarn
1104 1609 1187 1652 essent
1228 1635 1229 1656 1

112 1685 166 1730 ea,
187 1684 256 1735 queo
276 1685 367 1729 nuno,
387 1670 420 1720 oh
440 1674 516 1720 notas
535 1681 628 1717 cecum
647 1675 808 1731 pugnentes,
830 1671 1002 1732 impossibilia
1023 1675 1185 1726 iudicantur.
1228 1657 1229 1736 1

114 1743 149 1795 At
169 1744 303 1807 quomodo
323 1744 493 1806 impossihiiia
515 1753 562 1804 per
581 1739 745 1791 voluntatem
760 1739 806 1790 Dei
820 1742 955 1805 possibilia
974 1747 1114 1798 eradent?
1131 1745 1189 1796 Pro·
1228 1739 1229 1802 ἶ

115 1817 189 1867 tecto
209 1829 272 1865 cum
292 1817 337 1874 id,
358 1816 428 1878 quod
448 1816 518 1864 notis
537 1812 584 1862 nihi
604 1813 718 1863 inuicem
739 1815 931 1865 rotuotuntihns
951 1819 1104 1879 nuntietur,
1130 1825 1188 1882 pute

117 1890 236 1940 circutos
256 1888 421 1950 quadratos,
441 1891 476 1937 nit
493 1885 624 1944 nimium,
644 1897 690 1934 seu
710 1899 763 1934 non
781 1901 847 1946 eno,
870 1890 940 1938 ectio
959 1887 1054 1940 Divina
1075 1905 1127 1956 pro
1145 1903 1187 1940 suo

115 1961 220 2011 obiecto
239 1960 348 2010 haheret
368 1975 422 2010 non
440 1974 496 2016 ann
515 1963 596 2019 etnim
616 1957 714 2008 idcirco
733 1971 765 2007 er
784 1960 920 2010 uoluntate
936 1959 980 2010 Dei
995 1965 1099 2028 aliquid
1114 1965 1188 2013 simui

116 2039 198 2092 esset,
218 2039 246 2083 ot
265 2047 318 2082 non
337 2038 422 2091 essei3
443 2047 495 2081 non
513 2036 600 2087 esset,
621 2031 682 2092 quie
704 2031 862 2082 intrinsecus
883 2047 1032 2096 repugnans
1053 2043 1096 2085 est
1115 2039 1187 2084 niin
1228 2013 1229 2092 1

115 2109 186 2157 esset
206 2109 318 2164 eutem,
339 2107 403 2168 qnia
423 2103 533 2168 produci
552 2101 668 2165 fingitur.
694 2099 786 2165 Neque
812 2105 939 2155 limitibus
959 2110 1188 2159 circumscribitur
1228 2117 1229 2154 t

116 2177 162 2228 liei
184 2179 311 2240 potentie,
332 2191 364 2227 ex
384 2190 416 2226 eo
434 2176 505 2239 quod
526 2175 558 2224 ad
579 2174 751 2236 impossibilia
771 2191 822 2226 uon
842 2179 996 2241 porriginem
1012 2195 1144 2246 nemque,
1164 2185 1187 2228 ut
1228 2161 1229 2210 1

116 2253 170 2301 inm
190 2250 386 2307 adnotavimus,
401 2263 453 2298 non
472 2261 504 2298 er
523 2246 629 2296 deiectu
644 2244 751 2296 Divinae
766 2250 898 2310 potentine
912 2253 1125 2304 contradictoria
1138 2251 1187 2301 fieri
1228 2281 1229 2290 1

115 2327 272 2386 nequeunt,
291 2323 336 2371 sed
356 2322 418 2385 quin
439 2323 494 2384 ipsu
519 2318 653 2369 obtectum
679 2316 786 2370 Divinae
811 2325 945 2384 potentine
965 2335 1023 2374 esse
1043 2331 1185 2390 nequeunt.
1228 2317 1229 2346 ³

116 2393 309 2453 limonario,
330 2395 376 2444 otii
396 2392 545 2457 philosophi
572 2394 704 2441 internum
725 2406 813 2442 rerum
835 2395 1036 2456 possibilitatem
1057 2399 1097 2449 sic
1117 2405 1187 2448 tuen-
1228 2421 1229 2456 4

118 2475 180 2526 tur,
203 2472 233 2517 ut
250 2480 312 2517 eam
331 2480 382 2517 non
403 2467 481 2516 modo
499 2479 516 2515 a
536 2462 581 2513 Dei
601 2465 739 2527 potentin,
759 2472 787 2514 et
807 2467 961 2524 voluntate,
987 2483 1086 2519 rerum
1111 2472 1185 2519 etium
1228 2465 1229 2526 1

117 2556 149 2592 er
169 2539 316 2598 intellectu,
337 2545 365 2589 ei
383 2540 496 2588 essentia
515 2533 582 2587 Eius
601 2549 653 2585 non
674 2537 787 2598 pendere
807 2539 916 2588 ducunt.
934 2539 968 2591 itu
983 2539 1187 2604 opinanturtie·

118 2617 237 2672 nonusis,
258 2618 285 2661 et
304 2610 480 2666 Storohenen,
495 2623 610 2673 quorum
630 2610 697 2658 riter
715 2609 792 2659 docet
812 2613 940 2661 mundum
954 2615 1072 2675 pendere
1085 2615 1185 2679 quiden
1228 2587 1229 2680 1

117 2701 133 2737 u
153 2683 207 2736 Deo
227 2684 313 2748 quoad
332 2684 511 2741 existentium,
531 2689 558 2731 ut
578 2681 688 2730 minime
707 2683 793 2744 quoad
813 2686 965 2746 essentiam
980 2689 1049 2736 niter
1069 2702 1135 2738 rero
1152 2701 1186 2735 es
1228 2681 1229 2708 ³

120 2760 184 2809 serit
205 2759 230 2807 in
251 2757 363 2806 absurde
385 2755 524 2819 hypothesi
545 2752 589 2803 Dei
610 2767 663 2802 non
682 2756 817 2806 existentis
832 2769 908 2820 posse
928 2771 969 2808 res
989 2758 1042 2810 frui
1064 2761 1187 2824 possibili·

118 2837 175 2882 tute
201 2832 323 2888 interna,
349 2828 413 2878 lieet
438 2828 525 2891 quoad
550 2831 688 2876 externam
712 2828 909 2888 possibilitatem
930 2832 1075 2882 intereant.
1097 2829 1185 2882 Contra

119 2902 270 2954 huiusmodi
289 2901 447 2951 sententiam
468 2902 533 2950 sutis
553 2901 586 2948 eit
606 2899 673 2948 haec
693 2913 841 2962 reponere:
871 2902 899 2951 1⁰
917 2900 984 2966 Quid
1004 2907 1022 2955 ii
1043 2905 1185 2968 pnitosopin

118 2978 226 3028 nomine
244 2975 377 3024 essentiae
398 2973 568 3034 intelligunt?
585 2967 657 3020 Nihil
675 2979 749 3022 certe
768 2973 850 3032 eliud,
864 2989 945 3038 quum
966 2977 1001 3033 id.
1018 2991 1074 3042 quo
1095 2991 1135 3028 res
1153 2985 1186 3026 est

121 3051 146 3099 id
166 3049 236 3113 qnod
256 3051 306 3096 est.
328 3044 364 3096 At
382 3047 516 3109 quomodo
529 3058 573 3094 res
586 3048 673 3106 potest
694 3045 822 3094 rationem
836 3047 1026 3108 contemnere,
1043 3052 1064 3100 ni
1079 3052 1185 3114 primum

120 3136 167 3173 ene
184 3122 299 3184 tingetur
317 3132 369 3168 non
389 3121 468 3169 osse?
485 3113 554 3167 Snne
573 3117 599 3166 in
617 3117 738 3178 quoiihet
756 3131 861 3182 genere,
877 3120 966 3170 nhiato
985 3125 1085 3185 primo,
1100 3124 1185 3172 totien-

121 3200 166 3246 tur
184 3197 289 3256 oportet
309 3191 453 3250 universa,
480 3201 550 3252 quae
574 3196 743 3251 sequuntur,
765 3205 813 3241 neo
833 3193 939 3254 aliquod
966 3200 1054 3256 potest
1072 3210 1130 3246 essu
1147 3207 1185 3244 eus

121 3267 289 3322 secondum,
310 3263 330 3312 si
352 3264 457 3312 nntium
476 3266 512 3312 eit
529 3259 584 3312 Ens
603 3265 732 3323 primurn.
756 3260 819 3326 Quis
838 3279 979 3315 numerum
1000 3273 1088 3330 potest
1106 3271 1185 3318 nunci-

123 3350 206 3397 pere,
226 3339 248 3385 si
267 3336 341 3384 nnita
361 3335 475 3395 fingetur
493 3347 551 3383 esee
571 3335 678 3381 unitus?
703 3333 769 3397 Quid
793 3349 856 3386 vero
878 3343 957 3388 erunt
983 3344 1115 3389 essentiae
1135 3341 1185 3388 tine
1228 3323 1229 3400 1

123 3407 295 3465 possibilitate
316 3407 416 3454 interna
436 3406 592 3468 gaudentes,
606 3407 627 3454 ei
641 3401 712 3454 Deus
731 3405 845 3470 fingetur
863 3422 914 3459 non
933 3415 1009 3460 esse?
1028 3408 1117 3461 Erunt
1135 3423 1185 3475 pro
1228 3405 1229 3458 i

122 3474 192 3522 focio
212 3477 342 3526 ementire
362 3479 506 3536 secundnm
521 3483 550 3526 ut
563 3476 696 3540 quomodo
716 3481 848 3531 secundae
863 3481 888 3530 in
902 3481 963 3531 fleta
983 3483 1125 3546 hypothesi
1143 3497 1186 3532 nor

122 3544 257 3594 existentis
275 3545 342 3595 Dei?
361 3547 392 3594 2⁰
412 3545 518 3598 interne
539 3561 627 3598 rernm
648 3550 822 3610 possihititns,
846 3555 1072 3617 quemadmodum
1093 3561 1185 3606 constet

122 3624 157 3660 ex
176 3612 252 3663 dictis
271 3613 310 3678 (p.
332 3616 384 3665 353
405 3624 461 3668 not.
482 3616 527 3685 i),
547 3625 658 3670 nonest
679 3621 767 3681 uliud,
787 3639 867 3688 quum
888 3627 943 3690 ipsc
962 3623 1083 3678 Emoniia
1104 3625 1184 3680 iiii-ine

9 3786 118 3854 A
