2475 3909
477 218 681 268 cosnotoern
1019 195 1080 259 tau

55 302 92 366 ad
116 305 257 401 speciem
288 301 488 380 belluinam,
511 314 544 370 et
566 303 607 367 ob
629 300 776 366 eamdem
803 300 964 364 rationem
992 296 1120 381 aliquae

54 405 178 469 specics
210 384 394 448 belluarum
423 383 462 448 ad
485 386 650 451 hominem
682 384 787 468 magis
814 380 990 453 accedant;
1015 389 1121 474 tamen

54 489 188 552 magnus
211 467 328 532 existat
349 467 455 532 hiatus
478 468 679 534 differentiae
701 463 895 538 essentialis,
919 485 948 558 e.
974 482 1018 546 g.,
1036 470 1122 555 rnter

53 548 206 633 piantem,
230 559 262 612 et
283 547 429 626 brutum,
454 561 549 636 atquo
574 552 658 616 inter
679 545 780 624 istud,
795 554 827 611 et
848 546 1024 640 hamram,
1048 562 1121 626 qur-

50 651 187 726 cumque
204 631 246 695 sit
261 629 380 716 gradus
403 633 613 716 perfectionis
635 631 685 694 vei
708 632 742 696 in
759 628 877 715 planta,
895 625 943 692 vai
960 647 993 689 rn
1009 623 1119 698 bruto;

49 731 200 795 quocirca
216 712 392 777 secundum
418 715 489 780 iilos
512 715 667 780 Doctores
690 715 776 777 inter
796 731 849 774 res
871 706 1052 803 mundanas
1065 705 1121 769 ad-

49 805 97 859 est
119 797 291 870 connexio,
313 794 368 859 sed
393 817 455 860 non
477 797 692 864 continuatio.
710 800 752 859 nt
773 813 851 858 uero
872 813 935 889 nop
948 809 1053 937 'pauci
1071 809 1120 851 re·

48 888 169 946 centes,
188 877 366 961 intorques
382 878 548 944 Bonnetus
563 881 587 956 ¹,
603 876 812 942 Leibnitius²
828 884 930 940 secuta
946 896 955 937 r
971 873 1034 935 tana
1057 871 1121 935 coi-

49 957 239 1043 iigationem
273 979 332 1057 per
353 959 446 1042 legem
469 961 685 1026 continuitatis
715 952 1118 1053 explicare-contendunt.

45 1039 169 1104 Omnes
192 1061 205 1102 s
231 1060 317 1106 acres
340 1063 468 1118 rerum,
491 1041 669 1108 seeundum
692 1043 799 1127 ipsos,
823 1041 867 1104 ita
888 1048 975 1104 anter
996 1057 1050 1130 se,
1065 1057 1121 1099 ve·

47 1120 109 1185 iuti
132 1122 190 1186 toti
216 1143 267 1186 ern
292 1124 403 1190 annuli
427 1127 524 1190 unius
546 1137 691 1200 catenae,
707 1123 913 1208 colligantur,
935 1131 973 1186 ut
992 1137 1120 1215 anacam

45 1211 78 1268 et
101 1203 282 1267 continuam
304 1203 423 1270 lineam
447 1208 726 1290 efforment,qnae
749 1227 767 1269 a
789 1225 890 1290 regno
912 1200 1063 1271 minorata
1078 1199 1118 1262 ad

45 1283 243 1369 vegetabile,
261 1308 278 1350 a
302 1289 476 1373 vegetabili
500 1291 539 1355 ad
563 1288 716 1364 animale,
732 1297 765 1353 ct
786 1286 827 1351 ab
848 1285 980 1350 animali
1002 1282 1042 1346 ad
1064 1283 1121 1346 ho-

45 1369 170 1430 minem
194 1369 416 1452 progreditur.
443 1371 530 1440 Haeo
552 1368 661 1438 autem
689 1369 888 1435 continuatio
910 1366 946 1431 bt
968 1387 1027 1453 per
1048 1385 1120 1448 spe-

42 1449 115 1512 ⁶f⁰⁵
135 1449 330 1533 “tiuiwfflti
353 1472 469 1539 ncmpe
491 1455 637 1542 species,
659 1473 743 1552 gnae
765 1454 852 1520 inter
871 1449 952 1514 duaa
973 1467 1120 1534 quasque

43 1539 122 1596 sunt
144 1530 283 1626 mediae,
309 1547 341 1600 et
362 1536 537 1625 participes
559 1546 816 1625 proprietatum,
838 1555 924 1621 quac
947 1530 1119 1597 ambarum

44 1631 201 1759 prppgtae
225 1626 310 1681 sunt.

183 1693 283 1782 Prop.
308 1697 375 1762 Lea
398 1700 618 1766 continuitatis
638 1699 774 1765 eduardo
793 1708 847 1763 eet.

88 1774 259 1856 Probatur.
286 1777 459 1866 Repugnat
481 1781 551 1847 dari
576 1783 648 1854 ilias
680 1782 805 1868 species
834 1778 1038 1867 aequivocae,
1061 1795 1119 1840 seu
1215 1834 1217 1841 ,

41 1857 173 1934 mediae,
197 1879 257 1943 per
278 1882 359 1946 quas
381 1873 526 1928 catenam
550 1865 674 1931 entium
690 1886 759 1929 esse
774 1864 963 1928 continuam
984 1857 1119 1926 Leibni-

41 1941 122 2014 tius,
146 1941 282 2026 eiusque
307 1944 446 2008 asseclae
472 1947 592 2010 uolunt.
618 1948 717 2030 Ergo.

85 2022 157 2087 127.
182 2023 362 2089 Antecedens
385 2029 428 2091 ita
451 2027 713 2095 demonstratur:
737 2027 835 2092 Nuba
857 2025 983 2113 species
1004 2043 1117 2089 rerum

39 2123 84 2166 cx
109 2106 378 2189 proprietatibus,
401 2129 484 2194 quae
506 2131 617 2175 secum
640 2117 802 2196 pugnant,
826 2109 977 2195 componi
1000 2113 1116 2200 potest3

42 2188 127 2282 quia
151 2190 365 2272 pugnantium
389 2193 628 2278 proprietatum
651 2213 714 2257 una
735 2192 868 2256 aiteram
892 2190 987 2256 toliit.
1006 2191 1118 2271 Atqur,

38 2287 67 2330 ει
92 2265 251 2334 darentur
273 2275 397 2355 species
412 2277 617 2359 aequivocae,
641 2295 698 2340 sou
720 2271 945 2348 intermediae,
974 2271 1034 2335 hoc
1056 2277 1116 2345 est,

36 2351 167 2434 species
191 2353 368 2438 participes
392 2375 449 2439 pro
476 2359 655 2432 rietatunr,
680 2378 764 2441 quae
791 2352 918 2419 duabus
945 2351 1118 2451 speciebus

38 2431 157 2496 eodem
181 2453 298 2516 genere
321 2378 560 2522 comprobensis
584 2440 706 2514 insunt,
729 2438 789 2503 bae
804 2459 845 2502 ex
882 2433 1118 2521 roprretatrbus

35 2535 153 2579 secum
177 2518 395 2612 pugnantibus
415 2530 623 2596 constarent;
645 2522 769 2606 qnippe
791 2541 835 2604 qa
887 2566 896 2595 ,
919 2540 993 2582 cum
1017 2539 1119 2615 genus

35 2618 102 2694 per
122 2608 287 2680 oppositas
309 2599 509 2665 differentias
532 2603 565 2667 in
588 2605 714 2683 species
736 2601 971 2677 distribuatur,
994 2621 1118 2684 spectes

36 2677 254 2745 intermediae
283 2703 323 2746 ex
354 2684 536 2782 oppositis,
558 2684 626 2748 sive
653 2705 764 2750 secum
788 2683 1015 2830 pugnantibus
1044 2703 1118 2768 pro-

36 2760 235 2846 prietatibus
255 2783 406 2850 componr
430 2764 597 2832 deberent.
622 2767 710 2852 Ergo
730 2766 784 2831 nui
799 2787 836 2830 ae
858 2765 983 2850 species
1005 2767 1118 2850 aequi-

36 2863 153 2919 vocae,
174 2842 243 2908 sive
265 2844 479 2914 intermediae
501 2847 572 2912 dari
597 2859 731 2933 possunt
745 2851 767 2913 ⁸.
791 2849 873 2916 Sane
897 2849 925 2913 si
950 2850 1036 2915 inter
1057 2854 1117 2913 mi·

409 2977 444 2985 -ι-

76 3049 84 3084 ¹
109 3049 243 3110 Prtnatpea
260 3049 471 3114 pbilosopbtpaee
487 3063 535 3101 aar
552 3053 579 3102 ta
598 3065 675 3104 eattae
692 3053 830 3118 premte're,
851 3061 875 3107 et
891 3070 940 3106 eon
959 3057 1026 3125 effet,
1045 3053 1118 3107 Nen-

32 3119 128 3171 ebbtel
152 3118 230 3169 tras.

75 3191 87 3227 ²
107 3193 140 3242 N.
161 3193 203 3246 a..
227 3191 271 3242 nt.
294 3190 342 3252 ΙΙΙ,
362 3207 388 3242 e.
410 3193 437 3252 6,
457 3201 473 3254 s
497 3195 538 3254 ta,
560 3199 587 3246 et
606 3196 679 3247 aiibi.
701 3195 772 3248 tiana
792 3200 896 3249 theoria
916 3214 930 3250 a
952 3197 1115 3250 Bornonittio

32 3266 46 3328 (
53 3267 178 3315 trecenos
190 3277 236 3312 sar
249 3266 285 3314 ter
299 3265 348 3314 tais
362 3267 392 3315 ds
405 3267 431 3315 ta
451 3273 668 3320 communicativa
687 3273 721 3319 du
740 3279 900 3337 moaoemant
915 3309 922 3329 ,
936 3271 1010 3322 Paris
1032 3270 1115 3341 1727)

33 3336 157 3401 protecta
177 3339 228 3384 eet.
250 3334 281 3386 nt
303 3331 449 3390 betbnttiae
464 3341 547 3402 ipsam
568 3342 634 3392 adeo
652 3343 780 3402 excoluit,
796 3345 1000 3409 perpolivitqae,
1015 3350 1045 3395 nt
1058 3346 1116 3396 eine

32 3414 134 3459 aneton·
154 3407 231 3470 ruigo
253 3407 391 3459 habeatur.

75 3479 88 3516 ⁸
108 3477 139 3530 tn
161 3479 186 3528 id
207 3482 290 3543 magis
309 3481 471 3540 declaretur,
489 3489 576 3533 mente
597 3487 774 3548 reputandum
788 3495 826 3538 est
843 3489 993 3538 huiusmodi
1007 3493 1110 3552 speeies

29 3553 199 3614 neqrrtroeas
218 3557 326 3604 omnino
346 3553 450 3606 differre
469 3569 483 3604 a
504 3559 642 3620 speciebus
657 3561 708 3610 nus
723 3560 895 3617 intermediis,
910 3561 941 3610 do
957 3563 1052 3624 quibus
1074 3565 1112 3611 to-

28 3626 95 3674 catt
116 3636 207 3672 aternus
229 3628 253 3672 in
276 3629 367 3688 tnp'na
386 3623 426 3695 (p.
450 3624 470 3686 i,
492 3643 515 3679 a.
539 3626 560 3687 i,
581 3645 607 3679 a.
630 3634 657 3690 3,
679 3648 704 3695 p.
726 3634 766 3690 t't,
782 3636 835 3683 rot.
858 3631 903 3695 1.),
924 3647 1020 3698 nempe
1038 3649 1109 3704 guae

30 3695 137 3762 speciei
158 3698 298 3759 superiori,
319 3699 400 3751 vetuti
420 3702 520 3765 generi,
541 3703 729 3768 subticentur,
749 3713 814 3774 puta
833 3709 934 3760 animat
952 3710 1059 3768 viventi,
1079 3712 1107 3758 et
