2475 3909
143 195 183 262 81
333 261 336 268 ,
536 219 738 268 tociens

105 299 193 382 Ergo
216 300 385 368 methodus
407 298 592 387 ontologica
620 325 689 369 esse
718 302 758 368 ad
786 306 940 371 scientiae
966 301 1175 392 adeptionem

107 385 201 446 unice
223 407 242 448 3
266 395 407 480 portuna
431 382 520 449 nullo
543 386 614 450 1313
637 384 770 450 1131131.

142 463 193 530 95.
218 407 378 531 1111131313
402 465 580 549 probamus
601 466 781 532 refellendo
802 477 992 564 argumenta
1015 467 1055 533 ab
1073 469 1176 535 Onto-

105 543 189 630 logis
212 548 349 612 obiecta.
372 547 485 630 ltaque
505 545 727 646 Ontologistae
742 548 917 614 conficiunt
930 549 990 614 hoc
1004 571 1178 636 argumen-

103 635 184 691 tum.
210 631 242 696 Si
265 629 401 694 scientia
424 649 534 693 rerum
558 631 698 698 ellicitui·
719 651 760 694 ex
782 653 820 694 co
868 632 968 695 itione
989 651 1176 710 causarum,

104 727 162 790 per
184 730 264 794 quas
285 711 373 796 ipsae
388 730 439 774 res
459 709 552 786 liunt,
575 713 785 796 consequitur
800 713 821 776 il
836 732 888 774 aiii
903 711 1090 776 methodum
1103 733 1175 779 3333

103 787 143 852 31
168 791 270 874 ipsius
292 791 496 888 adeptionem
525 795 621 857 unice
648 814 669 856 o
694 802 890 880 portunam,
917 815 1000 878 quae
1022 815 1039 857 a
1067 793 1177 860 causis

103 869 143 932 ad
169 872 315 949 ellectus,
335 893 401 937 sive
416 871 455 936 ab
472 814 735 959 intelligibilibus
750 874 790 939 ad
806 876 936 939 sensilia
948 895 1011 1018 giro
1052 873 1175 940 311131.

105 955 206 1036 Atqui
234 956 322 1022 Deus
351 964 399 1019 est
427 955 533 1040 prima
561 955 688 1033 Causa,
716 968 749 1022 et
777 956 920 1040 primum
964 967 1017 1022 313
1031 956 1173 1042 ligibile.

103 1035 191 1117 Ergo
214 1037 270 1102 illa
292 1035 462 1102 methodus
483 1049 529 1103 est
552 1037 648 1102 unice
664 1050 846 1124 opportuna
868 1036 908 1102 ad
931 1039 1084 1104 scientiae
1099 1037 1177 1104 ade-

104 1117 264 1200 ptionem,
288 1138 373 1206 quac
397 1139 415 1182 a
436 1117 506 1181 Deo
529 1118 567 1183 ad
592 1140 642 1183 res
663 1130 787 1185 creatas
832 1118 1029 1204 regreditur.

143 1199 194 1264 26.
220 1204 262 1266 At
282 1198 469 1266 huiusmodi
492 1210 720 1286 argumentum
743 1137 830 1265 311111
848 1201 1004 1287 praesidii
1020 1200 1058 1264 ad
1074 1201 1178 1267 0313-

101 1278 232 1363 logismi
256 1293 402 1349 tutamen
423 1279 529 1357 allcrt,
551 1283 674 1379 quippe
696 1281 781 1378 quod
803 1282 875 1347 eius
894 1283 997 1347 maior
1019 1283 1177 1367 aequivo-

103 1363 230 1427 catione
253 1363 386 1430 lahorat.
411 1363 587 1428 Enimvero
614 1384 685 1448 ipsa
708 1374 753 1429 ita
775 1362 1004 1450 distinguenda
1027 1374 1090 1430 est:
1113 1363 1176 1431 1113

103 1445 274 1511 methodus
295 1445 336 1512 ad
359 1445 513 1510 scientiae
543 1444 750 1530 adeptionem
778 1447 873 1511 unice
901 1456 1084 1543 opportuna
1111 1458 1175 1525 331,

103 1545 186 1608 quae
214 1526 423 1614 progreditur
451 1547 468 1590 a
496 1526 601 1591 333313
631 1525 670 1591 31
700 1525 833 1594 effectus
862 1529 895 1591 13
922 1548 975 1592 ria
1002 1548 1175 1611 regressus,

103 1627 219 1694 nempe
242 1610 426 1685 descensus,
450 1628 532 1673 conc.
557 1608 636 1671 moi.
656 1631 665 1684 3
688 1609 722 1672 13
744 1610 797 1672 via
814 1629 1019 1694 progressam,
1049 1610 1117 1674 sive
1138 1633 1177 1674 e·

103 1709 242 1767 secusne,
265 1711 331 1775 neg.
354 1691 430 1754 moi.
454 1687 714 1777 Psychologistae
742 1689 931 1755 concedunt
950 1702 1090 1756 mentem
1115 1689 1176 1756 hu-

103 1793 233 1838 manam
256 1784 325 1840 tum
347 1776 398 1840 131
419 1772 589 1837 3313311331
610 1792 680 1837 asse
705 1771 753 1850 ui,
769 1794 844 1836 cuin
865 1795 884 1837 a
905 1773 1012 1838 causis
1033 1770 1073 1836 ad
1095 1771 1177 1837 elle-

103 1864 192 1934 ctus,
216 1857 283 1922 sire
305 1854 346 1920 ab
367 1851 635 1940 intelligibilibus
656 1792 702 1918 31
719 1852 888 1920 sensibilia
909 1853 1088 1931 descendit,
1110 1853 1175 1921 hac

103 1937 191 2001 enim
204 1940 258 2004 ria
273 1959 343 2004 rem
358 1957 417 2024 per
430 1955 558 2001 causam
579 1936 745 2022 cognoscit
758 1937 781 1999 ¹.
798 1939 841 2001 ht
855 1957 932 2001 iero
945 1957 1036 2001 meus
1051 1946 1174 2016 nostra,

102 2017 278 2084 secundnm
301 2023 410 2106 ipsos,
434 2015 619 2084 immediata
642 2017 825 2102 cognitione
847 2039 960 2084 causae
982 2016 1068 2084 haud
1090 2019 1176 2102 poti-

103 2110 169 2174 131,
192 2098 249 2164 331
268 2101 308 2166 31
330 2123 402 2167 eam
425 2120 484 2185 per
505 2096 638 2166 31133133
657 2097 812 2176 33333111,
836 2121 940 2184 neque
963 2099 1085 2176 Deum,
1103 2099 1176 2163 Pri-

103 2200 190 2244 mam
212 2179 349 2247 Causam
372 2180 519 2248 omnium
534 2201 658 2256 rerum,
683 2191 788 2266 potest
809 2180 915 2259 aliter,
931 2202 1030 2268 quam
1045 2200 1104 2265 per
1118 2201 1172 2246 133

104 2263 204 2349 ipsas,
227 2283 284 2329 seu
307 2264 438 2330 31133133
459 2282 536 2326 3333
551 2263 828 2358 Omnipotentiae,
843 2283 1048 2349 cognoscere.
1065 2264 1174 2328 Exeo

103 2343 219 2429 igitur,
244 2346 330 2434 quod
353 2344 485 2412 scientia
500 2352 549 2408 est
563 2343 708 2427 cognitio
724 2345 770 2408 131
788 2365 847 2429 per
860 2367 1005 2421 causam,
1023 2345 1176 2429 sequitur

102 2427 272 2494 scientiam
294 2429 431 2496 alicuius
454 2425 502 2489 rei
525 2424 639 2490 confici
663 2445 726 2489 non
748 2447 854 2512 posse,
876 2427 940 2491 nisi
962 2427 1060 2492 huius
1075 2446 1175 2491 causa

103 2525 330 2594 cognoscatur3
354 2509 408 2578 331
431 2509 511 2605 quia
532 2507 678 2600 cognitio
693 2527 810 2572 causae
826 2529 884 2593 per
897 2507 1032 2575 31133133
1046 2507 1178 2573 obtine·

103 2599 170 2668 131,
193 2592 323 2661 13111331
345 2595 501 2661 scientiae
516 2609 534 2652 3
550 2589 737 2672 cognitione
752 2589 887 2656 ellectus
901 2588 1095 2654 sumendum
1108 2600 1171 2654 est.

143 2673 194 2739 27.
218 2675 339 2744 instant
361 2672 394 2740 1⁰
415 2671 659 2755 Ontologistae:
682 2669 741 2735 1113
764 2671 933 2737 methodus
954 2671 995 2737 ad
1018 2672 1176 2737 scientiae

103 2752 311 2841 adoptionem
338 2757 473 2822 331333
499 2763 637 2838 portuna
665 2763 734 2825 est,
763 2774 827 2837 qua
855 2776 907 2820 res
934 2762 1176 2839 cognoscuntur

103 2839 396 2906 3333313311113111
424 2856 462 2900 or
488 2836 598 2910 inem,
624 2853 722 2918 quem
751 2835 840 2919 ipsae
868 2835 1013 2902 1313133
1040 2831 1173 2900 habent.

101 2921 203 3003 ,tiqui
226 2921 412 2988 huiusmodi
433 2916 513 2982 3113
534 2935 576 2980 ex
597 2936 638 2980 eo
659 2916 880 2994 constituitur,
895 2915 983 3004 quod
999 2917 1105 3003 primo
1128 2919 1177 2983 sit

100 2999 208 3078 Deos,
231 3012 264 3069 31
289 3001 439 3069 1313133
461 2997 501 3065 ab
524 2999 573 3062 Eo
594 3006 736 3074 creatae,
765 2998 826 3063 hoo
853 3012 919 3077 est,
947 2998 1178 3086 31131313εεὶ-

101 3081 398 3170 ligibilcprimiim,
419 3075 588 3148 31131313
611 3077 790 3144 sensibilia.
817 3079 905 3167 Ergo
933 3077 1102 3145 methodus
1129 3080 1176 3146 31

99 3167 257 3234 scientiae
280 3165 487 3252 adeptionem
507 3171 691 3245 opportuna
713 3161 770 3225 illa
790 3173 861 3240 est,
883 3182 967 3249 quae
990 3160 1031 3225 ab
1054 3160 1179 3227 intelli-

102 3246 263 3332 gibilibus
285 3249 326 3316 ad
347 3245 515 3314 sensibilia
536 3242 635 3308 etiam
658 3243 691 3307 iii
712 3241 765 3308 via
781 3264 964 3328 progressus
985 3241 1144 3328 procedit.

141 3331 193 3398 Ἠ.
218 3333 331 3431 Resp„
353 3331 438 3396 Dici.
463 3325 555 3402 maia
583 3323 612 3389 si
640 3324 783 3410 cognitio
809 3346 918 3392 131331
947 3323 1178 3390 consideretur

100 3412 203 3478 relata
224 3413 265 3479 ad
288 3433 374 3499 ipsas
395 3432 472 3486 133,
496 3425 579 3493 quae
606 3418 868 3491 cognoscuntur,
898 3428 982 3473 coac.
1005 3408 1096 3483 31313
1120 3409 1177 3473 313

101 3495 446 3564 333311313131131313
468 3489 508 3556 31
531 3485 689 3565 modum,
717 3509 784 3572 quo
813 3491 1092 3556 1333313131331
1117 3509 1177 3555 33-

472 3611 787 3628 ,Μ

138 3687 146 3724 ¹
168 3678 203 3736 Cl
219 3699 246 3748 p.
267 3681 313 3734 83.
