2475 3909
140 142 202 209 254
512 162 785 215 smnnoronoout

100 246 238 325 iiditate,
259 244 378 333 figura,
395 247 668 325 inertia,adversa
681 248 788 314 fronte
805 259 939 334 pugnat:
951 268 1034 345 qunc
1058 256 1171 313 antem

100 349 213 394 secum
228 342 387 415 pugnant,
401 330 518 395 Divina
534 333 779 416 omnipotentia
802 350 864 394 non
886 331 1172 396 continentumlir·

102 430 146 496 go.
165 411 215 474 vis
236 411 400 496 cogitandi
421 434 480 477 nec
498 412 658 478 divinitus
675 411 831 479 materiae
853 411 1026 477 convenire
1050 422 1169 495 potest.

135 488 211 557 ¹152.
225 493 293 557 lam
308 496 535 579 cogitationem
554 514 630 559 cum
652 493 718 559 iilis
741 494 895 559 materiae
912 491 1171 577 proprietatibus

101 589 247 657 pugnare
268 587 470 661 compertum
492 577 611 659 cuique
634 585 692 639 est.
714 575 797 641 Sane
813 572 845 638 1⁰
867 584 990 659 pugnat
1011 574 1171 658 cogitatio

100 672 177 718 cum
196 658 408 734 extensione,
430 668 463 723 et
485 656 733 733 divisibitirate3
763 675 863 731 nam,
892 654 1170 739 quemadmodum

100 736 192 813 setis,
221 758 381 825 superque
409 760 428 803 a
450 739 545 803 nohis
569 750 733 803 ostensum
754 748 815 811 est,
831 737 985 821 cogitatio
1006 747 1055 800 est
1075 735 1172 820 qnid·

101 836 199 899 qnam
221 822 379 898 unicum,
405 833 439 887 et
454 820 667 886 indivisibile.
689 816 725 882 2⁰
748 818 874 903 Pugnat
894 838 968 883 cum
990 817 1170 891 soliditate:

100 902 314 982 nequeenim
335 905 401 969 inte
443 924 499 967 nm
519 901 685 967 obiectum
707 921 783 965 cum
803 898 954 963 omnihus
974 900 1046 963 eins
1069 899 1172 984 parti-

53 1055 56 1063 ,
101 977 164 1044 hus
185 983 311 1067 percipi
333 1004 353 1047 a
373 1007 414 1049 no
441 986 466 1048 is
488 995 616 1068 posset,
640 984 704 1047 nisi
726 982 850 1067 species
871 980 1073 1065 singutnrum
1097 1000 1172 1075 par-

102 1060 188 1126 tium
211 1066 245 1128 in
266 1086 365 1127 naam
380 1064 588 1141 confluerent:
604 1085 709 1149 neque
731 1064 764 1127 in
788 1061 922 1126 iudiciis
943 1074 976 1128 et
993 1062 1173 1125 ratiocina-

100 1141 248 1209 tionibus
274 1146 382 1229 plures
409 1150 555 1212 notiones
582 1167 691 1212 seeum
717 1143 902 1229 comparari
930 1152 1082 1227 possent,
1107 1143 1173 1206 nisi

101 1222 177 1287 illae
199 1226 233 1290 in
255 1248 355 1292 unum
378 1238 711 1315 compenetrarentur.
733 1226 870 1291 Accedit
895 1223 984 1310 quod
1012 1224 1173 1307 cogitatio
1235 1294 1236 1307 ,

101 1306 240 1389 seipsam
261 1307 438 1375 reflexione
460 1323 615 1395 permeat,
631 1318 663 1375 et
685 1309 819 1392 insuper
839 1306 905 1371 duo
926 1305 1073 1370 subiecta
1097 1326 1173 1391 per
1235 1318 1236 1389 g

100 1387 256 1471 cipientia
278 1404 411 1476 possunt
431 1414 465 1457 se
487 1392 627 1457 invicem
653 1386 946 1473 comprehendere:
970 1388 997 1452 si
1018 1404 1098 1452 reno
1123 1408 1173 1451 es-

101 1479 172 1534 sent
193 1471 307 1549 solida,
323 1494 425 1538 unum
446 1494 509 1537 non
532 1482 640 1557 posset
660 1471 798 1537 atterum
826 1480 1007 1554 penetrare,
1029 1467 1172 1553 ideoque
1235 1520 1236 1539 2

101 1570 205 1645 unum
227 1574 290 1617 non
317 1554 605 1641 comprehenderet
631 1554 792 1626 aiterum,
814 1550 1058 1701 comprehensio
1078 1551 1173 1613 enim
1235 1548 1236 1557 ’

102 1652 153 1696 rer
176 1632 324 1710 hahetur,
345 1658 419 1700 cum
443 1637 513 1721 ipsa
536 1647 602 1701 tota
622 1635 828 1721 cognoscitur
842 1629 865 1695 ¹.
907 1632 922 1664 ⁰
944 1634 1069 1717 Pugnat
1090 1650 1172 1695 cnm
1235 1646 1236 1665 ³

102 1714 240 1792 inertia,
262 1718 396 1782 materia
419 1719 521 1797 enim,
543 1722 657 1803 utpote
680 1718 782 1791 iners,
806 1714 847 1779 ah
868 1716 1049 1781 extrinseca
1069 1730 1174 1777 cansa
1235 1760 1236 1765 η

101 1793 361 1876 determinatum
387 1799 472 1865 unde
494 1800 704 1885 consequitur
725 1798 778 1863 lex
800 1796 855 1861 iila
876 1798 1039 1872 Newtoni,
1062 1806 1174 1861 muta·
1235 1824 1236 1833 ¹

102 1877 223 1942 tionem
246 1891 352 1945 motus
367 1872 634 1965 proportionalem
656 1900 718 1945 esse
741 1881 775 1942 oi
795 1879 925 1943 metrici
943 1878 1129 1973 impressae,
1145 1886 1172 1939 et

100 1958 172 2041 fieri
192 1962 358 2025 secundnm
378 1964 494 2026 tineam
514 1973 645 2036 rectam,
667 1981 729 2047 quo
750 1960 799 2024 uis
820 1960 878 2024 itta
897 1961 1111 2042 imprimetur.
1131 1962 1173 2023 At

101 2060 162 2104 nos
183 2037 223 2105 de
245 2044 357 2107 multis
379 2044 476 2108 rehns
491 2046 685 2129 cogitamus,
700 2042 781 2127 qnin
803 2041 869 2106 ulia
891 2043 1016 2106 actione
1030 2050 1171 2105 externa

101 2122 276 2206 agitemur,
292 2135 389 2209 atque
412 2126 545 2209 insuper
565 2126 682 2190 seriem
703 2124 803 2188 nnius
824 2121 1108 2189 demonstrationis
1125 2123 1173 2185 in·

102 2203 348 2289 terrumpimus,
371 2206 533 2292 aliamque
555 2226 688 2291 prorsus
709 2204 872 2269 diversam
892 2203 1117 2289 aggredimur,
1135 2223 1172 2267 ac

102 2294 268 2369 praeterea
290 2286 331 2349 ah
353 2288 585 2372 imaginatione
601 2287 642 2352 nd
658 2287 920 2363 intellectionem,
935 2294 1031 2370 atque
1052 2283 1093 2349 nh
1111 2284 1172 2348 hac
1235 2352 1236 2355 ,

102 2363 248 2432 odiliam
270 2386 384 2432 rursus
406 2390 466 2454 pro
489 2369 596 2435 inhitu
619 2370 803 2435 transimus.
824 2364 859 2431 4⁰
882 2367 1007 2452 Pugnat
1027 2365 1171 2451 deniqne

102 2464 177 2511 cum
198 2443 325 2531 figura3
348 2450 436 2535 quod
457 2452 546 2515 enim
564 2453 620 2529 test
640 2451 745 2535 figura
768 2448 965 2533 praeditum,
986 2448 1082 2513 hahet
1105 2460 1173 2513 ter-

102 2528 242 2605 minum,
265 2550 338 2594 oum
360 2531 464 2617 figura
485 2534 526 2597 sit
571 2554 631 2598 uae
657 2530 806 2598 terminis
827 2530 1031 2595 continetur:
1055 2539 1087 2596 at
1113 2548 1172 2616 po-

102 2609 202 2674 tentia
223 2612 388 2696 cogitandi
409 2626 458 2678 est
478 2635 523 2698 qn
566 2613 716 2679 ammodo
737 2610 881 2687 infinita:
905 2634 923 2673 n
946 2613 981 2676 in
1003 2608 1171 2676 infinitum

102 2690 191 2753 enim
213 2692 368 2778 inteiligit
388 2697 512 2779 species
539 2714 750 2761 numerorum
771 2691 938 2777 augendo:
962 2701 994 2757 et
1015 2692 1173 2757 similiter

103 2771 227 2854 species
250 2770 441 2859 figurarum,
457 2788 490 2842 et
511 2780 768 2864 proportionum:
785 2776 952 2858 cognoscit
973 2774 1071 2839 etiam
1092 2772 1170 2837 nni·

103 2852 250 2931 versnle,
273 2856 360 2939 quod
381 2869 430 2923 est
449 2860 569 2924 virtute
598 2858 761 2923 infinitum
782 2853 961 2921 secundum
983 2874 1078 2919 suum
1099 2874 1171 2917 am-

102 2930 231 3079 isthmi
254 2938 399 3005 continet
419 2940 506 3013 enirn
532 2938 727 3016 individua,
750 2958 834 3024 quae
856 2946 931 3003 sunt
953 2934 1096 3023 potentia
1120 2936 1171 3000 in-

128 3035 194 3079 nra
237 3040 266 3080 n.

145 3096 213 3164 153.
237 3099 350 3184 ltaque
371 3104 528 3187 cogitatio
553 3101 763 3190 praecipuis,
786 3111 819 3168 et
840 3097 932 3169 valde
959 3099 1045 3166 notis
1067 3106 1170 3163 mate-

475 3264 801 3281 ψ

141 3384 149 3419 ¹
176 3404 187 3429 ι
210 3382 373 3448 imposstbtte
393 3389 633 3452 estduocorpora
654 3389 815 3440 seinvicem
833 3388 979 3446 continere,
999 3399 1062 3438 enm
1082 3387 1169 3435 conti-

104 3464 169 3502 nens
187 3458 297 3507 excedat
315 3465 481 3511 contentum.
501 3460 559 3511 Duo
578 3468 669 3511 antem
686 3462 838 3512 intetteotns
850 3474 878 3512 se
892 3461 1004 3512 invicem
1018 3458 1167 3515 continent,

105 3526 133 3639 ζ’
152 3526 389 3651 ἧῖὓῖβέὶῑῖἑῗηῑ,
410 3533 474 3582 dum
494 3546 563 3584 unus
581 3534 666 3584 alium
685 3534 808 3597 intelligit
824 3552 834 3578 ι
840 3554 849 3594 ;
865 3535 952 3585 Contr-
967 3534 1054 3590 Gens..
1069 3528 1116 3581 nn.
1133 3526 1167 3589 u,
