2475 3909
491 173 763 224 anrrrnonocoum
1051 163 1113 228 203

236 303 303 353 dar.
319 300 351 352 ΙΙ,
368 299 453 350 -De
473 310 616 371 systemate
637 319 778 356 causarum
794 307 1002 356 occasionattnm
1044 361 1051 372 .

120 413 174 478 48.
201 408 477 484 Maiebranchins,
499 409 547 475 uti
564 422 657 476 antea
678 411 824 477 diximus
838 412 966 488 ¹‚'ratus
982 423 1030 480 est
1045 413 1152 477 Deum

81 491 253 557 dumtaxat
272 512 341 556 esse
363 511 493 554 causam
526 492 741 569 adicientem,
765 504 862 578 atque
894 515 966 558 cum
1001 515 1153 580 corpora,

81 589 151 640 tum
184 575 311 637 animas
343 574 430 636 omni
467 574 497 637 vi
531 575 649 657 agendi
684 575 838 652 destitui3
861 598 902 641 ex
924 597 990 660 quo
1012 576 1154 642 confecit

81 657 186 720 Deum
209 677 278 720 esse
301 656 443 729 unicam,
467 665 499 719 et
521 656 743 722 immediatam
766 679 895 723 causam
918 659 1064 723 omnium
1087 679 1156 721 mo·

81 749 199 812 tuum,
223 739 279 822 qni
305 739 338 802 in
368 758 504 821 corpore
528 737 634 824 fiunt,
654 741 866 824 omniumque
900 742 1154 826 operationum,

82 840 166 904 quas
187 823 292 883 anima
315 822 435 893 exerit3
456 835 553 904 atque
569 843 773 894 consensum,
789 843 885 904 quem
901 823 1091 906 experimur
1108 824 1155 885 in·

84 914 133 966 ter
154 913 259 966 certos
283 913 388 965 motus
409 906 570 986 emporia,
592 916 626 968 et
647 917 751 968 certas
777 907 983 988 operationes
1005 905 1154 974 animae,

82 995 117 1050 et
139 983 297 1059 vicissim,
322 985 449 1048 nonnisi
472 1005 490 1046 a
513 985 580 1047 Deo
608 1005 678 1049 esse
701 1007 735 1048 re
761 986 926 1051 etendum.
950 987 1061 1067 ltaque
1084 985 1154 1067 ipse

81 1067 197 1131 statuit
219 1065 325 1128 Derim
358 1064 400 1128 ob
433 1088 528 1130 snum
551 1066 701 1164 generale
731 1005 918 1142 decretum,
942 1066 1030 1162 quod
1052 1078 1153 1131 totum

84 1147 198 1212 mundi
224 1146 375 1210 ordinem
392 1149 629 1233 complectitur,
649 1151 689 1213 ita
706 1162 811 1214 motus
830 1169 987 1233 corporis,
1003 1151 1157 1213 actiones·

81 1251 150 1377 pue
173 1233 300 1294 animae
324 1229 502 1304 moderari,
525 1243 574 1304 ut,
595 1233 724 1315 quoties
746 1232 826 1295 certi
849 1241 955 1295 motus
972 1234 1004 1294 in
1021 1251 1156 1313 corpore

107 1326 178 1385 unt,
203 1312 401 1376 sensationes
424 1313 502 1396 ipsis
524 1321 764 1388 consentaneas,
784 1324 828 1386 et,
845 1313 971 1396 quoties
994 1323 1099 1377 certae
1123 1334 1159 1375 0-

84 1397 271 1482 perationes
304 1395 336 1456 in
369 1395 477 1458 anima
500 1393 605 1467 fiunt,
631 1403 737 1458 motus
764 1395 844 1480 ipsis
872 1404 1100 1458 consentaneos
1124 1397 1156 1458 in

81 1499 223 1574 corpore
248 1475 417 1561 producat.
441 1478 491 1541 Ex
512 1497 577 1560 qno
600 1479 736 1559 patescit
758 1497 816 1540 uec
849 1474 931 1539 uiios
960 1486 1067 1539 motus
1088 1497 1158 1538 cor·

82 1581 173 1646 ports
194 1581 264 1622 esse
286 1579 506 1622 rerascausas
527 1559 692 1622 actionum
715 1559 854 1634 animae,
872 1578 930 1621 nec
953 1556 1034 1620 ultas
1057 1559 1157 1622 actio-

82 1664 144 1708 nes
166 1642 293 1705 animae
313 1661 383 1705 esse
407 1662 498 1704 veras
513 1652 789 1705 causasmotuum
812 1639 974 1723 corporis,
991 1637 1046 1702 sed
1063 1639 1157 1703 dum-

84 1736 178 1794 taxat
198 1723 262 1785 dici
290 1745 381 1807 posse
404 1743 516 1786 causas
538 1721 772 1796 occasionaies,
788 1722 865 1804 quia
883 1721 1026 1784 nonnulii
1053 1731 1159 1788 motus

83 1805 233 1890 corporis
256 1803 325 1870 Deo
346 1806 548 1870 occasionem
570 1802 723 1890 praebent
753 1801 953 1900 producendi
989 1805 1019 1867 in
1050 1805 1158 1868 anima

84 1891 229 1956 actiones
250 1886 314 1951 tttts
334 1898 578 1962 consentaneas,
598 1897 630 1950 et
653 1885 797 1948 vicissim
811 1887 835 1946 ².
862 1886 931 1948 Hoc
952 1896 1088 1971 systema
1110 1905 1160 1948 oc·

84 1970 337 2044 vasionensium,
356 1969 404 2034 vel
426 1980 559 2055 systema
580 1968 776 2032 adsistentiae
798 1966 921 2032 dictum
944 1979 1003 2042 cst,
1025 1969 1103 2051 quia
1127 1988 1158 2030 a·

86 2054 233 2125 nimam,
255 2066 287 2117 et
310 2073 428 2134 corpus
450 2053 550 2116 vetuti
569 2069 682 2114 causas
698 2047 867 2115 dumtaxat
889 2050 1107 2113 occasionates
1128 2071 1162 2112 a·

86 2135 241 2221 gnoson,
267 2133 435 2218 Deumque
457 2136 598 2209 animae,
621 2141 654 2196 et
674 2132 804 2215 corpori
828 2132 983 2196 continuo
1006 2129 1160 2196 adsisten-

87 2216 284 2301 temponit.

127 2299 178 2362 d9.
203 2299 293 2360 Hanc
316 2297 499 2373 theoriam,
521 2295 635 2361 eodem
670 2293 739 2358 sere
761 2315 798 2358 ac
821 2294 1056 2360 Malebranchii
1081 2306 1161 2359 tem-

87 2399 192 2465 pore,
215 2380 372 2465 Sytvanus
394 2378 518 2462 Regius
533 2380 558 2452 ³,
580 2388 612 2442 et
634 2377 789 2460 deinceps
822 2397 884 2439 non
915 2379 1009 2462 pauci
1039 2396 1162 2461 propu-

87 2470 229 2546 gnarunt
251 2481 353 2543 usque
377 2462 408 2525 in
431 2461 512 2525 hanc
535 2461 636 2534 diem,
661 2458 693 2521 in
717 2479 793 2542 qua,
810 2459 856 2524 uti
879 2469 950 2523 ante
974 2457 1116 2522 vidimus
1131 2459 1156 2531 ⁸,

87 2544 246 2607 theoriam
262 2562 447 2606 carissarnm
463 2540 715 2605 occasionaiium
732 2559 749 2600 a
765 2540 927 2604 nonnuliis
942 2539 1163 2625 Philosophis,

90 2624 283 2710 praesertim
307 2625 341 2687 in
363 2623 481 2697 Gallia,
504 2623 703 2687 exsuscitata
727 2631 784 2686 est.

129 2705 181 2770 50.
206 2705 302 2784 Prop.
326 2705 471 2787 Systemn
492 2723 657 2768 causarum
685 2702 926 2766 occasionalinm
949 2703 1031 2784 saiso
1053 2703 1163 2786 fiendo·

89 2794 193 2850 mento
213 2786 387 2860 insititiam
410 2786 521 2868 misam
538 2785 783 2871 philosophandi
804 2786 979 2849 methodum
1001 2795 1163 2859 sectatam

90 2888 212 2932 omnem
233 2867 376 2930 animum
397 2870 480 2932 inter
500 2870 654 2942 animam,
667 2877 694 2929 et
711 2886 823 2951 corpus
845 2868 948 2946 nott-523
964 2868 1081 2952 impios
1095 2887 1165 2931 con-

90 2949 247 3016 clusiones
263 2949 362 3031 perit.

133 3031 292 3094 Probatur
314 3032 420 3113 prima
453 3052 538 3116 pars.
562 3028 848 3106 metamaucum,
871 3032 1039 3117 ceterique
1062 3031 1166 3096 Occa-

91 3113 277 3177 sionatistae
300 3132 492 3176 consensum
526 3113 616 3178 inter
649 3122 754 3176 certas
785 3114 989 3197 operationes
1012 3114 1163 3188 animae,

93 3203 264 3279 certosque
287 3205 392 3260 motus
413 3196 563 3279 corporis
585 3193 738 3258 omnibus
762 3194 896 3261 obvium
919 3195 959 3259 ab
977 3192 1166 3260 immediata

93 3277 222 3342 actione
245 3276 305 3340 Dei
328 3286 502 3362 repetunt,
525 3277 603 3360 quia
637 3295 765 3340 omnem
799 3277 864 3341 vim
895 3279 1034 3342 activam
1068 3276 1165 3342 rebus

133 3502 140 3536 ¹
162 3499 262 3556 Optat„
282 3513 308 3548 c.
331 3493 377 3554 tx.
397 3511 424 3546 a.
447 3499 474 3556 7,
494 3512 522 3561 p.
544 3497 588 3548 71.
610 3495 673 3534 -2
694 3501 732 3548 tte
750 3499 846 3560 inante.
868 3511 934 3554 uem,
955 3496 1002 3546 tu.
1023 3493 1070 3555 vt,
1091 3465 1115 3546 e.
1137 3494 1168 3546 tii

132 3571 244 3620 ³c'onra
263 3573 344 3620 enitor
362 3573 394 3619 de
410 3571 488 3633 pta„
511 3571 583 3632 arm,
604 3584 662 3640 par.
684 3569 712 3630 2,
733 3585 759 3622 a.
782 3569 839 3625 t-d.

133 3640 264 3705 ‘Ontot¹
286 3643 338 3698 too·
360 3641 409 3700 cit.
