2475 3909
129 159 171 228 86
269 182 271 192 ⁴
528 183 733 234 sources

90 259 169 341 Nep.
194 279 278 324 coos.
303 261 345 327 Et
365 281 454 339 sane,
477 265 511 327 in
534 266 593 331 hac
612 268 765 334 instantia
794 270 992 357 principium
1020 274 1161 357 demde,

91 361 207 434 nempe
231 341 324 439 illud,
346 364 412 428 quo
434 365 544 410 rerum
566 351 706 414 essentia
727 353 951 432 constituitur,
974 375 1048 419 cum
1072 355 1163 442 prin·

89 439 177 503 cipio
199 423 371 502 efficiente,
399 447 441 491 ex
462 448 528 522 quo
549 450 601 493 res
623 451 718 496 suum
739 452 799 496 esse
819 435 1001 578 achpiunt,
1024 437 1160 502 conlun-

89 499 190 566 ditur.
214 504 298 570 Nam
320 529 394 573 cum
416 507 539 574 dicitur
554 529 604 575 res
624 533 693 576 esse
714 512 889 601 iutelligibi
904 537 938 580 es
952 539 995 582 ex
1007 537 1058 593 eo,
1072 518 1159 605 quod

88 592 161 647 actu
184 601 273 662 sunt,
297 609 360 654 non
382 589 472 655 aliud
493 591 718 675 significatur,
740 617 838 680 quam
861 618 924 661 non
947 619 1042 694 posse
1062 601 1159 684 quid-

89 685 192 762 quam·
212 668 363 764 intelligi,
379 672 442 736 nisi
458 693 499 736 ex
505 674 700 816 principiis,
723 697 764 741 ex
784 677 904 762 quihus
926 700 999 745 esus
1020 684 1161 746 essentia

90 756 313 816 constituitur.
337 752 483 818 lamvero
535 775 592 822 ens
618 777 680 821 non
709 769 758 823 est
786 760 1012 844 principium,
1032 784 1074 826 ex
1117 785 1162 827 uo

92 848 212 925 rerum·
231 835 388 928 essentiae
416 838 681 914 constituuntur,
714 840 859 925 alioquin
888 841 929 905 ab
957 843 1037 926 ipsis
1066 783 1164 909 rehns

93 930 158 972 non
178 909 447 1005 distingueretur.
475 917 563 1000 Ergo
584 940 627 984 ex
647 940 710 998 eo,
738 923 826 1004 quod
856 942 906 986 res
934 925 1165 1021 intelliguntur

93 1010 153 1074 per
175 991 222 1069 rd,
245 1015 310 1079 quo
332 1007 404 1062 netu
427 1009 513 1077 sunt,
528 994 613 1066 haud
636 1000 710 1069 fluit
731 1003 837 1068 Deum
859 1023 926 1069 esse
950 1005 1164 1090 principium,

93 1093 145 1168 ex·
158 1092 299 1172 quonres
321 1077 506 1165 intelligere
527 1081 612 1148 licet.
637 1085 689 1149 lix
710 1105 750 1150 eo
770 1083 1166 1169 autem,quod1)ensest

94 1173 298 1241 principium
320 1161 484 1238 efficiens,
507 1185 549 1228 ex
570 1184 637 1249 quo
659 1187 711 1231 res
732 1178 806 1231 actu
825 1175 925 1241 sunt,
949 1168 1057 1251 potius
1078 1168 1167 1233 colli-

94 1235 240 1379 gendum
262 1251 312 1308 est
332 1263 385 1307 res
408 1244 440 1306 in
463 1245 604 1330 seipsis,
626 1255 659 1310 et
681 1267 744 1311 non
768 1250 800 1312 in
822 1247 890 1311 Deo
915 1267 985 1312 esse
1010 1249 1167 1336 intelligi-

118 1315 189 1381 sles.
213 1320 342 1387 Etenim
364 1345 428 1388 esse
449 1345 584 1404 rerum,
607 1348 681 1391 cum
704 1349 722 1391 a
745 1328 815 1392 Deo
835 1327 993 1414 pendeat,
1024 1330 1065 1394 ab
1086 1331 1167 1395 Esse

97 1397 158 1464 Dei
181 1399 403 1490 distinguitur.
428 1411 529 1491 Atqui
553 1430 603 1473 res
624 1419 699 1486 sunt
720 1410 946 1495 intelligibiles
969 1433 1010 1475 es
1032 1433 1084 1489 eo,
1108 1433 1169 1496 per

95 1480 183 1563 quod
205 1492 278 1547 octo
298 1497 383 1552 sunt.
408 1488 495 1584 Ergo
516 1511 590 1566 res,
613 1512 688 1555 cum
710 1501 784 1554 ectu
805 1494 868 1556 sint
891 1510 949 1574 per
969 1514 1033 1557 esse
1054 1493 1169 1558 distin-

96 1563 247 1727 cglhlledd
269 1565 343 1630 Esse
366 1567 440 1644 Dei,
465 1591 498 1634 ιιι
519 1571 650 1655 seipsis,
674 1582 706 1638 et
727 1593 791 1636 non
812 1575 846 1637 in
871 1572 938 1638 Deo
961 1585 1034 1639 sunt
1050 1575 1172 1641 intelli-

528 1779 666 1849 cervi*
686 1781 743 1845 lll.

243 1916 288 1982 Ite
309 1916 462 1981 methodo
484 1916 656 1995 eclectica,
680 1925 779 1999 atque
801 1921 842 1985 de
862 1920 1015 1985 methodo

527 2001 739 2065 auctoritatis

140 2131 228 2195 lnter
249 2129 395 2194 diversas
420 2127 543 2214 speeies
566 2128 803 2207 methodorum,
819 2129 995 2217 dequibus
1009 2129 1106 2194 modo
1121 2131 1173 2194 di-

99 2213 223 2286 ximus,
247 2209 433 2276 methodum
455 2211 640 2288 eclccticom,
657 2231 715 2276 seu
736 2211 911 2289 electivum,
929 2222 959 2278 et
982 2211 1169 2277 methodum

99 2293 299 2358 auctoritatis
321 2279 404 2356 haud
426 2295 673 2370 recensuimus,
695 2294 775 2378 quia
797 2293 878 2369 hae,
902 2303 1008 2358 nostra
1036 2292 1172 2379 quidem

100 2377 282 2450 sententia,
305 2373 412 2461 potius
440 2374 674 2460 cuiuscumque
702 2375 844 2441 methodi
874 2374 1019 2440 delectus
1033 2423 1057 2461 ,Α
1073 2394 1174 2459 qnam

101 2457 281 2542 peculiares
303 2455 445 2522 methodi
469 2466 554 2520 sunt.
578 2457 714 2532 Verum,
736 2457 892 2541 quoniam
913 2457 971 2521 hac
993 2465 1103 2521 nostra
1120 2475 1176 2519 ae-

102 2548 168 2603 tate
184 2560 247 2602 non
263 2535 422 2622 ignobiles
442 2536 601 2613 lautores,
617 2539 758 2602 maxime
775 2539 806 2602 in
822 2535 941 2614 Gallia,
957 2547 1068 2602 nactae
1084 2547 1174 2611 sunt,

101 2620 178 2685 illas
197 2621 266 2684 sine
289 2619 399 2704 aliquo
420 2620 572 2683 examine
594 2621 721 2685 mittere
744 2618 836 2683 neias
858 2618 954 2684 ioret.

390 2746 457 2797 dur.
480 2745 499 2796 l.
513 2745 590 2796 -lie
611 2747 736 2797 methodo
754 2750 883 2798 eclectica

143 2859 194 2924 31.
218 2858 390 2924 Methodus
412 2857 573 2931 eclectica,
589 2877 674 2940 qnae
696 2858 868 2923 solecismos
889 2881 1018 2945 quoque
1040 2859 1179 2940 dicitur,

104 2939 216 3006 statuit
237 2948 350 3017 tutum,
373 2950 407 3006 et
426 2937 613 3025 expeditam
633 2939 719 3003 viam
743 2940 782 3004 nd
806 2942 959 3007 scientiae
975 2945 1183 3008 consecutio-

104 3042 177 3086 nem
201 3039 270 3083 esse
293 3020 395 3099 illam,
417 3042 483 3105 qna
505 3021 657 3086 veritates
678 3019 858 3106 cliguntur,
874 3044 958 3108 quae
974 3024 1008 3086 in
1021 3024 1180 3089 omnibus

105 3103 371 3189 philosophorum
393 3101 572 3191 systematis
593 3102 812 3179 continentur,
829 3115 926 3188 atque
940 3102 1016 3168 inde
1030 3104 1183 3190 perlecta

103 3205 216 3250 rerum
237 3184 376 3248 scientis
397 3182 579 3248 coniicitur.
603 3183 692 3248 Haec
714 3183 906 3263 methodus,
928 3195 1036 3251 nostra
1059 3197 1181 3263 aetate,

105 3265 308 3342 Cousinium,
331 3265 465 3350 eiusque
488 3262 665 3352 discipulos
688 3278 945 3351 propugnatores
965 3265 1073 3330 hahet.
1095 3267 1186 3333 Cou-

106 3349 211 3412 sinius
234 3347 347 3413 statuit
369 3345 402 3410 1⁰
424 3365 569 3412 errorem
578 3366 699 3429 purum
721 3347 755 3411 in
776 3358 916 3414 mentem
937 3346 1113 3412 humanam
1128 3371 1187 3414 ca-

106 3428 184 3494 dere
208 3449 273 3492 non
295 3447 401 3512 posse,
424 3425 479 3492 sed
502 3448 648 3491 errorem
669 3449 734 3492 non
756 3427 844 3492 aliud
866 3451 952 3504 esse,
975 3448 1074 3512 qnam
1095 3435 1188 3496 veri-

107 3520 205 3577 tatem
227 3510 457 3592 incompletom,
502 3510 559 3572 uia
580 3509 748 3593 quaelihet
769 3511 882 3594 opinio
897 3511 1041 3608 aliquam
1078 3521 1188 3576 artem

106 3590 254 3660 veritatis
278 3589 451 3677 complecti
479 3529 604 3668 dehet3
632 3589 668 3655 2⁰
696 3598 869 3682 systemata
901 3529 1191 3682 philosophorum,
