2475 3909
148 159 210 228 toa
439 176 622 226 aaronoota
646 175 834 225 narrantis

152 260 306 326 Probatur
326 263 430 344 prima
445 257 568 345 pars.l⁰
583 261 633 323 Ex
649 260 772 322 interna
787 259 995 344 experientia
1013 257 1098 324 nihil
1115 283 1180 324 rer-

109 345 175 410 tius
196 353 265 420 est,
287 361 385 427 quam
407 363 476 405 esse
501 343 532 405 in
560 340 653 404 nobis
685 341 867 406 subiectum
893 343 1070 426 regitano,
1093 341 1180 428 quocl

108 425 363 511 personalitate,
385 433 416 488 et
437 423 633 487 conscientia
655 423 736 488 adeo
757 423 820 487 sibi
844 425 980 509 propria
1008 423 1125 510 pollet,
1149 439 1183 491 ut

111 508 204 574 alteri
228 506 459 570 communicari
483 516 633 589 nequeat,
649 507 729 589 quin
745 504 943 581 destruatur3
967 505 1140 590 siquidem
1156 508 1183 570 si

109 611 200 652 meae
221 589 447 673 cogitationes,
468 600 501 654 et
521 589 718 663 allectiones,
741 589 833 685 quasi
857 586 940 653 lacta
955 589 1183 652 conscientiae

110 671 273 744 aliorum,
296 669 530 746 admittantur,
553 690 625 733 mea
654 672 851 734 conscientia
873 671 1053 734 evanescit.
1082 675 1182 767 Atqui
1236 737 1237 740 ,

113 755 145 816 in
170 753 371 837 pantheismo
416 773 614 834 uaecumque
638 753 736 817 unius
758 752 896 817 subiecti
920 751 961 816 ab
980 753 1051 816 alio
1067 751 1185 817 ‹listro-
1236 795 1237 808 ,

109 835 175 899 otio
198 835 379 931 perimitur.
392 775 493 919 lego.
508 831 543 897 2⁰
567 835 764 917 Experimur
778 830 920 898 in'nobis
934 835 1073 907 amor-ia,
1101 837 1184 920 grati

111 917 226 993 animi,
248 916 436 990 aversionis,
452 915 596 1000 aliasque
610 914 796 983 huiusmodi
819 915 1020 988 affectiones,
1036 937 1129 1002 quae
1146 919 1185 981 ad

110 997 294 1063 subiectum
314 1020 331 1064 a
348 999 442 1064 nobis
457 998 644 1064 distinctum
667 997 862 1062 referuntur.
887 999 986 1083 Atqui
1009 1001 1095 1064 haec
1119 1023 1185 1064 om

111 1082 166 1144 nia
182 1079 263 1144 nihil
278 1081 310 1143 in
328 1093 496 1169 systemate
513 1081 725 1166 pantheistiro
740 1079 932 1163 significant.
949 1081 1051 1165 Ergo.
1066 1081 1106 1149 3⁰
1122 1084 1186 1146 Ex·

112 1162 259 1248 perimur
280 1162 405 1247 aliquid
427 1164 584 1237 existere,
606 1161 692 1247 quod
716 1161 809 1227 nobis
828 1185 891 1228 non
907 1163 1069 1240 inhaeret,
1094 1176 1130 1230 et
1153 1165 1182 1226 in

113 1265 169 1309 nos
190 1246 269 1328 agit,
293 1266 433 1309 nonnum
458 1266 533 1309 nam
559 1248 628 1310 sine
652 1243 757 1322 nobis,
779 1255 812 1309 et
833 1257 942 1312 contra
965 1265 1025 1309 uos
1041 1247 1066 1309 ¹.
1093 1247 1180 1329 Ergo

113 1327 177 1390 alia
199 1329 379 1391 existunto
404 1265 506 1397 nolis.
522 1339 554 1392 et
575 1347 591 1390 a
616 1328 732 1391 nostris
754 1326 980 1394 affectionibus
1002 1327 1181 1402 distincta,

111 1429 216 1493 eaque
238 1407 436 1474 substantiae
457 1421 542 1485 sunt,
565 1407 726 1492 siquidem
751 1407 844 1485 tttut,
867 1410 953 1495 quod
978 1412 1011 1474 in
1027 1411 1099 1475 alio
1121 1421 1182 1483 est,

113 1493 181 1556 sive
204 1513 267 1555 rron
289 1502 338 1556 est
358 1489 562 1566 substantia,
585 1490 710 1554 nonnisi
740 1513 800 1577 per
828 1491 933 1567 illud,
960 1493 991 1555 in
1015 1513 1086 1577 quo
1110 1504 1181 1564 est,

112 1595 229 1649 rremoe
274 1594 311 1636 er
331 1574 560 1649 substantiam,
581 1572 751 1657 quidpiam
774 1597 871 1663 agere
895 1584 1009 1658 potest.

153 1656 224 1722 236.
251 1595 406 1720 lrotaror
427 1655 525 1720 altera
551 1675 636 1740 pars.
659 1656 842 1724 Secundum
865 1657 1064 1722 Pantheismi
1092 1659 1183 1723 tlreo·

114 1739 210 1812 riam,
223 1756 335 1802 omnes
347 1737 495 1802 homines
509 1749 583 1802 sunt
599 1757 682 1802 unus
698 1739 895 1828 intelligens,
907 1751 938 1806 et
952 1739 1113 1824 quoniam
1129 1761 1186 1802 vo

115 1821 220 1886 luntas
236 1817 435 1885 intellectum
456 1821 669 1902 consequitur
690 1820 715 1895 ²,
738 1841 849 1889 omnes
871 1822 1017 1887 homines
1039 1833 1117 1886 sunt
1146 1841 1184 1886 u-

114 1923 192 1966 uum
215 1900 337 1977 valeam
359 1901 432 1965 hino
447 1922 547 1966 uuum
563 1901 732 1966 dumtaxat
746 1917 794 1970 est
808 1927 866 1970 ens
885 1903 1060 1976 intellectu,
1077 1915 1112 1968 et
1127 1927 1184 1968 vo-

117 1984 239 2049 luntate
256 1984 450 2069 praeditum,
473 2002 649 2067 omnesque
671 1983 931 2060 intellectuum,
953 1997 983 2050 et
1006 1985 1184 2051 volitiones

115 2067 275 2132 humanae
296 2064 336 2130 ad
358 2064 417 2129 hoo
440 2086 539 2129 unum
562 2066 733 2149 pertinent.
756 2071 854 2154 Atqui
877 2067 1124 2141 intellectuare,
1148 2081 1183 2134 et

116 2148 291 2213 volitiones
305 2147 473 2211 hominum
489 2157 563 2211 sunt
574 2146 732 2223 diversam
746 2149 907 2235 siquidem
922 2150 1003 2214 alter
1015 2149 1183 2234 intelligit,

117 2250 199 2315 quae
221 2249 284 2294 non
306 2248 389 2315 eg03
413 2249 475 2314 eqo
499 2229 660 2312 intelligo,
685 2251 769 2313 quae
792 2253 854 2297 non
878 2235 970 2318 ipse;
993 2232 1074 2295 alter
1097 2231 1181 2302 vult,

116 2333 201 2398 quae
224 2335 286 2377 non
309 2332 381 2408 eg03
405 2331 467 2395 ego
489 2310 572 2387 volo,
618 2332 679 2376 uae
702 2313 781 2380 alter
804 2337 866 2379 non
889 2315 970 2390 vult;
991 2335 1075 2398 quae
1100 2313 1182 2376 milri

118 2407 222 2478 grata,
247 2395 309 2479 ipsi
333 2403 458 2478 ingrata
481 2402 564 2456 sunt:
589 2415 607 2458 a
633 2393 765 2460 surdum
782 2411 890 2462 autem
906 2407 953 2461 est
969 2395 1090 2460 nullam
1112 2415 1183 2458 esse

118 2481 200 2543 iuter
221 2477 358 2541 homines
380 2473 585 2620 efferentium
602 2477 635 2540 in
650 2477 704 2550 iis,
728 2478 904 2546 secuudum
926 2499 1010 2563 quae
1033 2479 1183 2543 homiues

119 2561 368 2642 diversificantur
449 2556 582 2620 invicem
598 2559 621 2621 ³.
646 2559 744 2643 Erga.

159 2643 230 2708 237.
253 2642 422 2707 Praeterea
445 2637 661 2733 ‹litter-entiae,
677 2661 759 2726 quae
775 2640 916 2706 diversas
931 2643 1056 2726 species
1071 2661 1182 2705 rerum

120 2726 330 2799 constituunt,
354 2736 521 2807 oppositae
546 2723 630 2786 inter
644 2743 676 2786 se
690 2735 775 2797 suot,
800 2737 875 2810 puta
899 2725 1054 2798 extensio,
1076 2735 1111 2788 et
1131 2742 1183 2786 ro-

121 2806 246 2891 gitatim
268 2811 491 2891 quapropter,
514 2803 773 2871 Pantheistarum
796 2808 951 2873 sententia
973 2805 1125 2879 admissa,
1147 2803 1181 2866 in

122 2889 220 2953 unico
242 2887 354 2952 eodem
377 2882 523 2952 subiecto
552 2889 693 2972 oppositi
721 2887 833 2968 modi,
857 2889 904 2954 vel
927 2888 1096 2985 oppositae.
1120 2905 1184 2950 ma-

122 2971 352 3119 qilestalqioneq
373 2967 471 3032 simul
499 2979 584 3034 stare
606 2968 772 3038 deberent.
796 2974 895 3058 Atqui
923 2973 968 3036 ml
993 2971 1051 3038 hoc
1074 2967 1185 3034 absur-

92 3066 96 3074 '
148 3076 210 3118 tus.
265 3072 363 3138 rgo.

508 3206 836 3223 m

163 3300 169 3333 ¹
192 3293 227 3348 Cl
243 3297 384 3354 (atterrat,
405 3309 431 3345 e.
455 3293 499 3353 ΙΙΙ,
520 3310 546 3344 a.
566 3295 595 3353 2,
616 3311 643 3356 p.
666 3295 785 3346 ata-m
804 3295 857 3346 vol.
881 3294 900 3345 l.

160 3364 227 3418 ²Ct
244 3370 370 3432 liquam..
390 3379 417 3416 o.
438 3365 470 3422 V,
490 3371 598 3431 porum,
621 3369 673 3418 rol.
697 3367 715 3416 l.

160 3435 170 3470 ³
192 3435 227 3488 Ct
242 3451 264 3486 a.
286 3434 393 3495 Tuom..
416 3441 455 3489 Do
472 3443 538 3489 unit.
559 3441 654 3498 trualt.¹
677 3446 703 3489 et
724 3437 744 3498 l,
765 3454 793 3503 q.
809 3436 912 3497 lxxv,
933 3453 958 3490 a.
980 3439 995 3490 ἲ
1016 3455 1041 3491 e.

160 3507 171 3542 ⁴
190 3505 242 3556 Noa
262 3520 314 3558 non
334 3509 400 3558 tatot
420 3509 585 3559 Panthetstar
604 3511 734 3561 entitatem
755 3515 827 3563 Enttr
847 3525 907 3562 corn
936 3515 1064 3564 varietate
1083 3528 1183 3572 rerum,

125 3576 202 3625 nobie
218 3579 243 3626 tn
264 3577 314 3628 hoo
334 3581 433 3629 mutulo
451 3583 671 3642 occurrentium,
690 3597 850 3645 componere
876 3585 1014 3642 rotantes,
1035 3592 1183 3637 autumem

123 3646 189 3695 illud
210 3650 319 3699 unicum
338 3648 393 3703 lim
412 3665 469 3703 emo
489 3654 734 3714 indeterminatum,
755 3663 781 3706 et
802 3657 975 3716 iltimttatntn,
1003 3663 1084 3723 atque
1102 3673 1131 3712 te
1150 3663 1184 3726 ite
