2475 3909
137 166 197 234 tot
500 191 772 243 smasorosours

95 289 191 367 saepe
214 269 369 351 diximus,
386 273 540 360 speeiem,
555 297 611 342 seu
634 287 781 344 naturam
805 280 962 366 cuiusque
984 284 1031 348 rei
1055 281 1162 348 deter-

96 365 207 448 minat.
230 356 329 439 Atqui
354 368 469 422 natura
498 360 659 443 cuiusque
680 362 728 425 rei
758 359 799 424 ab
821 364 892 428 eius
915 363 1164 449 operationibus

97 431 310 519 dignoscitur.
328 439 416 524 Ergo
438 441 472 504 in
494 443 675 527 composito
698 440 913 519 substantiali,
928 444 1014 529 quod
1037 445 1164 511 dicitur

95 513 197 595 domo,
222 520 326 584 forma
348 542 385 585 ea
408 541 476 586 esse
497 522 611 599 debet,
633 544 715 608 quae
740 523 826 588 illius
849 526 1088 611 operationibus
1111 549 1163 592 re·

95 598 242 683 spondet.
259 604 358 687 Atqui
380 605 585 688 operationes
607 608 759 692 propriae
781 606 919 671 bominis
941 621 1014 674 sunt
1035 610 1163 675 intelle-

94 681 220 759 ctivae,
243 684 318 768 quia
342 706 400 770 per
420 685 477 750 bas
497 707 514 751 a
536 689 652 752 ceteris
673 688 771 753 rebus
792 687 1046 756 discriminatur.
1070 693 1162 779 Ergo

94 764 201 829 anima
223 765 418 832 intellectiva
440 779 488 834 est
510 770 643 855 propria
665 769 805 835 bominis
826 769 966 835 forma‘.

193 889 259 968 Aeg.
278 889 310 942 ll.
323 889 497 944 -llonnolls
516 896 587 945 siros
606 897 729 948 eamdem
749 897 880 948 theoriam
900 901 1061 951 adnotantur

132 1005 184 1070 21.
208 1004 258 1069 Ad
277 1006 362 1080 eius,
384 1025 482 1090 quam
502 1006 730 1090 exposuimus,
755 1006 898 1072 theoriae
922 1009 1079 1072 maiorem
1103 1031 1163 1073 ex-

93 1087 328 1173 planationem,
350 1086 428 1152 baec
452 1086 512 1151 tria
534 1100 640 1152 mente
662 1088 843 1154 recolemus
864 1102 1008 1176 oportet:

134 1169 260 1233 Horum
281 1170 422 1253 primum
444 1179 510 1244 est,
532 1169 673 1234 animam
695 1171 887 1235 rationalem
908 1193 970 1236 non
994 1191 1084 1257 posse
1109 1173 1162 1237 in-

93 1249 236 1316 formare
257 1269 387 1337 eorpus,
410 1259 507 1336 prout
527 1261 575 1315 est
595 1253 773 1329 rationalis,
793 1252 871 1336 quia
894 1254 975 1338 ipsa,
997 1265 1095 1337 prout
1110 1267 1163 1320 est

92 1332 283 1409 rationalis,
306 1347 456 1412 naturam
479 1333 632 1397 materiae
659 1334 753 1420 longe
776 1335 1032 1419 supergreditur.
1056 1337 1160 1413 llina,

91 1435 166 1478 oum
186 1414 308 1481 dicitnr
332 1416 472 1479 animam
493 1414 682 1480 rationalem
708 1435 778 1480 esse
800 1415 939 1480 formam
963 1415 1163 1482 substantia-

91 1495 157 1561 lem
176 1498 345 1584 corporis,
367 1496 427 1562 boc
450 1495 693 1581 intelligendum
716 1507 785 1576 est,
809 1519 827 1561 s
849 1499 1024 1564 secundum
1051 1519 1162 1564 essen·

91 1579 171 1646 tiam
185 1581 311 1646 animae
327 1578 569 1654 intellectualis,
586 1590 771 1647 nontamen
793 1580 970 1647 secundum
995 1583 1163 1665 operatio-

91 1681 168 1725 nem
190 1660 467 1728 intellectualem²
483 1683 513 1737 a,
528 1672 728 1807 quapropter
742 1686 759 1724 o
774 1663 854 1726 unio
877 1663 1005 1727 animae
1024 1661 1063 1726 ad
1084 1684 1163 1729 eor-

91 1761 152 1828 pus
180 1764 243 1808 non
266 1744 422 1830 pertingit
442 1762 584 1827 usquea
634 1744 856 1828 operationem
884 1742 1088 1810 intellectus²
1105 1767 1138 1809 n.

130 1825 182 1890 22.
207 1825 354 1891 Alterum
375 1837 440 1897 est,
463 1825 601 1889 animam
627 1825 820 1902 humanam,
843 1845 935 1890 secus
956 1846 993 1890 ac
1013 1829 1163 1892 animam

89 1905 285 1987 belluinam,
310 1911 356 1974 ita
377 1905 553 1972 informare
574 1926 715 1992 eorpus,
736 1917 774 1973 ut
793 1927 853 1993 per
873 1927 923 1985 se,
944 1917 977 1973 et
997 1908 1063 1973 sine
1083 1928 1164 1974 eor-

89 2007 169 2076 pore
189 1991 330 2056 existere
351 1988 467 2064 valeat,
490 1990 569 2065 sire,
583 2003 622 2056 nt
642 1989 775 2056 Scholae
797 1990 905 2066 aiunt,
928 2010 995 2054 esse
1016 1990 1163 2055 sormam

89 2073 331 2138 substantialem
359 2071 569 2136 mirisuidam
585 2073 611 2136 ⁴.
635 2073 677 2137 Et
697 2092 794 2147 sane,
818 2071 845 2135 si
867 2073 975 2136 anima
1000 2071 1160 2148 bumana,

89 2153 267 2220 secundnm
303 2152 415 2220 uidem
435 2172 531 2219 suum
550 2175 623 2232 esse,
639 2151 773 2218 sednon
788 2153 966 2219 secundum
984 2173 1074 2219 suam
1089 2157 1164 2220 vir-

87 2245 192 2302 tutem
207 2175 310 2302 intelli
335 2236 410 2303 endi
431 2245 480 2301 est
500 2234 606 2300 forma
627 2237 786 2322 corporis,
810 2236 958 2320 sequitur
978 2235 1102 2321 aliquas
1124 2257 1163 2301 o·

88 2319 273 2402 perationes
294 2257 335 2386 ab
355 2338 393 2384 ea
415 2317 559 2384 exeroeri
580 2319 649 2382 sine
671 2320 801 2403 organis
826 2319 991 2404 corporeis
1006 2319 1028 2381 ⁵.
1051 2319 1162 2405 Atqui

88 2402 196 2467 anima
216 2401 355 2468 bumana
374 2420 439 2465 non
459 2411 566 2488 posset
590 2400 673 2466 ullas
699 2403 904 2486 operationes
932 2403 1002 2466 sine
1024 2403 1161 2486 organis

88 2484 253 2569 corporeis
272 2503 444 2558 exercere,
466 2482 494 2548 si
515 2503 579 2548 esse
598 2484 670 2548 eius
691 2502 709 2546 a
731 2501 865 2569 corpore
886 2483 1018 2548 omnino
1038 2482 1162 2567 pende-

88 2576 148 2633 ret.
170 2568 257 2651 Ergo
278 2569 385 2632 anima
406 2566 546 2631 bumana
567 2566 614 2630 ite
635 2563 792 2632 inlormat
812 2583 949 2650 eorpus,
970 2574 1008 2630 ut
1028 2585 1085 2652 per
1107 2585 1159 2644 se,

89 2660 122 2715 et
143 2649 211 2714 sine
233 2669 368 2736 corpore
390 2649 529 2714 existere
550 2649 666 2713 valeat.

127 2731 179 2798 23.
202 2730 351 2798 Tertium
370 2740 434 2808 est,
456 2729 544 2817 qnod
569 2732 700 2806 anima,
722 2729 782 2798 etsi
804 2732 847 2796 sit
868 2725 973 2797 forma
993 2729 1158 2815 corporis,

89 2823 199 2880 tamen
219 2815 424 2900 operationes
451 2811 653 2898 intelligendi
678 2833 829 2878 exercere
856 2822 971 2961 potest.
995 2835 1013 2875 (ι
1035 2813 1160 2879 Secun-

88 2893 168 2959 dum
189 2897 362 2962 essentiam
383 2894 516 2983 quidem
537 2916 630 2960 suam
653 2897 772 2979 lanima
792 2897 854 2961 ints
867 2894 990 2978 lectioni
1007 2893 1062 2961 dat
1082 2913 1157 2960 esse

477 3037 807 3056 m

123 3089 134 3128 ί
154 3087 176 3147 l,
218 3125 224 3138 .
245 3092 272 3137 et
291 3101 318 3137 s.
337 3087 398 3137 oltt.
418 3101 445 3137 o.

121 3161 135 3199 ²
154 3102 313 3227 dedispp„
328 3173 405 3223 qma.
421 3161 460 3209 Ds
474 3159 578 3215 ssim..
591 3159 638 3208 s.'l
651 3159 685 3209 ad
700 3154 1154 3218 ηε(οοηεν.θωε.,1ίιι.1ν,ο.35.

122 3233 203 3298 θος.
223 3235 321 3297 dispp„
343 3234 382 3282 Ds
405 3233 476 3286 Vsr„
496 3243 524 3293 tt.
544 3227 616 3286 Xlll.
637 3245 664 3280 a.
682 3232 699 3281 l
718 3245 744 3282 c.

123 3303 134 3342 ⁸
153 3303 288 3370 Quaenam
307 3307 342 3353 stt
361 3301 446 3354 torma
469 3302 648 3353 substantiatis
667 3305 832 3365 subsistens,
850 3304 1041 3368 explimrimns
1059 3305 1086 3354 ln
1107 3305 1157 3356 Go-

87 3379 224 3440 smolopta,
244 3391 270 3425 o.
289 3371 324 3434 v,
344 3389 370 3425 s.
392 3375 419 3433 3,
440 3389 467 3438 p.
490 3373 619 3426 stt-138.

125 3445 317 3511 ³·Qnsmrls
340 3459 399 3497 ssss
424 3449 530 3496 sntmse
554 3449 588 3497 sit
613 3448 808 3512 quodammodo
827 3452 964 3515 corporis,
990 3462 1043 3500 non
1061 3452 1155 3498 tamen

89 3530 188 3580 corpus
206 3521 310 3582 attingit
328 3519 361 3570 sd
379 3531 438 3568 esse
457 3521 561 3570 sntmse
580 3521 793 3588 partistpsntum
809 3524 954 3575 seeundum
973 3527 1056 3573 totam
1075 3533 1154 3572 susm

88 3589 269 3642 nabilitatem.
289 3595 316 3638 et
336 3593 472 3641 virtutem:
492 3597 520 3641 et
539 3592 598 3640 ideo
616 3599 657 3642 est
676 3597 763 3660 sthua
784 3599 903 3660 operatio
922 3596 1037 3653 animae,
1057 3595 1085 3643 ts
1101 3607 1154 3658 pun

164 3663 346 3711 communicat
364 3676 462 3726 eorpus
484 3681 508 3724 s,
531 3666 580 3729 Op.
599 3668 656 3728 cit,
680 3671 719 3720 lle
736 3673 839 3731 daim„
858 3685 885 3721 s.
907 3670 918 3719 l
941 3669 973 3720 sd
996 3669 1037 3719 l8.
