2475 3909
123 156 183 223 186
493 174 723 225 apamienam

82 258 247 356 organica,
270 278 334 355 qua
356 261 464 356 anima
486 270 593 327 movet
611 258 651 325 de
666 260 737 327 loco
752 262 786 326 in
807 260 916 327 locum
932 250 1061 352 corpus,
1077 285 1153 329 sum

81 362 149 427 qun
172 359 241 425 apsa
263 350 484 425 coniungatur.

212 467 280 522 Aer.
294 467 315 519 l.
327 465 509 533 -Quodnam
522 472 558 520 sit
569 472 731 534 principium
751 478 874 524 motuum
893 474 1017 524 localium

120 579 194 645 250.
218 579 396 645 Facultatis
417 577 637 644 locomotrieis
659 578 832 645 existentia
853 578 1067 647 demonstrari
1087 603 1152 648 non

81 670 200 748 potest,
225 661 289 725 nisi
312 664 404 747 prins
425 658 612 737 deliniatur,
635 659 797 725 undenam
820 663 1019 747 principium
1035 666 1153 731 motio·

81 764 161 809 num
184 741 338 808 localium
364 742 374 781 ¹
397 762 431 806 re
456 741 609 806 etendnm
631 742 682 807 sit.

121 825 185 887 Pro
212 874 219 887 .
245 822 290 889 1¹.
308 824 416 889 Motus
435 762 546 889 locata
568 824 628 889 soli
641 824 766 908 corpori
780 823 914 889 attribui
926 845 988 889 non
1004 838 1148 911 possunt.

124 845 281 971 Prodotor
303 907 477 991 praecipue
509 915 621 971 contra
643 906 850 983 Cartesium,
878 918 912 973 et
932 908 1147 973 Leibnitium.

80 988 189 1054 Motus
210 987 328 1053 locales
348 1000 423 1054 sunt
437 989 642 1074 operationes
657 989 778 1064 uitales,
799 998 831 1053 et
853 989 959 1053 vivan
972 1010 1041 1055 esse
1054 988 1152 1057 debet

80 1067 161 1135 illud
185 1069 410 1157 principium,
433 1090 452 1133 a
473 1090 539 1154 quo
567 1071 630 1154 ipsi
664 1081 868 1156 promanant.
891 1072 994 1167 Atqui
1016 1091 1073 1136 cor
1097 1092 1150 1149 os,

80 1163 178 1237 prout
197 1161 245 1217 est
266 1170 397 1236 corpus,
420 1170 567 1217 essenon
584 1150 1041 1248 potestprineipinmvrvens.
1090 1174 1148 1239 rgo

81 1244 187 1299 motus
209 1232 327 1297 locales
347 1232 407 1295 soli
430 1235 556 1317 corpori
581 1233 718 1299 attrihur
741 1255 802 1298 non
826 1244 970 1317 possunt.

119 1316 191 1380 251.
215 1314 323 1380 Maior
344 1315 388 1379 ita
408 1313 659 1380 demonstratur:
676 1315 888 1400 (lampertum
910 1324 958 1380 est
980 1326 1086 1381 motus
1102 1316 1149 1380 ln-

80 1397 166 1462 cales
186 1400 230 1463 ita
251 1397 412 1469 exerceri,
435 1406 472 1460 ut
492 1396 646 1461 animalia
662 1398 764 1481 seipso
779 1407 932 1475 morcant,
948 1417 1012 1461 non
1027 1397 1150 1463 ahalio

80 1491 282 1555 moveantur,
307 1479 385 1563 quia
408 1477 441 1541 in
464 1477 540 1555 illis,
564 1498 648 1562 quae
672 1479 712 1543 ab
735 1478 800 1542 alio
821 1489 1018 1553 moventur,
1041 1490 1148 1545 motus

80 1560 314 1626 determinatus
335 1578 403 1623 esse
416 1556 524 1633 debet,
539 1556 619 1621 dum
633 1582 651 1625 e
666 1560 831 1624 contrario
847 1560 966 1624 animal
981 1560 1021 1623 ad
1044 1582 1147 1625 unum

80 1642 222 1728 aliquem
243 1651 366 1711 certum
389 1649 513 1706 motum
530 1640 663 1705 localem
687 1662 748 1706 non
771 1639 1015 1719 determinatur,
1037 1641 1092 1708 sed
1108 1642 1149 1706 ad

79 1746 200 1802 unum,
223 1719 360 1809 perinde
381 1741 419 1785 ac
440 1720 480 1786 ad
504 1720 627 1798 alium,
651 1744 684 1788 se
705 1722 824 1799 habet,
846 1730 879 1787 et
900 1744 919 1786 a
942 1736 1031 1791 motu
1051 1724 1149 1789 semel

79 1808 208 1891 incepto
229 1824 355 1871 cessare
375 1804 472 1869 etiam
487 1814 592 1889 potest
611 1806 636 1868 ⁸.
653 1806 753 1890 Atqui
775 1824 825 1878 ea,
841 1825 925 1890 qnae
941 1807 975 1871 in
990 1818 1081 1873 motu
1103 1806 1151 1871 ln-

79 1890 143 1954 cali
165 1889 273 1972 seipsa
295 1897 449 1964 movent,
473 1886 674 2030 principium
696 1888 747 1950 sui
771 1896 876 1951 motus
899 1886 933 1949 in
956 1908 989 1952 se
1012 1888 1151 1954 habeant

79 1991 210 2037 necesse
232 1979 305 2045 est,
327 1968 404 2052 quia
427 1988 471 2032 nu
485 1968 516 2032 la
541 1968 688 2051 operatio
715 1966 755 2031 ab
777 1967 887 2050 aliquo
916 1970 1062 2036 subiecto
1084 1990 1151 2033 ma-

78 2075 159 2119 nare
181 2061 302 2137 potest,
325 2050 388 2113 nisi
411 2048 468 2113 fiat
489 2070 547 2133 per
562 2049 777 2146 principium,
807 2046 892 2133 quod
915 2050 949 2114 in
972 2053 1043 2136 ipso
1074 2072 1152 2138 ope-

80 2145 174 2200 rante
195 2142 253 2195 est.
282 2132 370 2215 Ergo
392 2140 546 2215 oportet,
569 2140 606 2192 ut
627 2129 745 2195 animal
770 2130 803 2193 in
826 2150 859 2193 se
881 2130 997 2198 habeat
1029 2134 1151 2220 princi-

81 2215 175 2300 pium
196 2225 328 2288 motus,
362 2233 428 2296 quo
449 2233 483 2277 se
505 2211 545 2275 de
569 2211 640 2275 loco
663 2212 696 2275 in
719 2212 827 2276 locum
860 2214 1023 2281 transfert.
1047 2216 1150 2301 Atqui

80 2295 186 2361 omnis
208 2294 366 2379 operatio,
382 2314 466 2379 quae
487 2293 523 2357 tit
544 2312 604 2377 per
627 2292 841 2377 principium,
856 2294 943 2377 quod
966 2297 999 2359 in
1021 2297 1093 2382 ipso
1115 2318 1150 2361 o·

78 2389 213 2463 perante
233 2384 306 2450 est,
329 2385 377 2439 est
398 2377 545 2458 operatio
566 2373 677 2438 vitalis
700 2374 723 2449 ¹;
749 2372 887 2458 ideoque
918 2378 1028 2442 virens
1050 2378 1150 2445 debet

80 2481 151 2525 esse
174 2457 254 2523 illud
283 2456 508 2541 principium,
532 2475 550 2518 a
593 2476 637 2519 uo
661 2468 839 2540 promanat.
862 2456 950 2541 Ergo
973 2471 1079 2525 motus
1101 2460 1149 2524 lo-

80 2543 166 2607 cales
187 2548 265 2606 sunt
285 2540 490 2625 operationes
510 2476 641 2612 alodes,
664 2546 697 2603 et
718 2537 829 2602 vivens
852 2535 947 2603 debet
967 2559 1035 2603 esse
1057 2542 1148 2626 prin-

81 2627 111 2691 ei
137 2624 216 2698 ium,
240 2640 345 2704 aquo
368 2620 430 2706 ipsi
453 2627 655 2705 promanant.

161 2705 192 2768 2.
217 2702 330 2769 Minor
351 2713 460 2767 autem
482 2698 754 2765 demonstratione
776 2718 839 2762 non
854 2697 991 2785 indiget,
1014 2703 1104 2786 qnia,
1119 2703 1148 2767 si

82 2805 211 2884 corpus,
235 2792 334 2867 prout
354 2794 404 2848 est
424 2802 555 2867 corpus,
570 2790 655 2845 esset
675 2780 797 2857 vivens,
814 2780 941 2846 nullum
965 2804 1064 2867 genus
1080 2804 1153 2849 cor·

81 2888 171 2958 ports
194 2874 300 2950 posset
313 2882 383 2927 csse
397 2884 515 2949 expers
529 2862 615 2929 ritae
629 2864 655 2938 ‘;
672 2861 705 2927 id
720 2861 808 2946 qnod
822 2874 934 2947 aperte
949 2874 998 2930 est
1020 2864 1150 2930 falsum.

121 2948 193 3014 253.
218 2948 316 3029 Prop.
338 2943 386 3008 2¹.
405 2944 608 3030 Principiam
622 2946 791 3007 motionum
808 2944 954 3008 localium
972 2957 1016 3009 ert
1030 2948 1150 3011 animo.

122 3028 291 3096 Probatur.
314 3026 518 3111 Principium
540 3026 722 3091 motionum
744 3024 907 3102 localium,
928 3028 978 3091 uti
1000 3028 1034 3091 in
1056 3048 1150 3114 prae-

80 3110 206 3180 cedenti
228 3107 452 3196 propositione
472 3118 635 3174 ostensum
657 3117 727 3184 est,
750 3106 848 3172 debet
868 3128 937 3173 esse
961 3107 1068 3187 illud,
1090 3130 1151 3195 per

118 3268 129 3305 t
148 3265 291 3326 nouenae,
309 3266 407 3330 qulbus
435 3278 533 3327 eorpus
551 3263 584 3313 de
603 3265 665 3313 loeo
684 3264 710 3313 ln
729 3264 819 3319 lanum
849 3274 1038 3338 progreditur,
1058 3277 1154 3331 looolu

81 3340 261 3406 appellantur,
281 3342 312 3388 ut
329 3337 525 3399 distlugncntnr
536 3335 569 3385 ab
587 3335 631 3394 lla,
652 3337 679 3385 ln
691 3338 787 3400 qulbus
806 3356 904 3407 eorpus
916 3347 1007 3397 locum
1028 3362 1080 3399 non
1094 3362 1156 3400 mu·

81 3419 133 3471 cat,
152 3410 301 3461 cotosmodl
320 3414 382 3459 snat
400 3409 461 3460 ltlao
480 3408 622 3465 mallones,
642 3420 712 3470 quae
730 3409 757 3460 ln
775 3424 889 3477 corporo
908 3421 1052 3482 antmalls,
1072 3426 1154 3491 prout

82 3489 122 3540 est
142 3487 277 3544 vegetans,
296 3482 433 3532 eveniunt.

119 3548 187 3604 ²Cl
202 3567 224 3603 s.
245 3550 341 3603 Tuom.
362 3556 392 3602 ln
410 3550 456 3601 lto.
481 3552 531 3601 Vll
549 3550 670 3614 Plasta,
690 3551 755 3603 leot.
777 3551 836 3610 Vll,

120 3618 187 3685 scr
201 3638 229 3693 ρ,
248 3624 294 3678 ar.
310 3621 367 3665 -t
388 3621 410 3686 ι,
429 3636 457 3695 q.
477 3618 582 3683 ttxv,
603 3634 630 3675 ι.
654 3622 664 3675 t
688 3636 714 3683 o,
