2475 3909
130 127 189 192 126
517 145 719 196 cosnoiocm

91 249 168 314 pore
191 227 323 294 animali
339 229 363 306 ¹3
386 226 421 294 2⁰
443 233 655 306 sensationes,
678 226 827 314 quamvis
846 224 1029 292 dilectiones
1049 225 1164 291 animi

90 312 191 376 nostri
206 309 280 386 sint,
298 321 403 376 tamen
425 333 488 376 non
511 334 580 377 esse
594 311 766 376 dumtaxat
779 306 902 394 aliquid
927 307 1163 385 subiectivum,

91 393 138 457 uti
162 391 369 480 Berkeleyus,
386 403 417 460 et
439 395 577 460 Humius
592 391 739 469 voluere,
756 389 810 455 sed
831 391 927 456 ctiam
942 389 1164 466 obiectivnm3

90 475 168 618 puin
184 475 216 541 in
231 473 326 540 rebus
342 474 477 542 obiectis
492 475 619 561 aliquid
642 495 755 540 revera
778 482 836 551 est,
852 471 941 558 qnod
962 472 1009 536 cis
1023 491 1167 555 respon·

114 569 157 632 et,
179 569 211 624 ct
231 557 319 642 quod
342 558 486 644 ipsarum
508 566 687 624 causaest.

489 701 670 769 CAPVT
701 701 756 767 lv.

434 839 481 904 lle
510 841 811 922 vegetabilibus

137 969 189 1035 75.
205 969 378 1054 Postquam
394 989 569 1052 corporum
584 968 652 1034 vita
666 969 844 1033 carentium
861 978 1021 1048 naturam,
1036 979 1069 1036 et
1083 991 1169 1056 pro-

96 1053 251 1138 prietates
272 1051 527 1135 exploravimus,
546 1051 709 1196 propositi
736 1051 836 1116 nostri
859 1052 942 1115 ratio
963 1053 1166 1138 expostulat,

93 1143 130 1199 ut
150 1134 190 1198 de
209 1132 402 1228 corporibus
424 1134 542 1198 viventi
569 1153 618 1207 us,
634 1153 692 1198 seu
712 1132 861 1198 animetis
883 1133 1089 1200 disseramus.
1103 1135 1166 1201 Ab

94 1215 147 1291 iis,
172 1218 206 1280 in
226 1212 347 1300 qulbus
362 1215 490 1280 infimus
513 1212 631 1298 gradus
655 1215 738 1280 vitae
762 1217 860 1300 viget,
876 1215 935 1280 hoc
955 1227 1002 1284 est
1022 1238 1041 1280 n
1062 1239 1167 1304 vege·

92 1296 258 1374 labilibus,
275 1317 329 1361 seu
345 1296 462 1381 plantis
483 1296 663 1362 ordiamur.
680 1296 844 1374 Quaenam
866 1298 934 1362 sint
952 1301 1166 1384 operationes

93 1381 308 1466 vegetativos,
330 1391 363 1446 et
384 1379 545 1465 quomodo
567 1378 634 1444 vitu
656 1381 834 1464 vegetativo
859 1376 1050 1456 delinietur,
1072 1381 1167 1448 alibi

91 1462 308 1548 explicuimus
321 1462 346 1538 ²3
369 1483 469 1546 quare
494 1462 545 1527 hic
566 1458 735 1527 dumtaxat
747 1461 972 1547 quaerendum
984 1460 1078 1528 nobis
1091 1478 1163 1542 est,

92 1558 202 1610 utrum
225 1543 422 1628 principium
440 1543 547 1619 vitale,
564 1563 619 1609 sen
641 1546 748 1608 anime
772 1544 848 1608 insit
861 1541 992 1629 plantis,
1007 1555 1050 1621 et,
1067 1546 1093 1610 si
1108 1548 1165 1612 vi-

93 1636 158 1691 tam
182 1626 298 1714 plantis
319 1626 423 1690 inesse
444 1625 676 1702 invenerimus,
691 1627 857 1690 cuiusnam
878 1626 1000 1711 speciei
1024 1628 1079 1692 itta
1100 1629 1164 1696 sit.

277 1753 343 1806 dur.
360 1754 380 1805 l.
395 1781 429 1792 -
444 1753 531 1807 Vitem
552 1756 648 1819 plenus
667 1759 752 1806 inesse
770 1755 970 1806 demonstratur

133 1863 184 1930 76.
200 1863 310 1948 Aliqui
331 1873 465 1938 veteres,
482 1860 659 1928 secundum
680 1863 891 1948 Epicuroeos,
906 1874 940 1930 et
954 1867 1088 1946 Stoicos,
1114 1883 1169 1938 at-

93 1969 157 2046 que
172 1969 235 2012 non
251 1947 345 2032 pauci
361 1956 514 2021 recentes,
527 1944 705 2010 secundum
720 1944 914 2022 Cartesinm,
928 1949 1053 2014 nullum
1062 1953 1170 2045 prin-

91 2032 217 2117 cipium
240 2028 334 2094 vitale
356 2027 475 2115 plantis
500 2027 602 2092 inesse
625 2039 780 2113 pugnent,
796 2041 891 2114 atque
905 2048 948 2092 ex
962 2030 1003 2096 iis
1016 2032 1071 2096 ulii
1086 2054 1166 2100 mo-

93 2123 157 2190 tuS,
179 2121 212 2178 et
233 2111 365 2178 ellectus
386 2109 568 2195 plantarum
590 2129 631 2174 ex
653 2107 720 2174 sola
742 2112 884 2196 partium
910 2121 1037 2178 textura
1058 2135 1168 2198 repe-

93 2206 176 2271 tunt,
201 2195 244 2260 ita
266 2205 302 2260 ut
326 2214 389 2257 non
410 2191 476 2255 alio
490 2191 677 2257 discrimine
699 2191 824 2277 plantae
840 2211 859 2254 a
873 2195 990 2258 ceteris
1010 2200 1171 2281 corpori-

93 2277 166 2355 bus,
181 2297 280 2363 qnam
295 2274 434 2350 meliori,
449 2283 481 2338 et
496 2273 651 2339 nobiliori
667 2276 809 2360 portium
821 2273 934 2340 ordine
951 2274 1165 2375 distinguan-

96 2373 148 2428 tur
163 2361 185 2438 ⁸,
210 2359 258 2424 vel
282 2378 341 2445 per
360 2358 447 2422 vires
469 2356 639 2443 physicas,
660 2367 694 2423 et
713 2356 874 2443 chymices
900 2355 970 2422 fieri
992 2358 1165 2426 arbitran-

97 2455 159 2510 tur.
184 2443 309 2508 Horum
330 2439 520 2504 sententiam
543 2442 691 2523 sequenti
715 2439 940 2523 Propositione
960 2439 1166 2510 refellimus:

135 2527 186 2591 77.
210 2523 412 2670 Principium
433 2519 537 2598 uitale,
560 2543 614 2586 seu
634 2523 739 2606 aliquo
758 2521 866 2616 animo
884 2521 1000 2617 plantis
1020 2524 1111 2588 inest.

138 2607 303 2672 Probatur.
347 2604 461 2679 tantae,
478 2604 524 2668 uti
540 2623 565 2666 s.
582 2603 784 2690 Augustinus
806 2615 923 2688 inquit,
946 2626 1010 2670 non
1031 2616 1167 2672 tontum

96 2709 135 2752 ee
158 2692 191 2754 oi
211 2690 402 2753 extrinsecus
428 2685 618 2770 impellente,
644 2685 741 2752 veluti
766 2705 836 2749 cum
858 2689 957 2750 ocutis
978 2689 1166 2771 opituletur,

96 2768 151 2836 sed
172 2793 213 2836 ex
235 2771 398 2856 principio
418 2767 482 2834 sibi
503 2769 671 2834 intrinseco
691 2778 862 2843 moueretur,
877 2789 906 2832 e.
928 2789 975 2854 g„
990 2791 1065 2835 cum
1087 2792 1171 2840 suc.

97 2875 169 2920 cum
193 2854 377 2928 attrahunt,
404 2871 470 2936 quo
498 2852 707 2928 nutriuntur,
735 2859 768 2914 et
788 2863 987 2934 augescunt,
1008 2863 1042 2918 et
1063 2851 1169 2933 lolio,

97 2937 234 3014 iunctus,
257 2935 399 3020 aliusque
420 2933 545 3019 plantus
565 2931 629 2998 sihi
651 2932 775 2998 similes
793 2930 894 3000 edunt
907 2934 932 2996 ⁸.
948 2937 1046 3020 Atqui
1070 2936 1172 3020 prin·

97 3021 222 3107 cipium
236 3022 358 3094 vivens,
376 3037 434 3082 seu
453 3018 559 3080 anima
575 3017 616 3080 iis
637 3014 799 3091 convenit,
813 3035 897 3100 qnae
917 3036 952 3081 se
974 3017 1044 3103 ipsa
1067 3016 1112 3084 ed
1127 3041 1174 3086 o-

136 3189 145 3224 ¹
165 3183 201 3239 Cl
216 3202 239 3236 s.
260 3181 414 3243 Thom.,1n
432 3181 477 3232 lib.
497 3183 537 3232 W
553 3183 637 3240 Sunt„
658 3177 724 3230 llist.
745 3172 929 3240 xntv‚q.1t,
949 3177 1006 3228 nl
1027 3179 1108 3230 soto
1123 3196 1170 3244 e.,

97 3266 123 3310 et
142 3273 169 3310 a.
188 3259 216 3319 l,
236 3261 286 3309 ecl.
309 3259 320 3306 l
342 3257 375 3308 ad
394 3257 421 3307 3.

134 3331 146 3368 ²
167 3327 202 3383 Ci
218 3333 344 3396 Byrrum„
365 3344 391 3380 c.
413 3325 446 3385 ll,
466 3341 493 3376 e.
517 3326 541 3383 i,
561 3333 588 3376 et
607 3325 636 3384 2,
657 3340 685 3388 p.
708 3319 823 3374 tos-tto
844 3323 897 3372 vol.
918 3319 939 3372 l.

135 3404 145 3441 ³
164 3401 321 3454 Praesertim
347 3397 496 3457 lamasci,
523 3399 686 3462 Philosoplr'e
707 3397 870 3460 saeuasque,
891 3399 912 3445 t.
933 3391 955 3456 l,
974 3409 1002 3461 p.
1022 3395 1070 3457 93,
1089 3393 1172 3450 Parte

101 3475 182 3531 1809.
202 3481 229 3524 et
248 3477 367 3524 Histoire
387 3473 511 3523 notnrette
534 3473 579 3522 der
597 3473 724 3522 colmere
741 3483 804 3519 eune
821 3464 955 3531 certium,
975 3473 997 3519 t.
1018 3467 1039 3532 1,
1058 3467 1170 3524 lnuod.

100 3561 127 3609 p.
150 3545 196 3600 85,
214 3545 256 3594 ed.
277 3544 304 3603 2,
328 3544 399 3596 Paris
420 3545 499 3594 1835.

138 3611 205 3665 ‘De
224 3615 287 3667 um.
310 3619 345 3668 ud
363 3619 426 3678 litt,
446 3616 492 3667 lib.
513 3611 572 3676 Vll,
592 3629 618 3666 c.
642 3614 686 3676 ld,
705 3628 733 3666 n.
754 3611 799 3663 22.
