2475 3909
476 176 729 227 carrsnrocoora
1029 157 1091 226 233

67 265 218 338 rationes,
242 260 292 329 rel
313 262 391 347 quia
411 279 472 346 pro
492 282 555 325 una
578 263 757 347 graviores,
779 281 877 345 quam
900 280 960 346 pro
982 260 1059 338 alia,
1080 281 1133 325 ra-

67 350 172 413 tiones
182 349 214 412 ei
228 353 413 411 occurrunt.
438 342 517 408 Cam
539 346 705 427 formidine
725 345 867 418 alterius,
882 344 961 426 quia
988 345 1132 409 rationes

68 430 141 495 illae
162 450 223 493 non
248 428 434 512 sufficienter
466 426 570 510 ipsam
603 438 731 494 movent
758 425 798 490 ad
821 423 1057 490 assentiendum
1081 426 1130 491 illi

68 512 283 596 propositioni
298 513 322 574 ¹.
338 511 388 576 Ex
402 529 467 594 quo
481 508 528 585 fit,
544 520 580 575 ut
594 508 807 596 probabilitas
829 508 946 583 minor,
961 506 1011 571 vel
1027 510 1133 573 maior

70 615 139 658 esse
163 595 274 679 possit,
288 603 395 680 »prout
416 590 642 677 paucioribus,
665 604 723 658 aut
745 588 936 665 levioribus,
958 589 1009 654 rel
1031 590 1139 676 pluri-⁴

68 675 155 753 bus,
178 686 234 741 aut
257 673 462 761 gravioribus
490 677 662 741 momentis
689 675 849 739 innititur.
877 670 970 747 Quod
999 674 1025 737 si
1053 672 1131 738 baec

66 768 227 853 momepta
249 757 437 824 tenuissima
464 757 539 830 sint,
562 756 774 843 probabilitas
797 757 928 842 proprie
951 754 1133 841 appellatur

65 862 105 905 aaa
158 861 215 905 cao.

105 860 308 1006 &Denique
329 920 479 984 certitudo
505 931 553 985 est
574 919 630 985 ille
654 919 752 984 animi
777 930 893 994 status,
918 922 951 983 in
972 939 1038 1003 quo
1062 920 1071 983 i
1098 941 1132 985 se

65 1003 168 1069 alicui
183 1003 403 1069 enuntiationi
424 1003 494 1067 sine
516 1002 582 1066 ulla
605 1000 826 1069 sollicitudine
848 999 1001 1067 adhaeret
1014 1005 1038 1065 ².
1081 1024 1129 1067 er-

63 1086 172 1151 titudo
194 1098 302 1151 autem
325 1095 519 1169 potestesse
544 1106 631 1162 vera,
656 1097 711 1151 aut
735 1083 825 1161 salsa,
841 1094 938 1168 prout
959 1083 1131 1163 iudicium,

66 1170 125 1233 cni
147 1170 275 1233 animus
306 1166 443 1231 fidenter
468 1166 643 1245 adhaeret,
673 1168 789 1232 estrei
813 1167 941 1233 veritati
971 1177 1133 1233 consenta-

64 1272 177 1326 neum,
202 1261 259 1315 aut
279 1248 531 1314 dissentaneum.
548 1250 643 1313 Falsa
665 1248 825 1315 certitudo
848 1269 936 1312 error
957 1249 1054 1335 vulgo
1076 1270 1134 1313 au·

65 1331 131 1409 dit3
152 1353 252 1417 quare
273 1352 367 1397 error
387 1329 516 1396 deliniri
541 1342 656 1416 potest:
679 1332 781 1395 animi
800 1341 915 1406 statas,
938 1332 973 1394 ia
993 1354 1051 1418 qno
1067 1335 1132 1416 ipse

64 1427 149 1478 certa
166 1415 356 1498 prmtaaciat
376 1413 501 1499 aliquod
522 1414 679 1478 indiciam
702 1416 749 1479 rei
764 1414 890 1477 ceritati
916 1416 1042 1479 minime
1064 1436 1132 1479 con·

64 1505 256 1560 aentaaeaeen.

106 1580 140 1647 8.
163 1577 386 1663 Distinguitur
411 1588 520 1643 autem
542 1576 702 1643 certitudo
724 1580 757 1642 in
780 1577 1032 1675 metapbqsieam,
1052 1577 1134 1662 piaq-

64 1660 179 1738 aicam,
193 1670 225 1725 et
240 1660 398 1725 moralem
412 1659 630 1746 Metapbysica
644 1658 805 1725 certitudo
816 1672 940 1736 existit,
956 1682 1030 1727 cum
1045 1682 1133 1725 men-

64 1744 110 1806 tis
133 1762 281 1807 assensus
300 1743 334 1806 in
356 1761 466 1807 rerum
488 1743 628 1808 essentia
651 1741 817 1807 fundatur.
842 1742 888 1807 lta
913 1743 1130 1831 metaphysica

64 1835 194 1888 certum
214 1832 263 1887 est
282 1823 393 1889 radios
414 1821 529 1887 circuli
549 1843 567 1886 a
587 1836 698 1890 centro
720 1823 759 1888 ad
783 1826 851 1909 peri
878 1824 998 1890 beriam
1020 1824 1132 1891 ductos

64 1926 138 1971 esse
159 1906 331 1990 aequales,
353 1905 431 1991 quia
460 1902 642 1972 intellectus
670 1926 744 1990 pers
770 1906 826 1972 icit
852 1844 932 1973 banc
954 1908 1133 1993 proprieta-

64 2000 135 2053 tem
156 1985 271 2051 cireuli
293 1988 334 2052 ab
354 1988 425 2053 eius
446 1989 586 2051 essentia
613 1986 724 2053 liuere.
747 1926 881 2076 bbysica
904 2009 980 2053 vero
1002 1992 1132 2055 certitu·
1194 2032 1199 2043 -

63 2069 109 2134 do
132 2068 290 2148 babetur,
318 2091 393 2135 cum
419 2088 566 2133 assensus
594 2070 876 2137 mentisinnititur
890 2072 1065 2137 constantia
1087 2071 1131 2136 le·
1212 2094 1218 2099 ·

65 2172 147 2236 gum
170 2162 315 2230 naturae,
331 2150 377 2218 vel
402 2150 543 2235 simplici
568 2150 645 2218 iacti
667 2151 901 2219 observatione.
925 2154 961 2218 E.
988 2176 1032 2240 g„
1055 2154 1132 2241 pby-

64 2234 134 2297 sice
161 2243 286 2298 certum
315 2243 363 2301 est
383 2234 491 2297 omnia
517 2253 654 2318 corpora
676 2233 715 2298 ad
738 2247 884 2303 centrum
913 2246 1015 2300 terrae
1038 2233 1130 2313 lerri,

64 2317 146 2399 quia
169 2312 203 2379 id
225 2314 410 2403 colligitur,
434 2334 495 2397 ope
518 2313 738 2393 inductionis,
761 2341 803 2383 ex
825 2319 1000 2383 constantia
1022 2316 1131 2413 lequm

64 2408 217 2473 naturae,
240 2399 382 2484 itemque
408 2409 531 2463 certum
552 2410 602 2464 est
622 2419 759 2495 corpoqa
781 2402 939 2475 existere,
962 2399 1039 2495 quia
1061 2420 1130 2485 ipsa

63 2500 127 2565 per
141 2477 363 2545 immediatam
384 2478 621 2562 experientiam
646 2482 883 2567 percipiuntur.
901 2480 1049 2569 Demque
1065 2502 1131 2545 me
1231 2502 1237 2508 ·

64 2563 148 2627 ralis
169 2560 330 2627 certitudo
356 2562 540 2637 obtinetur,
563 2582 638 2627 cum
661 2584 808 2627 assensus
836 2566 951 2628 mentis
975 2562 1132 2628 fundatur

65 2646 100 2711 in
123 2643 294 2709 bominum
320 2644 504 2709 testimonio
517 2691 526 2722 ,
549 2664 586 2708 ac
607 2644 743 2729 proinde
772 2646 805 2709 in
833 2643 982 2733 legibus,
1010 2644 1131 2730 quibus

425 2788 739 2809 a--nn—-w-

104 2858 112 2893 ¹
140 2857 218 2913 ibid..
238 2870 265 2921 q.
287 2854 308 2913 l,
327 2870 354 2905 a.
375 2857 392 2907 i
411 2870 437 2907 e.

101 2928 115 2963 ²
135 2931 166 2977 ln
184 2929 229 2979 lib.
250 2931 289 2979 lli
306 2926 389 2986 sene,
409 2926 474 2979 [list.
496 2924 591 2987 xxvi,
611 2943 639 2993 q.
662 2928 702 2987 ll,
722 2942 748 2978 a.
770 2930 787 2979 i
806 2932 854 2980 rol.
872 2926 1007 2979 Advortite
1039 2938 1130 2982 contra

64 3006 213 3052 assertores
232 3002 326 3052 calculi
348 3002 572 3065 probabilitatem,
601 3014 676 3064 posse
703 3001 914 3064 probabilitatem
941 3004 973 3051 ad
994 3006 1131 3054 certitudi-

65 3088 127 3125 nem
149 3073 232 3135 magia
251 3075 370 3123 minusve
389 3074 532 3129 accedere,
553 3074 598 3123 sed
618 3086 765 3137 numquam
791 3074 863 3124 illam
884 3077 1000 3139 assequi.
1022 3074 1130 3127 Etenim

63 3152 154 3198 totum
173 3145 315 3208 quodpiam
334 3144 428 3195 munci
448 3145 538 3208 nequit
557 3160 589 3195 ex
602 3148 731 3207 partibus,
752 3156 821 3211 quaa
841 3148 969 3204 diversae,
984 3162 1016 3197 aa
1029 3149 1128 3212 ipsum,

64 3226 179 3271 mturae
198 3222 268 3273 sunta
282 3219 412 3283 alqiddam
431 3218 554 3268 collectio
572 3217 676 3269 effluere
697 3232 747 3268 non
769 3225 864 3281 potest,
886 3226 914 3269 nt
935 3225 1131 3282 partes'natura

64 3307 112 3342 sna
134 3290 310 3351 expoliantur.
331 3289 581 3347 disertitudinem,
601 3296 628 3339 et
648 3292 859 3353 probabilitatem
880 3293 999 3342 diversae
1019 3300 1131 3343 naturae

64 3378 123 3415 esre
144 3361 313 3412 manifestum
339 3370 398 3421 est,
419 3376 534 3427 namque
558 3365 690 3413 certitudo
708 3376 815 3414 omnem
836 3364 1026 3414 dubitationem
1048 3365 1128 3424 tollit,

65 3435 281 3499 probabilitatem
299 3440 390 3485 autem
415 3436 503 3500 aliqua
529 3434 658 3486 dubitatio
683 3450 787 3497 semper
806 3439 961 3487 comitatur.
981 3433 1132 3500 Quaecum-

64 3524 118 3573 que
139 3508 218 3571 igitur
237 3509 272 3557 ait
290 3507 470 3569 probabilitas,
491 3511 519 3556 et
537 3522 677 3573 quousque
696 3510 752 3559 eius
765 3511 860 3572 gradus
879 3513 1038 3573 augeantur,
1052 3524 1131 3560 num·

64 3595 147 3647 qnam
165 3582 193 3629 in
211 3580 397 3630 certitudinem
421 3580 534 3631 eradere
554 3586 659 3642 potest,
682 3582 729 3632 nisi
750 3587 871 3633 naturam
892 3594 968 3633 auam
987 3588 1076 3636 exuat.
1098 3578 1135 3637 ci

64 3670 88 3708 a,
109 3650 216 3712 iiam,
238 3656 269 3705 la
288 3653 333 3703 tit.
355 3656 367 3703 i
386 3654 498 3712 Foster„
518 3653 581 3705 leel.
603 3650 623 3704 i.
