2475 3909
155 137 214 201 170
523 156 753 204 naamitarum

102 259 234 314 cemus,
256 236 366 303 haberi
389 259 453 302 non
476 251 581 325 potest
608 240 678 304 sine
708 235 913 337 praecedenti
942 237 1178 304 consultatione

103 316 297 385 intellectus.
322 322 421 403 Atqui
445 320 523 385 haec
546 319 741 388 consultatio
767 320 950 386 intellectus
972 341 990 383 a
1013 322 1187 386 volantate-

106 398 298 485 imperatur.
323 403 410 487 Ergo
432 403 578 470 voluntas
600 414 660 478 est,
683 424 723 467 ex
746 424 809 488 qua
832 404 919 468 actio
940 404 1028 466 circa
1048 401 1181 468 electio-

105 501 182 545 nem
204 483 386 548 mediorum
408 484 581 550 exordium
606 484 725 565 habet,
748 506 787 549 ac
810 485 946 583 proinde
975 483 1115 627 seipsam
1138 485 1181 548 ad

103 582 154 638 ca,
178 585 253 648 quoe
273 573 346 628 auat
367 567 408 629 od
427 567 530 649 finem,
554 588 684 632 movere
699 571 770 633 iure
785 567 918 631 ducitur.
935 589 953 629 a
969 568 1019 630 Vo
1034 576 1180 629 natatem

103 646 287 729 accipiendi
316 650 483 731 potionem
513 649 678 735 praecedit
710 649 898 723 consilium,
928 647 1015 733 quod
1044 645 1178 731 quidem

106 726 257 809 procedit
280 748 321 790 ex
342 726 508 795 voluntate
530 730 667 797 volentis
688 731 852 796 consiliari
868 730 878 767 ¹
893 754 921 792 a.

145 808 219 873 208.
245 808 408 873 Probatur
428 811 464 875 2¹
487 832 573 897 pars.
598 812 757 878 Voluntas
783 832 846 876 non
874 830 1002 896 semper
1028 818 1102 879 actu
1130 810 1180 871 ia-

105 886 209 953 tendit
232 890 265 953 in
287 889 428 977 aliquem
451 892 564 971 finem,
587 916 615 957 e.
642 916 687 979 g,
710 896 901 971 sanitatem,
925 912 1028 977 neque
1050 910 1181 983 semper

104 978 180 1036 actu
203 972 274 1036 ruit
295 982 334 1037 ut
354 975 537 1041 intellectus
557 977 825 1041 consultationem
847 976 934 1039 circa
957 972 1064 1038 media
1088 974 1183 1034 insti-

105 1062 187 1117 tuat.
211 1053 309 1137 Atqui
328 1078 346 1117 a
363 1056 443 1121 iilud
467 1079 578 1143 agens,
593 1058 680 1144 quod
703 1056 896 1143 quandoque
911 1056 1008 1120 estin
1024 1053 1181 1139 potentia,

105 1143 138 1198 et
151 1134 348 1219 quandoque
364 1139 397 1202 in
413 1149 500 1215 actu,
513 1140 638 1225 indiget
650 1140 775 1204 moveri
790 1139 831 1203 ab
846 1138 956 1223 aliquo
971 1144 1118 1201 movente
1130 1135 1179 1198 ²».

106 1216 194 1300 Ergo
216 1217 365 1284 rolurrtas
387 1220 496 1305 aliquo
519 1234 666 1287 movente
690 1221 836 1305 indiget,
860 1230 895 1285 ut
918 1218 1061 1305 primum
1083 1236 1182 1279 suum

106 1309 214 1363 actum
237 1311 368 1375 exerat,
390 1322 457 1385 quo
481 1304 660 1387 in=aliquid
683 1303 850 1369 intendere
873 1301 1026 1445 incipiat,
1048 1308 1080 1363 ct
1100 1297 1185 1362 velit

106 1400 302 1462 cognoscere
324 1406 365 1446 cx
387 1385 524 1448 consilio
539 1386 721 1451 intellectus
734 1385 841 1451 media
858 1382 897 1447 ad
914 1383 936 1446 il
952 1380 993 1445 ud
1009 1399 1184 1463 assequen-

105 1458 196 1524 dum.
213 1464 312 1546 Atqui
337 1465 396 1529 hoc
419 1488 552 1531 movens
573 1488 637 1531 non
663 1478 848 1553 potestesse
863 1467 932 1547 ipsa
947 1462 1107 1535 voluntas,
1122 1459 1182 1523 sed

105 1540 202 1607 debet
222 1564 291 1609 csse
316 1547 448 1631 aliquod
463 1568 561 1633 agens
576 1552 809 1623 extrinsecum,
827 1560 859 1613 et
873 1548 931 1611 hoc
947 1564 1045 1629 agens
1059 1543 1185 1607 extrin-

105 1645 215 1689 secum
239 1647 301 1690 non
325 1628 386 1692 nisi
411 1629 498 1692 Deus
519 1650 589 1694 csse
613 1640 728 1715 potest.
752 1632 852 1715 Ergo.

154 1706 226 1771 209.
253 1708 360 1773 Huius
385 1711 521 1773 minaria
545 1714 668 1778 veritas
693 1714 736 1777 ita
763 1711 1018 1777 demonstratur:
1043 1703 1184 1769 1⁰1ttud

107 1808 240 1851 movens
261 1810 325 1853 non
348 1802 454 1888 potest
474 1814 543 1857 essa
563 1796 634 1879 ipsa
657 1796 817 1859 voluntas.
840 1794 997 1866 Etanna,
1024 1786 1184 1872 'quemad—

107 1868 240 1933 modum
262 1892 305 1935 ex
327 1872 424 1939 dictis
446 1886 584 1952 constat,
608 1886 704 1941 etex
726 1872 870 1939 dicendis
896 1872 1017 1935 clarius
1044 1867 1182 1955 patebit,

107 1962 198 2017 actus
219 1953 396 2019 voluntatis
417 1957 486 2021 sine
509 1959 642 2044 praevia
665 1956 899 2021 consultatione
926 1952 1124 2025 intellectus,
1147 1961 1183 2014 et

108 2032 186 2096 haec
214 2037 409 2103 consultatio
436 2038 504 2102 sine
534 2040 598 2102 alia
629 2040 759 2123 praevia
792 2037 947 2101 volitione
976 2034 1086 2099 haberi
1117 2051 1183 2095 non

106 2124 222 2197 polest.
246 2116 467 2203 Quapropter,
490 2122 517 2183 si
539 2120 687 2185 voluntas
702 2120 740 2183 ad
757 2120 900 2205 primurn
918 2127 1024 2179 actum
1040 2116 1182 2200 seipsam

106 2208 265 2273 moveret,
287 2198 363 2262 haec
387 2200 501 2265 volitio
515 2203 680 2287 praeviam
702 2201 969 2266 consultationem
986 2195 1183 2269 intellectus,

105 2278 230 2342 ethaeo
246 2282 440 2347 consultatio
456 2283 554 2347 aliam
569 2283 758 2348 volitionem
774 2282 1004 2367 expostularet,
1021 2287 1052 2343 et
1068 2296 1182 2340 rarrsus

107 2357 185 2423 haec
207 2360 270 2424 alia
293 2361 407 2427 volitio
429 2363 525 2427 aliam
553 2365 844 2438 consultationem,
866 2362 998 2426 ethaeo
1020 2359 1082 2423 alia
1105 2377 1182 2421 con-

106 2441 237 2508 sultatio
258 2442 356 2509 aliam
380 2444 586 2522 volitionem,
609 2456 640 2511 ct
662 2448 709 2509 sic
732 2446 902 2529 deinceps,
925 2446 968 2508 ita
991 2452 1027 2508 ut
1052 2438 1180 2504 infinita

107 2524 209 2588 serios
231 2525 514 2599 consultationum,
535 2538 630 2612 atque
655 2528 848 2591 volitionem
869 2522 1067 2589 admittenda
1083 2530 1178 2585 esset.

107 2606 208 2689 Atqui
232 2605 264 2669 id
287 2605 525 2691 perabsurdum
548 2623 607 2683 est,
631 2611 708 2707 quia
732 2610 821 2672 notio
842 2607 938 2671 seriei
964 2604 1108 2669 infinitae
1128 2623 1182 2666 re-

107 2696 241 2770 pugnat.
258 2688 346 2772 Ergo
367 2688 515 2754 voluntas
536 2690 575 2753 ad
602 2712 742 2775 primurn
758 2699 864 2754 actum
881 2689 921 2752 ab
937 2688 1047 2771 aliquo
1063 2694 1180 2768 agente

107 2769 291 2832 extrinseco
313 2779 463 2834 movetur
474 2774 496 2832 ⁸.
512 2770 548 2834 2⁰
571 2774 641 2836 lloc
655 2792 753 2857 agens
772 2771 1006 2843 extrinsecum,
1022 2766 1109 2853 quod
1124 2786 1182 2829 vo-

107 2847 263 2914 luntatem
280 2849 319 2913 ad
337 2852 480 2933 primum
500 2863 606 2917 actum
629 2863 747 2927 moret,
766 2852 906 2915 nonnisi
924 2848 1011 2915 Deus
1025 2870 1093 2913 csse
1132 2858 1182 2911 ot-

108 2939 168 2994 est.
192 2931 234 2993 Et
254 2950 341 3005 sane,
362 2955 379 2990 a
396 2935 544 3017 operatio
565 2935 741 3001 voluntatis
762 2942 810 2998 est
831 2932 999 2996 inclinatio
1021 2868 1180 3014 quaedam

108 3011 247 3075 volentis
269 3013 303 3075 in
327 3012 473 3077 volitum.
498 3015 589 3079 Hanc
611 3026 720 3081 autem
749 3014 992 3079 inclinationem
1015 3009 1101 3075 solus
1124 3009 1181 3073 ille

108 3092 281 3156 immutare
303 3102 421 3176 potest,
437 3096 493 3179 qui
518 3095 670 3162 virtutem
694 3094 821 3160 volendi
845 3105 1014 3158 creaturae
1028 3090 1180 3165 contulit;

108 3174 192 3239 sicat
212 3182 245 3238 et
265 3174 445 3239 naturalem
469 3176 711 3243 inclinationem
732 3177 836 3243 solum
858 3173 937 3239 illud
961 3192 1060 3258 agens
1074 3182 1183 3258 potest

108 3264 250 3345 mutare,
271 3254 359 3339 quod
381 3265 486 3341 potest
507 3255 585 3322 dara
604 3260 772 3335 virtutem,
787 3278 884 3343 quam
900 3254 1111 3338 consequitur
1129 3254 1181 3318 ia-

498 3428 826 3444 ψ

145 3521 154 3556 ¹
176 3524 224 3583 oq.
244 3523 343 3583 chapp..
363 3522 402 3571 Da
419 3522 500 3580 malo,
521 3522 574 3571 loc.
594 3520 696 3571 att-²
720 3520 814 3583 1⁸2⁹&
834 3538 861 3597 q.
884 3519 929 3582 tx,
950 3535 977 3574 a.
997 3524 1015 3579 l
1034 3536 1061 3577 a.

145 3591 224 3666 qu.
245 3594 342 3658 acspp,
365 3596 403 3647 lle
421 3594 501 3655 mulo,
523 3593 576 3646 loc.
596 3594 644 3649 cit·
