2475 3909
162 152 224 218 tlt
452 173 638 222 insonnem
662 145 849 220 nirvnanrs

123 257 282 322 essentiae
304 278 393 334 suae,
408 257 463 323 sed
478 261 556 343 quia
579 259 790 325 similitudine
814 256 950 322 Divinae
978 255 1146 320 Bonitatis
1166 255 1193 317 in

123 359 191 403 esse
214 340 466 417 constituuntur,
489 341 665 406 secundum
688 363 784 426 quarn
799 362 862 405 non
878 338 1025 425 perfecte
1039 337 1193 401 Divinam

126 421 305 486 Bonitatem
331 423 509 500 imitantur,
532 424 586 489 sed
608 445 650 488 ex
673 424 785 521 parte¹
811 445 840 486 n.

163 504 236 567 247.
258 501 367 570 Obiic.
384 503 418 570 d⁰
441 507 538 572 Notio
559 506 685 571 essendi
709 509 742 570 in
764 527 811 582 se,
835 504 901 568 sive
924 499 1195 574 subsistendum

123 584 200 649 alibi
224 586 346 650 dictum
367 599 416 653 est
429 589 454 665 ²,
478 588 646 654 dumtaxat
661 588 730 652 Deo
745 587 930 675 plenissime
951 583 1126 650 convenit.
1141 581 1196 645 Er·

126 689 166 753 go
189 668 278 732 nulla
300 668 490 748 substantia,
512 682 642 757 praeter
664 669 781 746 Deum,
803 668 874 733 dari
896 677 1015 755 potest.

162 750 236 818 248.
260 751 358 837 Resp.
382 753 461 832 Nep.
485 773 566 818 cons.
584 755 667 820 Sane
681 751 818 836 aliquid,
836 762 873 816 ut
887 771 912 814 s.
928 747 1074 813 Thomas
1091 745 1194 816 docet,

122 842 228 916 potest
248 832 313 898 dici
338 836 507 982 proprium
529 835 653 910 alicui,
682 834 732 899 vel
760 835 838 919 quia
862 832 923 917 ipsi
953 833 1000 894 ita
1027 827 1193 924 concepit

123 922 159 977 ut
180 914 259 979 nulli
283 917 337 980 alii
361 936 397 980 su
426 920 508 984 iecto
529 919 703 982 convenire
725 925 837 1001 queat,
859 937 877 974 (ι
900 923 937 979 ut
959 932 1037 976 curn
1073 909 1197 972 dicitur

124 998 294 1081 proprium
315 998 455 1064 hominis
476 1019 545 1065 esse
568 998 707 1077 risibile,
731 998 809 1083 quia
826 993 906 1060 nulli
921 1007 1085 1060 extraneo
1103 1012 1124 1055 a
1147 1010 1195 1052 na

124 1086 195 1141 tura
216 1080 357 1145 hominis
376 1083 527 1147 convenit
549 1101 579 1157 »ς
603 1080 653 1146 vel
668 1081 746 1167 quia
770 1075 863 1154 illud,
879 1075 965 1162 quod
980 1075 1023 1139 de
1047 1071 1194 1138 subiecto

124 1159 339 1244 praedicatur,
363 1166 422 1228 etsi
445 1165 519 1230 aliis
540 1162 695 1230 subiectis
741 1182 783 1227 uo
806 1181 847 1226 ue
869 1159 1061 1234 conveniat,
1088 1167 1194 1220 tamen

123 1261 162 1305 eo
185 1242 292 1318 modo,
308 1265 373 1328 quo
398 1246 462 1332 ipsi
484 1247 650 1322 convenit,
672 1182 753 1309 nuiii
776 1181 832 1307 aiii
855 1241 1001 1306 subiecto
1017 1237 1193 1331 convenire

122 1338 245 1407 queat;
267 1335 304 1391 ut
326 1350 342 1388 ιι
366 1348 440 1392 cum
471 1327 595 1394 dicitur
616 1328 676 1393 hoc
701 1325 829 1412 proprie
851 1343 921 1389 esse
942 1341 1093 1393 aurum,
1116 1339 1193 1402 quia

124 1406 304 1472 nonhabet
325 1406 559 1476 admixtionem
581 1409 714 1475 alterius
735 1405 855 1473 metalli
871 1406 882 1440 ⁸
898 1429 927 1469 n.
951 1405 1023 1468 lloc
1049 1404 1193 1487 praesti-

123 1495 205 1566 tuto,
228 1489 268 1554 de
289 1488 467 1557 substantia
491 1490 551 1556 Dei
574 1490 678 1567 idem,
701 1511 738 1554 ac
760 1488 799 1552 de
821 1507 883 1552 esse
905 1487 985 1554 Eius
1009 1483 1191 1548 dicendum

123 1580 183 1646 0⁸13
200 1593 315 1657 nempe
329 1573 602 1656 quemadmodum
625 1594 684 1638 csse
706 1581 754 1637 est
776 1571 947 1717 proprium
969 1567 1039 1632 Deo
1063 1585 1133 1628 oon
1155 1584 1192 1628 eo

123 1652 209 1796 pund
233 1674 284 1718 res
305 1666 432 1720 creatae
447 1677 510 1720 non
533 1664 607 1720 sunt
627 1656 725 1730 entia,
741 1675 774 1719 se
818 1672 856 1716 eo
870 1648 957 1737 quod
971 1670 1033 1714 esse
1047 1646 1111 1711 illo
1128 1668 1192 1709 mo

146 1755 176 1809 o,
199 1756 264 1819 quo
286 1738 436 1802 convenit
450 1736 530 1813 Deo,
554 1757 683 1834 nempe,
707 1747 802 1822 prout
822 1745 870 1800 est
893 1753 1024 1820 purum,
1039 1751 1102 1794 seu
1126 1731 1193 1792 sine

124 1813 325 1883 admixtione
345 1819 443 1883 ullius
461 1819 664 1904 privationis,
680 1828 737 1884 aut
758 1817 931 1903 potentiae,
946 1812 1028 1877 nulli
1051 1823 1192 1876 naturae

124 1910 249 1964 creatae
271 1902 421 1967 convenit
443 1901 468 1977 ‘3
492 1903 534 1968 ita
562 1899 651 1965 Deus
674 1900 805 1985 proprie
827 1896 1006 1962 substantia
1027 1903 1104 1970 est,
1126 1913 1190 1956 non

124 1980 201 2064 qnia
221 1981 309 2047 nulla
331 2003 383 2047 res
410 1993 515 2049 creata
538 1980 717 2048 substantia
739 1991 804 2058 est,
825 1978 879 2044 sed
895 1979 972 2065 quia
995 1974 1190 2041 substantia..

123 2073 222 2145 prout
238 2063 416 2149 perlectum
432 2076 538 2130 actum
553 2063 746 2130 subsistendi
768 2061 909 2136 denotat,
926 2059 1007 2124 nulli
1029 2059 1078 2123 rei
1101 2077 1192 2120 crea-
1235 2105 1236 2146 ;

124 2155 186 2222 tae,
209 2144 265 2210 sed
287 2145 355 2212 Deo
377 2146 545 2213 dumtaxat
560 2147 722 2213 convenit.
738 2144 849 2229 ltaque
871 2165 913 2208 ex
928 2162 978 2218 eo,
993 2138 1081 2226 quod
1101 2137 1191 2202 Dens
1235 2149 1236 2200 t

125 2227 256 2312 proprie
270 2228 445 2294 substantia
460 2238 519 2306 est,
535 2250 599 2293 non
621 2226 693 2295 fluit
714 2247 765 2292 res
787 2236 910 2291 creatas
932 2244 995 2288 non
1016 2243 1106 2298 esse,
1129 2241 1189 2284 nec
1235 2229 1236 2302 ξ

124 2309 189 2374 dici
212 2330 304 2395 posse
326 2310 530 2387 substautias,
544 2331 608 2374 non
625 2331 715 2375 secus
737 2329 774 2372 ac
795 2330 836 2373 ex
857 2328 910 2382 en,
932 2301 1019 2391 quod
1039 2325 1099 2368 csse
1115 2321 1189 2388 pro-
1235 2311 1236 2316 ’

125 2391 288 2477 priissime
310 2391 350 2456 de
373 2392 441 2457 Deo
465 2390 697 2477 praedicatur,
726 2412 789 2455 non
811 2390 960 2478 sequitur
991 2389 1103 2472 ipsum
1125 2405 1188 2448 non
1235 2419 1236 2446 ι

126 2494 220 2559 posse
241 2474 424 2560 praedicari
445 2473 486 2539 de
507 2472 604 2540 rebus
625 2475 741 2541 creatis
755 2475 779 2535 ⁵.
1235 2477 1236 2548 t

162 2780 224 2834 tn·
242 2785 286 2836 tn.
308 2788 337 2836 11
353 2789 435 2852 spot..
456 2786 521 2840 litet.
541 2787 625 2850 xtttt,
645 2803 673 2854 q.
695 2788 715 2842 l.
736 2791 851 2842 adad
872 2791 899 2840 l.
918 2786 953 2840 Et
972 2787 1188 2842 artttutisoea-

126 2858 161 2905 tia
182 2854 273 2907 Divina
293 2872 345 2908 non
362 2862 508 2912 seeundum
527 2877 556 2913 se
568 2862 770 2926 augmentabilis
789 2867 816 2912 et
835 2863 1043 2926 multiplicabitis
1061 2868 1123 2920 ests
1144 2867 1187 2914 sel

125 2930 211 2979 solnm
232 2930 441 2994 multiplicabilis
459 2939 500 2985 est
511 2936 657 2986 secondum
677 2935 888 2995 similitudinem,
906 2949 976 2999 qnae
989 2949 1004 2985 a
1017 2935 1110 2984 multis
1130 2949 1188 2998 par-

125 3001 250 3065 ticipatur
271 3021 296 3062 ις
318 3005 406 3054 Contr.
427 3008 512 3066 Gonu,
535 3008 581 3059 lin.
603 3005 624 3066 l,
644 3022 670 3059 o.
693 3009 737 3059 tn.
752 3007 811 3046 -⁴·'
832 3007 860 3059 Ρ.
881 3007 1012 3060 335336.

161 3074 645 3146 ³1ntn.tsmr.,tint.tittt,q.
668 3077 872 3139 l,a.ladt.

160 3141 465 3210 ‘cenetensem

159 3219 172 3255 δ
191 3216 220 3268 ld
237 3221 389 3272 luculenter
400 3237 424 3272 s.
438 3219 552 3275 Thomas
564 3225 665 3282 docnlt;
678 3224 820 3289 etquidem,
832 3229 971 3289 postquam
985 3221 1085 3272 monuit
1100 3219 1187 3274 Dea·
1235 3233 1236 3292 t

125 3292 176 3339 dici
196 3291 382 3350 subeuntium,
401 3303 523 3359 mamm
543 3300 577 3346 nd
596 3300 634 3357 id,
654 3299 722 3361 qnod
740 3305 776 3348 ert
792 3298 957 3362 perfeetionis
979 3299 1007 3347 in
1027 3295 1184 3353 alamno,
1235 3329 1236 3342 ι

125 3361 232 3410 adiecit:
248 3381 260 3409 ι
275 3361 311 3414 Et
330 3364 388 3414 ideo
407 3379 459 3416 non
478 3370 609 3430 seqnitur,
630 3369 698 3433 qnod
718 3381 807 3428 omne,
827 3369 896 3433 quod
915 3373 955 3420 est
973 3367 1133 3426 substantia,
1154 3370 1190 3418 sit
1235 3369 1236 3408 ἓ

125 3427 205 3486 Densi
224 3436 285 3494 unta
306 3435 371 3485 utun
389 3437 423 3485 ab
442 3437 501 3500 lpso
520 3441 614 3504 recipit
634 3440 857 3504 praedicationem
876 3441 1037 3492 substantiae
1054 3441 1092 3488 sic
1106 3453 1188 3491 acee-
1235 3441 1236 3482 t

16 3543 24 3548 -
126 3505 207 3559 ΡΜ,
226 3508 372 3557 monadum
391 3509 462 3570 qnod
480 3511 579 3562 dicitnr
597 3513 629 3562 de
651 3510 727 3575 lpso;
748 3518 775 3564 et
794 3515 828 3564 ita
853 3518 960 3576 propter
977 3513 1110 3562 diversum
1132 3527 1187 3564 mo
1235 3525 1236 3554 t

125 3569 188 3617 dum
208 3577 377 3630 praedicandi
396 3592 448 3630 non
467 3583 565 3633 dicitnr
583 3583 729 3634 substantia
749 3585 782 3635 de
795 3583 860 3645 Dem
873 3590 901 3636 et
914 3586 1041 3636 enatans
1060 3583 1185 3636 univoce.
1235 3599 1236 3650 t

125 3638 170 3686 sed
188 3644 323 3707 anatome
345 3666 370 3707 ·;
392 3652 470 3712 ltin,
490 3668 517 3716 q.
538 3652 589 3726 lv,
604 3669 631 3706 ι.
652 3655 669 3706 2
689 3656 721 3706 ad
744 3656 768 3706 l.
789 3652 823 3709 Ci
841 3671 867 3720 p.
888 3655 1018 3708 335-338.
