2475 3909
445 211 676 262 nrnsmnocnn
990 200 1055 276 Δ115

52 305 122 365 tanat
150 295 250 362 modis
282 300 388 383 speeie
416 295 552 362 diversis
584 298 731 362 animum
762 307 908 364 nostrum
939 299 1094 373 alliciunt,

54 401 150 467 nempe
170 379 310 456 videndo,
325 381 488 456 audiendo,
504 378 666 464 quitando,
682 378 861 461 olfaciendo,
884 389 917 445 et
938 383 1095 464 torpendo.

53 463 122 548 Ergo
140 465 282 548 quinque
304 474 378 528 sunt
398 482 510 528 sensus
531 462 667 538 externi,
691 483 808 548 nempe
834 472 987 548 aspectae,
1009 465 1098 529 audi-

52 555 100 620 tas,
120 553 237 628 pastus,
259 544 416 622 odoratus,
439 556 472 613 et
492 554 603 609 tactas.

82 627 127 692 51.
148 629 244 713 Prop.
266 625 314 690 2⁴.
338 627 500 692 Dubitatio
522 623 635 694 boebii
652 625 759 707 sutilis
779 640 833 692 eet.

83 707 242 773 Probatur.
266 710 381 776 Sensus
396 709 575 776 destinatur
596 707 636 773 ad
650 710 908 795 cognoscendum
927 708 1099 808 qualitates

55 791 203 857 sensibiles
226 811 347 868 rerum,
371 814 408 858 ae
429 791 579 877 preinde,
602 793 631 855 si
653 792 763 877 plures
784 805 981 859 enumeratos
1003 793 1101 857 sensi·
1213 814 1214 817 ¹

53 867 100 936 bns
118 872 317 950 haberemus,
341 871 423 940 aliae
445 874 618 960 qualitates
639 874 817 951 sensibiles,
842 886 971 960 praeter
991 894 1098 950 sonos,
1214 888 1216 970 ',

53 973 173 1039 sapores,
196 954 324 1032 odores,
346 957 517 1041 qualitates
540 953 709 1034 visibiles,
736 969 768 1023 et
791 957 973 1042 tangibiles‚
996 957 1101 1043 perci-

54 1036 170 1181 piendae
188 1037 281 1103 nobis
302 1050 405 1105 essent
422 1039 455 1102 in
470 1037 673 1124 corporibus.
689 1041 788 1136 Atqui
809 1041 946 1124 ipsemet
959 1041 1102 1106 Lockius
1216 1052 1217 1059 ’

65 1131 157 1185 atetnr
174 1140 310 1207 corpora
332 1121 461 1185 nonnisi
507 1142 544 1186 er
563 1119 635 1186 illas
656 1142 801 1207 qumque
816 1124 1009 1206 qualitatum
1032 1143 1103 1208 spe-

54 1200 107 1266 eies
131 1202 225 1268 nobis
255 1203 465 1269 innotescere.
523 1223 581 1289 rgo
601 1205 736 1268 omnino
756 1214 882 1269 certum
903 1218 950 1272 est
977 1204 1103 1272 nullum

54 1281 135 1348 alium
149 1305 292 1360 sensum,
306 1297 435 1400 praeter
448 1287 592 1371 quinque
608 1298 827 1363 enumeratos,
842 1287 965 1352 homini
986 1290 1101 1353 inesse.

55 1366 255 1515 abbbdl’rnp.
285 1368 331 1434 3.
360 1369 521 1436 Sententia
545 1370 703 1451 beatarum
733 1370 929 1452 mnpaetiemi
956 1370 1104 1434 animalis

83 1469 130 1514 tur
149 1474 169 1516 a
188 1459 244 1514 est.

86 1533 247 1599 Probatur.
270 1531 462 1611 Facultates,
476 1552 556 1617 quas
571 1531 715 1598 lautores
729 1535 933 1619 magnetismi
955 1535 1105 1599 animalis
1144 1609 1152 1618 ¹

56 1617 340 1692 comminiscuntur,
355 1637 418 1680 non
433 1625 636 1692 exercentur,
652 1627 689 1681 ut
703 1615 768 1700 ipsi
784 1617 887 1692 aiunt,
904 1617 938 1682 in
953 1628 1037 1684 statu
1051 1639 1106 1681 na-

57 1699 136 1761 turali
157 1698 317 1776 bominis,
340 1695 396 1762 sed
418 1697 451 1760 in
473 1705 556 1762 statu
578 1697 721 1775 insolito,
736 1708 770 1763 et
789 1698 862 1763 exle
885 1719 915 1762 e.
932 1700 1031 1785 Atqui
1051 1699 1106 1764 ab·

56 1778 172 1844 surdum
186 1791 237 1846 est
250 1800 392 1845 asserere
405 1779 568 1844 bominem
582 1779 775 1845 naturaliter
788 1718 999 1846 facultatibus
1014 1802 1107 1866 prae-

55 1858 144 1928 ditum
157 1885 247 1943 esse,
263 1883 382 2010 easpne
397 1860 525 1926 nonnisi
539 1860 573 1924 in
588 1870 674 1926 statu
687 1861 814 1926 insueto
833 1882 986 1928 exercere
1023 1883 1105 1927 osse.

57 1941 129 2030 Ergo
147 1947 309 2014 sententia
336 1953 486 2011 autorum
501 1943 706 2026 magnettsmi
720 1943 871 2009 animalis
889 1943 970 2010 absu
1011 1968 1029 2010 a
1047 1957 1105 2010 est.

57 2023 83 2088 ld
101 2030 241 2117 amplius
262 2049 302 2094 ex
321 2048 360 2094 eo
381 2025 575 2100 declaratur,
590 2025 678 2109 quod
693 2035 794 2091 status
807 2026 953 2095 insuetus
965 2028 1107 2105 animae,

58 2109 97 2173 nel
115 2113 262 2197 corporis
285 2120 390 2196 potest
408 2116 532 2174 tantum
551 2107 688 2184 efficere,
704 2118 741 2174 ut
756 2109 896 2175 actiones
917 2108 1109 2176 facultatum

58 2191 97 2258 rel
116 2202 336 2270 exacuantur,
360 2190 409 2257 vel
430 2189 648 2268 remittantur,
672 2191 860 2274 neutiquam
880 2213 975 2269 vero,
997 2203 1033 2258 ut
1054 2213 1109 2257 no

60 2294 104 2340 nae
123 2276 292 2342 facultates
323 2272 485 2340 naturales
509 2281 733 2336 exerceantur.
756 2273 944 2351 Quocirca,
966 2275 1111 2340 sibama

60 2354 111 2424 illis
130 2357 352 2434 facultatibus,
373 2375 453 2441 quas
475 2353 539 2437 ipsi
559 2354 769 2431 contendunt,
791 2355 937 2439 polleret,
954 2357 1045 2442 ipsae
1068 2358 1109 2420 ab

59 2459 88 2504 eo
106 2443 138 2507 in
159 2451 247 2507 statu
267 2438 331 2505 sibi
353 2435 491 2504 naturali
513 2434 712 2501 exercendae
734 2434 852 2504 forent.

90 2523 135 2592 53.
149 2523 251 2610 Prop.
265 2521 312 2588 4¹.
326 2521 428 2584 Homo
438 2517 561 2583 nuttam
572 2537 686 2582 aonam
697 2538 816 2584 sensam
827 2519 989 2604 adquirere
998 2530 1110 2665 potest.

92 2605 259 2672 Probatur.
284 2604 401 2682 Homo,
417 2609 514 2688 prout
535 2600 568 2664 in
584 2602 766 2686 praesentia
780 2612 840 2679 est,
861 2610 949 2668 tenet
962 2601 997 2665 in
1022 2622 1113 2664 mum

61 2684 154 2754 locum
175 2691 263 2753 inter
284 2696 412 2751 naturas
435 2681 680 2760 intellectuales,
696 2692 729 2748 et
750 2704 938 2770 supremum
961 2683 1046 2748 inter
1059 2704 1113 2747 na·

61 2777 135 2836 turas
155 2772 332 2836 sentientes
354 2769 378 2846 ¹,
400 2770 445 2832 ita
466 2775 503 2832 ut
525 2766 616 2850 ipse,
639 2766 743 2830 aiente
766 2786 791 2830 s.
815 2766 936 2830 Tboma
956 2765 981 2842 ²,
1003 2765 1115 2831 huius·

63 2853 137 2918 modi
170 2862 308 2917 naturae
334 2859 407 2927 est,
434 2859 471 2915 ut
496 2848 729 2932 completissime
757 2849 905 2914 virtatem
937 2849 1116 2912 sensitivam

61 2927 171 3002 babeat.
196 2934 300 3020 Atqui
322 2933 351 2998 si
370 2931 467 2998 bomo
498 2951 618 2996 novum
641 2951 771 2995 sensnm
801 2927 973 3015 adquirere
998 2942 1114 3015 potest,

64 3013 131 3097 ipsa,
155 3028 258 3104 prout
278 3014 313 3080 iu
335 3013 518 3099 praesentia
539 3024 598 3091 est,
623 3033 811 3100 supremum
833 3011 941 3077 locum
963 3014 1048 3078 inter
1061 3034 1117 3078 na-

64 3105 137 3164 turas
157 3099 336 3166 sentientes
357 3095 475 3162 babere
496 3093 650 3160 dicendus
664 3117 728 3160 non
749 3105 842 3161 esset.
860 3096 947 3180 Ergo
962 3095 1031 3182 ipse
1048 3096 1117 3160 nul-

63 3173 118 3245 lum
139 3201 265 3247 novum
287 3198 417 3243 sensum
439 3177 610 3265 adquirere
626 3187 741 3264 potest.
757 3179 808 3243 Ex
830 3198 894 3276 qua
915 3189 1117 3261 argumenta-

63 3261 138 3328 tione
161 3261 248 3328 illud
280 3281 408 3348 quoque
430 3272 542 3349 patet,
569 3259 656 3348 quod
678 3261 705 3326 si
727 3262 851 3328 homini
873 3279 974 3325 navus
1006 3280 1118 3324 sensus

93 3459 153 3515 'Cl
168 3479 191 3516 s.
213 3457 324 3522 tham„
347 3462 377 3511 ln
395 3459 441 3508 tta.
461 3460 488 3508 ΙΙ
505 3459 588 3516 Soet,
609 3454 676 3509 bist.
697 3454 793 3516 ΧΙΙΙΙΙ,
813 3472 840 3521 q.
862 3453 897 3515 ll,
916 3469 943 3505 a.
964 3455 980 3505 3
1000 3458 1033 3506 ad
1053 3459 1081 3508 4.

92 3533 139 3596 ²1,
158 3551 188 3602 q.
208 3531 328 3594 cxxvi,
349 3547 375 3583 ι.
396 3533 412 3582 s
430 3545 455 3580 c.
479 3527 537 3582 vna.
554 3531 627 3592 ouo..
648 3547 675 3597 q.
690 3525 759 3590 xci,
779 3531 836 3581 aa
856 3530 888 3579 aa
909 3530 935 3588 a,
957 3530 1006 3594 oq.
1020 3531 1120 3596 oum..

66 3607 182 3670 1)er..
202 3623 233 3673 q.
257 3604 311 3668 ΙΙΙ,
332 3620 359 3658 ι.
382 3603 411 3656 tt
433 3617 471 3663 c.,
494 3607 521 3654 et
548 3605 578 3654 lo
603 3605 647 3655 tot.
669 3607 696 3655 ΙΙ
712 3605 795 3664 seat,
820 3601 887 3654 bist.
909 3597 1001 3660 xvtt,
1022 3617 1049 3666 q.
1071 3600 1119 3665 ΙΙΙ,

66 3679 190 3734 socan
213 3682 240 3732 l.
964 3742 984 3784 t

1169 3782 1226 3857 ‘l
