2475 3909
477 146 705 198 nrusuruousn
1024 127 1082 196 111

97 232 190 299 llanc
214 233 466 320 propositionem
488 233 747 300 demonstramus
768 244 837 300 tum
858 245 970 298 contra
983 235 1054 300 Neo
1079 233 1130 298 la1

57 317 196 391 tonicos,
213 319 401 392 hverroem,
418 313 623 394 Consiuium,
638 317 694 402 qui
709 314 907 381 contendunt
921 315 1029 381 lumen
1043 255 1125 381 illud

57 419 126 462 esse
148 399 291 482 aliquam
315 395 500 462 facultatem
523 397 556 462 in
579 419 611 464 se
635 396 861 465 subsistentem
880 419 914 465 se
939 408 1062 462 aratam
1083 401 1125 462 ab

57 481 169 544 anima
183 479 205 558 ¹,
232 491 298 544 tum
320 488 430 545 contra
451 479 646 577 Ontologns,
668 483 724 565 qui
747 489 894 545 asserunt
913 418 1022 544 lirmen
1043 477 1126 544 illud

57 582 127 627 esse
152 563 162 624 i
189 582 260 627 snm
285 561 393 626 lumen
416 561 619 646 intelligibile
643 563 716 628 Dei.

99 642 167 708 Pro
221 665 271 706 ur.
295 643 400 717 Actio,
416 662 479 727 quu
496 647 618 728 species
635 642 854 728 intelligibilis
869 665 888 707 a
923 641 1121 708 bantasmate

59 723 273 801 abstrahitur,
296 737 344 789 est
365 726 449 788 actio
470 729 603 811 propria
626 727 881 810 uniuscuiusque
896 661 1050 789 dominis.
1071 728 1126 813 ht7

58 807 118 891 qui
144 828 207 871 non
232 817 337 893 potest
358 807 466 904 aliqua
488 811 572 874 actio
593 830 662 873 esse
684 808 819 893 propria
839 807 1003 893 cuiquam,
1022 807 1085 870 nisi
1107 825 1128 869 a

59 889 226 974 principio
256 891 317 974 ipsi
348 889 524 954 intrrnseco
553 890 798 976 proficiscatur;
827 911 901 955 nam
929 887 1127 974 principium

59 971 282 1036 extrinsecum
312 980 417 1057 potest
444 993 573 1037 morere
602 974 644 1038 ali
671 972 725 1037 nid
749 970 789 1038 ad
817 970 1043 1059 operandum,
1071 967 1128 1034 sed

62 1072 243 1148 numquam
266 1053 391 1120 efficere
421 1062 546 1140 potest,
575 1066 612 1120 ut
640 994 742 1131 ilud,
773 1055 826 1119 cui
856 1052 982 1118 nullum
1009 1049 1127 1138 agendi

63 1135 266 1222 principium
289 1136 484 1203 intrinsecus
505 1138 667 1217 inhaeret,
691 1139 849 1202 actionem
872 1134 937 1199 sibi
959 1136 1128 1221 propriam

63 1228 189 1282 exerat.
213 1217 301 1302 Ergo
323 1217 504 1284 intellectus
526 1241 646 1305 agens,
669 1240 735 1304 quo
757 1219 883 1304 species
910 1215 1130 1303 intelligibilis

65 1321 82 1362 a
105 1299 336 1444 phplntlgsngatis
364 1299 583 1380 abstrahitur,
614 1301 737 1387 aliquid
768 1301 978 1366 intrinsecum
1000 1301 1127 1364 animae

64 1402 134 1446 esse
179 1393 288 1447 eet.

103 1462 175 1529 123.
193 1461 310 1530 Contra
325 1464 501 1550 Ontologos
516 1477 657 1562 praestat
671 1467 768 1532 etiam
782 1463 842 1529 boc
857 1461 1022 1528 adnotare:
1039 1461 1127 1525 Deus

63 1559 110 1612 est
133 1545 267 1630 quidem
290 1545 396 1610 lumen
420 1546 640 1644 intelligibile,
664 1559 733 1614 tum
751 1549 829 1632 quia
843 1567 895 1611 res
909 1544 955 1609 ita
969 1543 1125 1618 condidit,

64 1640 100 1694 ut
125 1627 348 1714 intelligibiles
370 1651 438 1694 esse
461 1641 595 1714 possint3
613 1640 680 1697 tum
695 1631 773 1728 quia
788 1627 912 1694 homini
936 1626 1043 1692 lumen
1067 1626 1130 1689 lar·

65 1713 167 1797 gitur,
192 1733 256 1796 quo
280 1713 348 1795 ipse
370 1733 423 1776 res
446 1712 609 1795 intelligit.
631 1715 688 1776 Ast
710 1710 783 1776 rnde
804 1710 890 1776 haud
913 1706 987 1773 lluit
1008 1707 1128 1782 lumen,

64 1815 131 1878 quo
155 1794 336 1860 intellectus
357 1793 516 1859 humanus
537 1815 589 1858 res
611 1794 869 1878 intelligit,esse
892 1792 999 1875 ipsum
1022 1788 1129 1854 lumen

64 1878 243 1942 increatum
267 1875 339 1953 Dei,
362 1874 415 1940 sed
440 1875 609 1942 dumtaxat
624 1876 746 1950 lumen,
762 1896 827 1959 quo
850 1877 919 1958 ipse
940 1893 991 1936 res
1014 1871 1131 1937 intelli-

66 1959 125 2045 git,
147 1979 215 2026 esse
237 1957 298 2023 sibi
322 1958 461 2024 inditum
483 1980 501 2022 a
524 1956 591 2022 Deo
605 1960 628 2021 ³.

333 2087 398 2140 hur.
421 2088 466 2140 Vl.
482 2115 514 2130 ·-
530 2087 566 2139 lle
586 2088 723 2139 intellectu
744 2086 860 2151 possibili

107 2200 179 2266 ffl.
202 2200 384 2268 intellectus
403 2198 566 2286 possibilis
592 2199 723 2269 denotat
750 2201 840 2266 illam
868 2199 1056 2267 facultatem
1084 2201 1132 2264 in-

67 2281 290 2358 tellectricem,
313 2305 394 2369 qnae
416 2284 449 2347 in
471 2303 504 2346 sc
527 2283 644 2368 recipit
665 2285 806 2381 speciem
829 2281 1084 2369 intelligibilem,
1100 2293 1133 2346 et

68 2376 176 2431 actum
197 2364 398 2452 intelligendi
421 2365 521 2442 elicit,
544 2366 611 2429 sive
636 2366 799 2432 obiectum
821 2365 862 2430 ab
884 2366 968 2431 illas
992 2365 1062 2430 ecio
1083 2385 1133 2429 re-

68 2460 307 2531 praesentatum
328 2445 549 2535 apprehendit.
574 2447 699 2513 Nomen
720 2458 828 2513 autern
844 2386 1020 2532 possibilis,
1042 2445 1130 2542 quod

69 2529 246 2598 intellectui
271 2528 472 2616 adiungitur,
489 2549 551 2592 non
566 2527 699 2596 denotat
721 2528 920 2597 intellectum
941 2526 1132 2613 possibilem

67 2634 138 2678 esse
160 2611 282 2699 aliquid
304 2633 366 2676 non
389 2610 498 2686 reale,
521 2609 575 2674 sed
598 2611 791 2696 significati
817 2632 889 2677 sum
916 2633 985 2676 esse
1008 2609 1133 2694 aliquid

69 2696 168 2771 reale,
184 2695 271 2780 quod
292 2707 339 2760 est
361 2697 394 2760 in
417 2693 560 2780 potentia
583 2693 623 2758 ad
646 2715 698 2760 res
722 2633 961 2778 intelligendas,
984 2703 1016 2758 et
1037 2713 1056 2755 a
1076 2713 1134 2778 po-

69 2778 170 2845 tentia
193 2779 232 2842 ad
254 2789 361 2842 actum
383 2773 584 2860 intelligendi
608 2773 814 2862 progreditur
828 2778 852 2838 ⁸.
876 2777 1020 2841 Vocatur
1034 2774 1134 2840 etiam

70 2859 251 2926 intellectus
293 2859 425 2924 ossicus.
448 2857 542 2924 Circa
574 2878 672 2942 quam
704 2878 816 2923 rocem
848 2857 913 2922 duo
945 2875 1133 2924 moneamus

70 2952 209 3030 oportet:
227 2941 259 3008 1⁰
271 2878 453 3007 intellectui
475 2940 626 3006 convenit
639 2941 746 3025 passio
768 2939 973 3003 communiter
988 2948 1132 3029 accepta,

69 3046 155 3112 quae
177 3024 322 3090 consistit
343 3023 510 3089 dumtaxat
531 3022 565 3087 in
587 3043 651 3098 en,
674 3021 759 3107 qnod
781 3020 901 3108 recipit
921 3020 1069 3115 aliquid,
1093 3019 1135 3084 ad

67 3107 156 3194 quod
179 3109 302 3174 eratin
325 3107 492 3192 putentia;
517 3105 602 3170 atei
624 3115 783 3190 repugnat
807 3105 912 3188 passio
944 3112 1054 3169 stricte
1083 3123 1135 3166 ao-

103 3343 114 3380 ¹
138 3335 279 3392 Causinius
298 3333 363 3385 illud
383 3338 459 3384 voest
478 3337 606 3384 radonem
623 3334 834 3392 impersonatam.

103 3415 117 3451 ²
138 3410 174 3464 Cf
191 3425 212 3460 s.
234 3403 341 3465 Thom„
362 3407 409 3470 Qq.
429 3407 527 3470 dupp„
547 3419 576 3468 q.
591 3417 637 3454 uu.
657 3406 696 3456 lle
709 3407 811 3467 Antm„
824 3420 851 3457 a.
866 3405 882 3456 3
896 3419 935 3465 c..
955 3409 983 3457 et
1001 3421 1024 3457 s.
1046 3403 1125 3470 Aug,

69 3490 156 3540 naut.
178 3479 227 3536 XV
246 3485 274 3530 in
295 3484 368 3530 loon.
389 3493 412 3527 c.
433 3479 482 3534 IV,
502 3494 529 3528 n.
552 3475 596 3526 19.

105 3559 117 3598 ³
139 3554 182 3609 Cl.
204 3570 226 3606 s.
247 3549 353 3610 Thom,
374 3551 456 3614 Super
474 3551 558 3609 Boin,
581 3551 619 3600 De
638 3550 719 3608 Trio..
739 3566 768 3615 q.
790 3549 811 3610 l,
831 3566 857 3602 a.
881 3552 891 3601 l
915 3566 942 3601 c.

104 3631 117 3670 ⁵
139 3635 189 3696 Qg.
209 3629 308 3692 dirpp„
328 3639 355 3688 q.
377 3638 422 3674 uo.
445 3625 483 3674 De
502 3625 547 3688 Sp.
568 3636 620 3682 οη,
641 3635 667 3671 a.
688 3625 705 3674 9
725 3639 749 3675 c.
