2475 3909
151 149 210 215 134
548 183 747 234 cosuonoom

109 251 165 343 qui
190 250 296 331 bruta,
318 259 368 322 uti
390 257 530 330 advertit
550 286 576 330 s.
600 268 750 344 Tl'homtm,
775 287 838 332 nort
858 289 900 334 cc·
915 271 1050 354 proprio
1069 271 1181 356 ''utut'‘

109 339 219 428 sitao'qe
234 335 270 431 ¹,
294 349 327 403 et
348 341 412 404 sine
434 342 515 423 doe,
539 351 620 434 quod
640 350 678 414 ed
699 351 775 416 eliis
797 353 1015 432 recemum,
1037 354 1134 418 utilia
1158 377 1181 419 a

108 433 217 479 noxus
238 416 488 504 discriminant,
511 433 612 514 quia,
636 435 744 498 statim
766 455 803 498 ac
824 435 856 499 in
879 434 985 500 lucem
1005 435 1180 512 eduntur,

108 513 158 570 ca,
181 517 264 580 quae
287 501 348 566 sibi
372 521 583 577 consentanea
607 525 693 589 sunt,
706 527 880 592 sectamur,
903 528 1000 602 atque
1021 539 1070 594 ea,
1086 539 1179 602 quae

108 588 182 643 sunt
203 587 376 662 contraria,
402 591 513 658 ritant.
538 596 626 682 Ergo
647 594 741 663 bruta
765 600 889 664 ratione
911 621 975 664 non
997 599 1132 688 polleni·

146 660 197 726 98.
222 665 404 745 Praeterea,
428 673 454 736 si
476 674 603 742 belluae
625 682 752 745 ratione
776 681 945 766 pollerent,
962 705 1021 747 nec
1042 702 1185 766 semper>

107 757 323 824 operarentur
344 751 455 832 idem,
479 780 538 823 nee
558 781 671 825 omnes
693 775 910 849 operarentur
937 765 1038 830 simili
1061 763 1175 829 modo.

106 821 283 923 Certenon
306 848 519 919 operarentur
541 840 640 921 idem,
663 847 739 941 quia
762 845 928 911 obiectum
950 847 1086 913 rationis
1107 867 1177 911 non

107 917 155 1000 est
177 907 306 994 aliquod
330 919 527 1000 particulare
549 924 824 1002 determinatum,
846 927 900 992 sed
924 929 1121 1003 universale,
1144 940 1180 993 et

107 985 404 1088 indeterminatum,
427 1023 464 1067 ac
485 1005 623 1104 proinde
645 1011 728 1074 ratio
749 1030 814 1073 non
835 1011 966 1095 cogitur
987 1010 1027 1076 ad
1049 1010 1179 1094 aliquid

106 1067 367 1157 determinatum,
391 1083 444 1146 scd
467 1109 554 1153 circa
577 1090 703 1167 multa,
725 1102 821 1176 atque
843 1095 991 1176 opposita
1015 1105 1176 1158 versatur·

106 1151 218 1247 Neque
233 1175 344 1226 omnes
358 1163 469 1231 eodem
485 1170 580 1235 modo
595 1193 725 1256 semper
739 1185 974 1260 operarentnr3
989 1177 1079 1261 qnia,
1095 1195 1176 1238 cum

107 1243 264 1333 rotronem
286 1240 417 1311 libertas
431 1266 659 1337 consequatur,
676 1257 765 1340 ipsae
788 1277 846 1342 pro
871 1256 977 1321 libero
992 1257 1180 1324 intellectus

107 1335 158 1412 sur
180 1317 304 1415 iudicio
326 1333 529 1414 operationes
551 1357 625 1400 suas
647 1335 778 1404 divorso
801 1337 899 1403 modo
931 1349 1111 1405 exererent.
1139 1339 1180 1402 ld

108 1418 141 1462 m
164 1405 371 1498 animalibus,
388 1435 470 1498 quae
492 1419 617 1483 ratione
633 1419 765 1504 pollent,
782 1441 900 1507 nempe
915 1421 948 1484 in
971 1420 1178 1494 hominibus,

106 1500 339 1566 conspicimus;
356 1494 388 1559 hi
411 1498 499 1562 enim
524 1501 636 1576 multa,
652 1500 845 1586 diversaque
869 1513 981 1584 agunt,
995 1525 1099 1588 neque
1120 1524 1177 1576 ea,

106 1583 189 1648 quae
211 1581 323 1652 agunt,
348 1578 445 1643 simili
469 1580 566 1647 modo
588 1592 699 1668 agant.
717 1585 818 1669 Atqui
841 1584 979 1659 bellnae,
994 1596 1031 1650 ut
1053 1586 1179 1670 cuique

107 1649 308 1732 experientia
329 1672 531 1744 compertum
553 1675 623 1739 est,
648 1664 734 1730 idem
757 1687 886 1750 semper
907 1679 1081 1750 operantur
1092 1668 1119 1742 ⁸,
1143 1681 1181 1733 θῐ

106 1747 189 1812 quae
211 1734 308 1800 unius
331 1742 450 1825 speciei
474 1756 709 1820 sunt,eunctas
732 1767 806 1813 suas
829 1750 1037 1834 operationes
1058 1749 1183 1816 simili-

107 1821 156 1874 ter
177 1823 350 1886 exerunt‘.
375 1824 464 1912 Ergo
486 1827 613 1892 belluae
636 1831 774 1895 rationis
793 1840 944 1914 expertes
966 1839 1052 1894 sunt.

146 1895 196 1960 99.
214 1897 339 1967 Exinde
361 1903 422 1971 hoc
435 1908 525 1975 alind
541 1923 770 1995 argumentum
784 1911 945 1976 conlisere
976 1913 1072 1978 lubet.
1088 1910 1180 1976 Illud

106 1979 278 2120 qrroprium
292 1995 339 2050 est
354 1989 557 2067 animalium,
573 2013 658 2077 quae
674 1995 798 2059 ratione
815 1993 950 2078 pollent,
964 1993 1050 2078 quod
1065 1993 1181 2078 siugu-

120 2079 137 2120 a
160 2079 246 2138 cum,
262 2085 280 2128 a
295 2077 372 2148 noto
387 2067 426 2134 ad
449 2073 597 2157 ignotum
613 2072 810 2151 discurrant,
827 2076 1032 2161 operationes
1046 2095 1119 2140 suos
1144 2078 1180 2140 5¹¹

106 2138 174 2206 dies
189 2144 373 2227 perficiunt,
381 2161 413 2216 et
428 2162 493 2220 tota
510 2158 631 2240 speeies
644 2179 686 2222 ex
698 2158 905 2242 singulorum
918 2177 1091 2243 progressu
1102 2177 1180 2222 sen-

106 2221 167 2286 sim
191 2227 368 2310 perficitur.
392 2238 492 2320 Atqui
515 2235 643 2303 belluae
665 2261 725 2305 nec
746 2238 892 2324 singulae
919 2259 992 2302 suas
1013 2240 1181 2326 operatio

106 2309 219 2386 nesin
243 2310 313 2376 dies
336 2315 490 2397 perlicere
513 2321 647 2397 valent,
671 2343 730 2386 nec
752 2342 967 2407 unaquaeque
988 2323 1110 2408 species
1133 2343 1179 2386 ex

106 2388 273 2456 variarum
287 2403 427 2462 aetatum
444 2404 650 2468 successione
666 2403 821 2490 progredi
846 2413 961 2489 polest,
977 2406 1054 2487 quit
1068 2404 1176 2488 ipsae,

106 2478 143 2533 nt
164 2469 333 2553 diximus,
357 2479 394 2543 ad
419 2482 575 2566 quasdam
598 2491 803 2570 operationes
825 2485 1022 2550 exercendas
1043 2497 1180 2551 natura-

106 2548 182 2617 liter
204 2554 473 2641 determinantur,
498 2576 530 2631 et
552 2588 635 2651 quae
658 2569 757 2632 unius
779 2569 901 2652 speciei
925 2579 1016 2646 sunt,
1037 2568 1108 2634 illas
1132 2570 1179 2632 si·

107 2632 229 2702 militer
260 2648 451 2712 exercent⁵.
477 2649 564 2734 Ergo
587 2647 742 2725 belluae,
765 2670 840 2713 cum
872 2648 995 2715 nullius
1027 2670 1180 2746 progres-

106 2734 186 2858 ΞΜ,
210 2722 486 2870 ρεῖξεεῖίοῃίεφιε
510 2750 646 2816 capaces
668 2733 757 2807 sint,
779 2733 905 2798 ratione
926 2753 1036 2799 carere
1066 2731 1180 2798 dicen-

128 2819 164 2863 ae
186 2821 244 2866 sun
291 2854 297 2870 .

465 2943 765 2955 .—-—·—.-........-.

144 2996 151 3030 ¹
175 2996 224 3060 Qq.
244 2998 345 3062 dtrpp„
369 3004 405 3050 Do
429 3004 500 3058 Ver,
521 3017 548 3064 q.
570 2999 667 3061 XVlll,
688 3016 715 3052 a.
737 3005 752 3052 7
771 3002 802 3052 ad
824 3005 851 3053 7.

141 3065 203 3117 ²tn
222 3070 266 3118 tto.
288 3073 316 3121 tl
333 3075 415 3128 sent..
438 3071 503 3124 Dist.
524 3071 584 3128 XX.
604 3090 632 3137 q.
655 3074 687 3133 ll,
709 3089 736 3125 a.
756 3075 772 3124 2
792 3076 823 3125 ad
844 3077 872 3126 5.

143 3139 155 3176 ³
176 3142 225 3203 Qq'.
246 3144 345 3207 dtrppq
368 3147 405 3196 De
427 3147 501 3203 Ver„
522 3161 549 3208 q.
570 3143 668 3206 XXlV,
689 3161 715 3197 a.
736 3148 748 3196 l
771 3161 797 3198 r.

143 3209 155 3247 '¹
178 3215 207 3262 lo
227 3213 271 3264 tto.
295 3218 322 3266 11
339 3219 422 3274 Soet„
443 3215 509 3268 ilist-
531 3215 613 3274 XXV,
634 3235 662 3283 q.
684 3217 705 3277 l,
726 3234 753 3269 a.
772 3220 788 3270 2
809 3220 841 3270 ud
862 3222 889 3273 Ἰ.

142 3285 153 3319 ³
172 3271 229 3334 ileo
247 3289 409 3348 experientis
429 3290 595 3352 comprobat.
615 3288 668 3343 Nor
687 3293 759 3341 enim
779 3292 899 3342 ridemus
917 3292 1020 3342 belluas
1033 3297 1089 3342 toto
1102 3296 1176 3345 ritae

106 3358 241 3406 curriculo
260 3361 367 3410 easdem
387 3365 554 3424 operationes
573 3363 663 3420 edere,
678 3365 855 3428 eumdemque
869 3365 977 3414 modum
991 3366 1017 3413 in
1032 3366 1083 3414 illis
1094 3367 1179 3417 eden-

107 3429 145 3474 dis
165 3433 265 3486 tenere.
280 3437 360 3497 atquo
374 3447 406 3484 ex
419 3435 535 3484 historiis
548 3437 705 3486 animalium
720 3437 861 3486 identidem
876 3438 1032 3500 conscriptis
1045 3438 1177 3492 discimus

106 3497 207 3558 species
219 3501 367 3562 brutorum,
381 3519 450 3569 qnae
465 3507 491 3555 in
503 3508 652 3568 praeteritis
665 3510 797 3558 aetatibus
809 3509 964 3560 observatio
976 3516 1048 3566 sunt,
1063 3511 1176 3564 easdem

107 3570 1177 3720 ‘ll-lltatltltttttltlat't'‘tlttt':lttttatttttt't

199 3661 203 3686 ¹
305 3680 312 3704 a
859 3688 868 3713 r
