2475 3909
88 634 122 677 se
139 620 238 676 totam
259 582 490 664 convertatur¹

89 694 132 758 do
149 691 265 755 idonea
278 697 347 743 esse
363 674 466 756 potest
479 655 659 727 substantia
685 642 873 716 materialis3
888 637 978 723 qnia,
995 652 1070 725 cum
1085 649 1162 713 pnr-

90 790 140 860 tes
162 780 254 836 extra
276 768 383 847 partes
403 746 543 817 habeat,
565 754 669 820 neque
692 729 782 796 iliius
803 744 878 809 pars
900 736 997 802 super
1017 730 1161 795 seipsam

92 851 252 927 contrahi,
274 862 333 907 uec
355 844 421 903 tota
443 847 518 893 cum
539 842 574 886 se
596 829 660 883 tota
685 818 789 896 potest
807 802 973 884 coniungi.
990 797 1077 877 Ergo
1092 794 1119 853 ².

136 937 205 1002 tm.
227 931 342 1009 Neque
366 910 446 982 illud
470 898 734 994 praetermissum
757 889 930 957 volumus,
953 877 1058 964 qnod,
1084 894 1165 937 cum

93 1018 254 1086 ‹uaedam
275 999 421 1087 corporis
443 1010 517 1076 pars
531 1002 629 1069 super
651 976 750 1041 aliam
771 968 925 1039 flectitur,
949 961 1093 1046 priorem
1110 954 1166 1019 sni

95 1107 236 1167 formam
256 1087 360 1160 exuit,
383 1087 564 1154 novamque
586 1059 709 1158 induit3
732 1049 957 1139 quamobrem,
980 1044 1008 1105 ,ιί
1029 1041 1087 1105 hac
1114 1060 1168 1100 ra.

97 1188 186 1250 tione
208 1163 426 1242 conscientia,
448 1172 547 1239 quam
572 1160 681 1210 anima
709 1154 842 1201 suarum
864 1127 1084 1211 cognitionum
1111 1120 1170 1185 ha-

97 1267 165 1341 bet,
186 1258 380 1345 explicatur,
403 1235 484 1306 iliud
506 1232 607 1296 etiam
627 1222 782 1287 abnorme
804 1209 1029 1294 consequitur,
1052 1202 1171 1286 cogni-

98 1352 226 1419 tiones,
249 1356 347 1422 snper
368 1344 450 1412 quas
471 1323 561 1383 actus
581 1299 770 1373 reflexionis
791 1293 952 1366 exeritur,
977 1282 1096 1351 nedum
1123 1284 1172 1345 ri-

99 1431 244 1495 ridiores
267 1418 351 1490 lieri,
374 1414 578 1474 evanescere.

142 1513 213 1577 128.
229 1504 351 1581 Quinto
366 1487 516 1568 denique,
531 1464 749 1538 revocandum
769 1460 801 1525 in
818 1451 975 1521 memoria
998 1444 1090 1513 nobis
1108 1456 1172 1521 est,

102 1594 135 1659 1⁰
157 1593 302 1658 diversas
324 1568 530 1662 operationes
549 1553 675 1619 animae
698 1548 743 1609 ita
764 1537 926 1611 exerceri,
941 1542 976 1597 ut
991 1526 1176 1616 quamdam

103 1666 355 1760 dependentium
376 1656 461 1719 iuter
481 1664 515 1707 se
537 1635 687 1725 habeapt,
708 1647 737 1689 e.
763 1644 808 1709 g„
831 1617 1023 1689 intellectus,
1039 1608 1103 1674 nisi
1121 1628 1179 1671 co-

105 1757 211 1843 gnitio
233 1744 385 1816 sensitiva
408 1720 603 1824 praecedat,
626 1707 706 1777 mh'd
730 1704 909 1803 intelligere
933 1705 1050 1782 potest,
1074 1698 1178 1775 atque

400 1819 407 1831 '
429 1816 436 1828 '
609 1793 677 1891 uodv
695 1810 789 1876 prius
811 1784 976 1869 cognitum
992 1788 1051 1852 est,
1068 1781 1180 1858 potest

613 1896 720 1941 neurus
742 1866 906 1935 [acuitatis
928 1861 1087 1925 actionem
1111 1856 1181 1919 effi·

107 2023 191 2076 cere,
208 2012 244 2065 ut
257 2000 440 2060 ceterarum
461 1970 602 2037 actiones
623 1959 689 2021 sint
710 1952 896 2021 debiliorem
912 1941 945 2009 3⁰
959 1958 1181 2021 unumquem.

108 2106 173 2171 que
194 2091 338 2146 nostrum
360 2068 393 2130 in
415 2058 522 2140 seipso
543 2039 690 2129 experiri
703 2033 848 2103 eamdem
872 2026 1000 2112 penitus
1024 2022 1056 2084 iu
1078 2016 1178 2081 nobis

109 2189 179 2232 esse
202 2184 294 2235 rem,
315 2168 398 2250 qnae
425 2154 537 2206 omnes
562 2122 772 2222 operationes·
791 2112 892 2179 elicit.
915 2106 1015 2190 Atqui
1048 2100 1181 2165 nultum

109 2252 226 2316 horum
248 2228 406 2323 explicari
427 2224 547 2308 posset,
567 2230 595 2273 sr
616 2200 796 2269 substantia
817 2192 962 2337 copitans
983 2193 1133 2259 extensa,
1149 2190 1183 2245 et

111 2325 286 2397 divisibilis
308 2320 342 2383 in
364 2316 471 2397 partes
496 2296 684 2384 poneretur.
708 2280 841 2349 Etenim
880 2271 895 2304 ⁰
918 2267 974 2334 illa
995 2263 1183 2351 dependen-

112 2416 158 2481 tia
178 2405 408 2497 operationum
429 2380 541 2451 haberi
563 2375 688 2454 nequit,
710 2364 774 2427 nisi
796 2360 829 2423 in
849 2356 913 2430 his,
929 2375 946 2414 ιι
962 2368 1044 2437 qnae
1065 2366 1182 2411 secun-

114 2496 193 2560 dum
216 2487 366 2557 ordinem
386 2462 566 2537 naturalem
588 2444 769 2538 procedunt
789 2438 830 2505 ab
852 2456 918 2502 nno
932 2436 944 2471 ⁸
960 2453 994 2509 »3
1014 2430 1049 2495 2⁰
1072 2446 1184 2499 cansa,

115 2599 176 2642 cnr
195 2567 341 2660 operatio
363 2555 460 2623 nnius
487 2535 651 2631 potentiae
677 2522 861 2613 operationi
888 2516 1022 2581 alterins
1044 2507 1187 2596 impedi-

117 2670 224 2725 mento
246 2653 299 2727 sit,
323 2646 357 2710 in
379 2658 418 2704 eo
441 2625 611 2694 dumtaxat
630 2609 789 2682 consistit,
810 2598 898 2687 quod
921 2598 997 2662 illae
1017 2612 1134 2658 omnes
1154 2592 1188 2654 in

118 2766 197 2816 nno,
213 2745 246 2801 et
260 2729 374 2799 eodem
419 2708 559 2793 rincipio
581 2695 726 2763 radicem
748 2686 879 2760 habent
894 2679 928 2747 3⁰
950 2698 1065 2749 unum,
1081 2672 1190 2738 idem-

118 2845 183 2910 que
204 2838 273 2885 esse
296 2815 330 2877 in
352 2741 446 2871 noiiis
467 2799 636 2857 centrum,
665 2772 705 2839 ad
731 2766 820 2855 qnod
846 2782 960 2829 omnes
980 2756 1190 2844 operationes

440 2882 446 2894 '
470 2878 478 2891 ‘
501 2872 523 2937 h
544 2864 588 2931 ud
609 2871 789 2946 possemus,
805 2850 834 2914 si
849 2842 1017 2943 integralis
1036 2856 1105 2902 nna
1121 2836 1192 2901 ani-

122 3008 194 3052 mae
216 3000 291 3069 pars
314 2968 518 3061 perciperet,
540 2948 642 3013 attera
665 2936 847 3006 indicaret,
869 2924 1124 2994 ratiocinaretnr
1147 2916 1191 2980 ai-

538 3043 551 3099 t
571 3024 671 3092 nollet
691 3019 810 3085 attera.
828 3014 916 3097 Ergo
938 3004 1066 3099 animae
1088 3000 1193 3095 actio-

123 3084 204 3145 tera,
226 3077 356 3155 unaque
378 3047 495 3140 veliet,
518 3056 536 3099 e
800 3098 807 3111 .

122 3173 182 3219 nes
195 3150 265 3213 sire
287 3135 432 3221 singulae
454 3145 487 3189 ιιι
510 3138 543 3182 se
564 3116 762 3197 spectentur,
784 3115 850 3178 sive
874 3107 986 3157 omnes
1001 3106 1035 3149 ιιι
1050 3104 1102 3148 sur
1117 3100 1195 3147 con-

125 3242 235 3307 centu,
251 3248 269 3291 a
283 3212 462 3289 substantia
484 3212 642 3283 corporea
662 3204 753 3252 exeri
776 3174 863 3245 haud
885 3190 979 3259 posse
1000 3166 1123 3232 invicte
1139 3160 1195 3226 de-

125 3318 396 3457 mffliadldiedit
415 3365 503 3456 qnod
523 3353 658 3446 quaevis
682 3363 799 3413 eausae
822 3329 999 3403 materialis
1024 3324 1123 3403 actio,
1145 3323 1192 3387 uti

568 3476 899 3513 .........---

105 1838 271 1926 appetitus
292 1846 355 1891 non
376 1838 439 1883 nist
461 1830 495 1874 m
517 1802 563 1879 id,
579 1818 609 1943 pp

107 1921 205 1996 ierri3
227 1914 262 1980 2⁰
286 1892 558 1976 vehementiorem

169 3591 178 3625 ¹
200 3591 231 3636 1η
249 3585 295 3633 lto.
317 3584 354 3631 Do
375 3574 474 3625 Corirr'r,
494 3567 558 3613 teet.
578 3552 639 3607 XV.

169 3659 182 3693 ²
202 3659 287 3707 conte
308 3654 395 3706 Gerit„
417 3645 463 3690 lib.
486 3635 517 3696 ii,
539 3648 563 3682 e.
586 3631 632 3685 4¹),
654 3642 680 3674 n.
703 3624 728 3672 7.
744 3618 797 3657 *³
819 3612 839 3675 Ι,
859 3626 887 3675 q.
908 3600 1038 3665 mvii,
1060 3616 1087 3653 a.
1110 3601 1126 3649 7
1146 3614 1171 3649 c,
