2475 3909
143 185 203 250 toi
518 201 750 250 niusmiooii

399 329 595 383 baill-be
615 335 735 395 ippeittii
754 336 879 384 sensistin

144 441 212 504 190.
238 439 297 504 llla
319 441 506 526 propensio,
521 460 585 526 qua
599 443 727 506 animus
742 442 776 504 iii
790 440 912 506 bonum
931 440 1080 506 sensibus
1094 461 1171 527 pro-

102 522 247 666 positum
272 521 398 598 fertur,
421 533 517 620 atque
545 544 563 586 a
591 522 676 587 malo
704 525 802 587 etiam
831 543 889 608 per
916 543 1029 587 sensus
1055 544 1170 609 appre-

125 623 202 666 eiiso
224 601 359 688 refugit,
383 615 571 670 nominatur
593 604 750 689 appetitio
772 605 936 669 sensitiva.

145 685 214 749 191.
239 685 301 748 Hic
323 685 487 769 appetitus
502 688 535 750 in
550 685 836 769 cmwupi'sci'bilem,
857 698 889 753 et
910 685 1097 749 irascibilem
1119 683 1171 748 di-

108 765 242 829 viditur.
270 766 529 849 concupiscibilis
552 777 600 832 est
622 787 660 830 ea
682 767 832 841 facultas,
855 787 920 852 qua
934 767 1041 831 anima
1066 765 1170 830 tendit

106 847 140 910 i'n
163 846 284 911 bonum
307 845 482 925 sensibile,
506 847 746 934 apprehensum
767 860 933 944 tamquam
955 845 1016 912 sibi
1038 867 1172 912 consen·

104 939 256 1004 tnneum,
280 937 313 994 et
334 928 525 994 delectabile
548 929 720 1004 sensibu53
743 940 876 1013 etquis
898 928 975 1012 faga
998 928 1075 992 mali
1096 948 1171 993 con-

104 1011 255 1092 sequitur
279 1011 381 1095 ipsam
404 1011 650 1077 inclinationem
666 1009 706 1075 ad
721 1009 854 1088 bonum,
871 1009 1014 1074 aversari
1036 1009 1169 1086 malum,

103 1091 190 1234 quod
215 1091 323 1155 anima
346 1090 407 1156 sibi
432 1094 581 1168 noxium,
596 1101 630 1157 et
644 1092 806 1176 ingratum
829 1091 979 1157 sensibus
992 1092 1172 1177 apprehen-

128 1173 166 1246 it,
190 1171 229 1235 ad
253 1173 360 1257 ipsum
382 1175 563 1259 appetitum
583 1195 689 1238 ¹concii
716 1173 875 1237 isc-ibilem
902 1175 1044 1259 pertinet
1059 1174 1082 1235 ¹.
1105 1175 1134 1236 A

105 1256 227 1350 petitus
249 1265 356 1320 nutem
378 1255 548 1320 irascibilis
570 1267 618 1321 est
632 1276 671 1320 ea
687 1194 835 1330 ficultas,
857 1275 921 1350 qua
942 1255 1049 1318 anima
1068 1265 1122 1319 ten
1147 1256 1174 1318 it

104 1356 139 1398 iii
165 1335 297 1420 aliquod
321 1336 465 1414 bonum,
487 1348 649 1421 quatenus
676 1335 890 1423 apprehendit
915 1335 996 1401 illud
1025 1337 1091 1400 viiii
1118 1335 1174 1399 ba-

104 1415 182 1482 bere
205 1417 354 1483 vincendi
379 1419 595 1495 difficultates,
618 1418 739 1502 quibus
760 1419 819 1482 ade
845 1420 914 1492 tio,
937 1426 994 1482 aut
1014 1418 1173 1502 possessio

101 1498 195 1580 illius
218 1499 309 1578 boni,
332 1500 419 1584 qnod
442 1503 638 1588 appetimuS,
661 1511 694 1565 et
714 1498 750 1565 fii
775 1522 793 1564 a
816 1439 904 1564 illius
919 1499 1008 1576 mali,
1031 1497 1118 1583 quod
1140 1519 1177 1561 a·

104 1601 276 1645 versamur
298 1583 447 1676 appetitu
469 1581 634 1659 sensitivo,
658 1583 702 1645 im
727 1522 920 1647 odiuntur¹.
945 1582 984 1646 Ε.
1003 1602 1050 1666 g.,
1073 1586 1193 1666 appe·x

104 1661 168 1726 iiiu
192 1663 442 1747 concupiscibili
464 1662 650 1749 appetimus
672 1601 795 1739 cibum,
818 1675 852 1728 et
872 1683 890 1725 a
913 1683 1038 1727 veneno
1059 1660 1176 1727 abbor-

104 1763 228 1821 remus;
250 1745 400 1831 appetitu
422 1754 532 1811 autem
554 1744 712 1809 irascibili
734 1746 917 1827 appetimus
937 1744 1057 1818 rixam,
1073 1744 1175 1810 veluti

105 1823 241 1901 bonum,
263 1846 328 1911 quo
349 1826 528 1892 resistimus
550 1826 604 1903 iis,
626 1826 685 1910 qui
708 1826 801 1892 nobis
822 1825 908 1889 viam
936 1824 1110 1891 obstruunt
1131 1825 1173 1889 ad

105 1909 340 1973 assecutionem
373 1905 464 1984 cibi,
494 1907 544 1972 vel
569 1927 729 1972 venenum
762 1906 1059 1992 propinantibus
1086 1905 1180 1971 obie-

105 1999 193 2054 ctum
216 1991 377 2074 appetitus
398 1987 663 2074 concupiscibilis
686 1987 807 2054 dicitur
827 2008 897 2052 esse
918 1987 1102 2064 dilectabile,
1115 1989 1176 2053 sb-

103 2071 226 2136 iectum
249 2081 355 2138 autem
379 2070 543 2156 appetitus
575 2070 751 2135 irascibilis
780 2069 903 2136 dicitur
924 2090 992 2134 esse
1024 2069 1175 2146 arduum,

105 2153 185 2236 quia
206 2151 260 2216 bic
281 2154 443 2249 appetitus
465 2150 565 2218 tendit
581 2151 621 2215 ad
637 2151 848 2218 destruendas
868 2149 1085 2227 difficultates,
1100 2153 1177 2236 qui-

105 2231 168 2297 bus
190 2242 350 2298 assecutio
366 2235 442 2299 boni
457 2232 509 2298 vel
532 2232 610 2331 fuga
633 2233 711 2297 mali
733 2231 923 2317 impeditur,
938 2244 996 2298 aut
1009 2231 1171 2299 turbatur.

147 2314 217 2381 192.
242 2315 292 2379 Ex
313 2315 386 2392 bis,
408 2335 491 2399 quae
514 2314 660 2381 diximus
680 2315 766 2379 circa
788 2325 937 2378 naturam
964 2317 1126 2399 appetitus
1150 2315 1180 2377 i-

104 2394 283 2474 rascibilis,
307 2398 520 2480 consequitur
541 2396 664 2461 illums
688 2409 794 2462 ectare
809 2394 849 2460 ad
869 2393 1109 2460 defendendum
1122 2417 1176 2474 ea,

106 2479 147 2544 ad
169 2499 251 2564 quae
274 2479 420 2564 appetitu
441 2415 687 2562 concupiscibili
702 2478 873 2543 trahimur.
894 2478 1041 2556 Etenim,
1064 2479 1112 2542 uti
1133 2499 1178 2542 ex

104 2560 291 2626 iamdictis
313 2569 423 2646 patet,
447 2581 521 2629 cum
544 2560 806 2644 concupiscimus
827 2559 973 2645 aliquam
997 2579 1066 2624 rem
1089 2557 1180 2623 dele-

106 2643 271 2720 ctabilem,
294 2643 388 2706 cuius
409 2642 570 2708 assecutio
591 2641 693 2707 ardua
714 2651 784 2719 est,
810 2641 943 2726 exurgit
963 2642 1128 2736 appetitus
1151 2641 1182 2705 i-

106 2726 271 2790 rascibilis
292 2722 332 2788 ad
355 2745 392 2789 ea
412 2725 602 2801 amovenda,
618 2745 701 2808 quae
717 2723 804 2787 illius
826 2723 1047 2789 consecutioni
1074 2723 1181 2807 impc-

107 2806 252 2872 dimeuto
284 2815 379 2883 sunt,
404 2807 501 2889 idque
530 2828 569 2872 eo
598 2806 831 2871 vehementiori
861 2815 1000 2890 praestat
1027 2806 1178 2886 impetn,

107 2907 173 2972 quo
196 2889 301 2952 maior
322 2898 371 2953 est
391 2887 567 2984 cupiditas,
590 2887 712 2970 quain
735 2885 823 2951 illam
846 2906 916 2950 rem
930 2885 1089 2968 rapimur.
1112 2885 1182 2950 Ea·

107 2982 240 3054 propter
261 2969 419 3054 appetitio
441 2968 617 3034 irascibilis
637 2968 797 3052 originem
823 2965 914 3033 ducit
941 2966 982 3031 ab
1003 2987 1067 3040 eo,
1089 2965 1182 3051 quod

108 3053 254 3138 appetitu
276 3050 523 3196 concupiscibili
546 3051 742 3135 expetimus,
765 3059 798 3114 et
818 3047 939 3115 desinit
960 3051 994 3112 in
1018 3049 1184 3133 tranquil-

62 3169 66 3176 ‚
108 3132 173 3198 lam
194 3132 336 3198 eiusdem
359 3153 376 3196 a
401 3132 578 3219 eptionem,
601 3131 653 3198 vel
674 3128 866 3196 fruitionem
881 3131 903 3192 ³.

150 3217 221 3283 193.
244 3215 418 3301 Appetitus
432 3215 617 3292 sensitivus,
634 3215 702 3281 sive
718 3210 997 3299 concupiscibilis,
1021 3209 1091 3276 sive
1113 3211 1181 3273 ira-

150 3501 159 3536 ¹
180 3502 228 3564 ος.
248 3502 347 3564 dispp..
369 3500 408 3549 Ds
430 3499 503 3557 Vir„
523 3512 550 3561 q.
572 3491 657 3554 XXV,
677 3510 704 3547 a.
725 3497 741 3548 9
761 3495 794 3546 ad
813 3497 842 3546 1.

143 3571 155 3608 ²
174 3571 196 3628 l,
215 3586 243 3636 q.
264 3567 395 3628 lxxxii,
415 3584 442 3619 ι.
464 3571 481 3620 o
500 3583 526 3619 c.
547 3563 583 3619 Cf
598 3581 621 3618 s.
641 3565 711 3632 Aug.
727 3571 777 3634 Ep.
791 3570 957 3633 adlt'slri'd„
972 3567 1025 3636 lip.
1040 3571 1088 3637 11,
1102 3588 1132 3625 n.
1148 3578 1184 3629 4.

145 3644 207 3694 31η
225 3644 269 3693 li'b.
293 3644 333 3694 111
352 3645 435 3701 Sciit..
457 3639 524 3692 uisi.
545 3637 643 3702 XbVl,
663 3655 691 3704 q.
714 3639 735 3703 l,
756 3657 782 3691 a.
802 3642 818 3692 9.
838 3643 887 3694 sot.
