2475 3909
383 155 572 208 rnnonoars
594 158 783 207 servastis
1027 136 1089 207 329

59 257 140 322 tur,
164 258 247 329 qnae
269 243 476 328 appellantur
496 241 652 319 relation,
674 244 751 327 qnia
774 239 918 325 aliquam
938 239 1000 308 Dei
1023 243 1129 327 perse·

59 331 202 394 ctionem
228 323 413 409 significant
439 346 514 391 cnm
537 323 696 390 relatione
726 324 766 389 ad
787 333 976 400 creaturas,
1000 324 1050 389 vel
1073 346 1128 410 poa
1183 382 1185 387 .

62 411 128 477 tius
148 429 222 473 cum
245 407 404 473 relatione
426 418 651 472 creaturarum
673 402 713 469 ad
737 407 854 480 Deum,
877 405 1054 490 siquidem,
1077 410 1127 472 uti

59 490 142 556 alibi
164 488 423 564 adnotavimns¹,
438 500 607 554 creaturae
626 486 748 552 realem
762 486 803 551 ad
819 486 924 551 Deum
945 485 1062 555 habent
1076 509 1127 554 ra·

58 573 240 648 lationem,
262 591 325 635 non
349 570 437 637 Dens
459 571 498 635 ad
523 571 604 635 illas.
630 570 679 634 De
700 568 750 633 his
779 588 883 654 pauca
904 570 1128 654 attingemus,

60 665 234 739 ceteraque
256 652 427 738 Theologis
448 650 643 738 disputanda
664 649 891 735 relinquimus.

360 785 429 839 Aac.
444 786 465 837 l.
477 816 511 825 -
524 786 561 838 lic
581 786 759 851 Simplicitate
779 784 825 837 Det

101 893 317 961 nonomine
345 891 559 979 simplicitatis
583 890 664 957 illud
687 891 878 958 attributum
902 889 1127 977 intelligimus,

60 1000 128 1062 quo
149 976 251 1042 aDeo
274 996 499 1071 quaecumque
526 975 718 1061 compositio
741 974 807 1039 sive
825 975 968 1060 pdpsicn,
984 976 1052 1039 sive
1068 996 1131 1039 ma-

60 1057 250 1144 tuplrysicn,
274 1078 341 1121 sive
364 1058 393 1120 lo
414 1058 462 1121 ico
488 1067 688 1122 removetur.
713 1056 913 1142 Compositio
931 1059 975 1140 pli
999 1058 1063 1121 sien
1091 1078 1130 1123 ea

61 1154 123 1235 est,
139 1160 231 1236 quae·
244 1161 284 1203 ex
307 1077 456 1221 partiius
477 1139 784 1236 reipsadistiqctis
806 1141 948 1237 exurgit.
1006 1139 1130 1224 ctnplsp-

60 1230 290 1368 {asts-stt
310 1219 645 1380 stetissent
661 1219 1131 1386 tl'lltsttl'tttstlt:

61 1386 137 1449 liuto
157 1383 414 1469 distinguuntur.
437 1384 587 1468 Denique
608 1384 800 1468 compositio
822 1384 919 1466 logico
947 1384 1072 1450 dicitur
1091 1384 1131 1449 de

60 1467 175 1541 rebus,
191 1478 348 1549 quatenus
368 1465 428 1531 hae
450 1465 510 1531 sub
526 1466 637 1550 aliquo
659 1485 775 1549 genere
797 1468 1018 1539 eontinentur,
1036 1467 1082 1535 ita
1096 1480 1132 1534 ut

61 1572 104 1615 ex
149 1568 256 1623 encre,
279 1561 313 1615 et
333 1547 516 1615 differentia
538 1556 695 1613 constent.

60 1715 83 1780 d
148 1628 277 1716 ,Prop
301 1630 439 1707 Quodvis
466 1630 698 1713 compositionis
725 1647 819 1711 panus
844 1652 864 1693 o
884 1629 948 1693 Deo
975 1650 1131 1695 rcrnoocn·

82 1734 138 1777 nm
159 1721 215 1774 est.

105 1792 263 1861 Prosun-
283 1814 326 1858 ex
347 1814 399 1869 eo,
421 1792 509 1878 quod
531 1792 619 1858 Dens
641 1810 767 1858 summe
790 1791 953 1875 perlectus
973 1802 1032 1857 est.
1049 1796 1131 1861 Sane

60 1902 80 1939 a
97 1878 131 1941 in
153 1874 302 1973 quolibet
329 1895 447 1960 genere
475 1885 563 1939 tanto
591 1872 714 2019 aliquid
744 1885 791 1939 est
819 1873 987 1947 nobilius,
1010 1886 1131 1959 quanto

60 1958 266 2045 simplicius;
281 1958 378 2033 sient,
394 1959 427 2022 in
443 1978 561 2042 genere
576 1956 638 2020 cali
664 1954 686 2031 i,
704 1956 800 2037 ignis,
813 1958 869 2040 qni
885 1977 949 2022 non
964 1957 1060 2023 habet
1074 1958 1132 2023 ati-

54 2060 161 2125 -quam
183 2060 242 2125 per
264 2040 455 2104 mixtionem
478 2036 605 2122 frigidi.
628 2035 723 2115 Quod
746 2039 850 2123 igitur
870 2048 918 2104 est
940 2041 971 2103 in
996 2038 1057 2103 line
1074 2062 1130 2104 no-

58 2123 199 2189 bilitatis
220 2121 369 2187 omnium
383 2123 521 2196 entium,
539 2130 668 2203 oportet
682 2140 750 2183 esse
774 2120 807 2185 in
822 2118 884 2185 fine
899 2120 1129 2205 simplicitatis.

59 2206 267 2278 limantem,
289 2202 376 2287 qnod
397 2211 446 2268 est
468 2203 501 2267 in
532 2200 594 2267 fine
617 2200 797 2268 nobilitatis
819 2201 966 2267 omnium
990 2205 1129 2279 entium,

60 2285 204 2404 dicimqs
227 2282 332 2349 Deum
356 2333 364 2349 .
390 2332 398 2348 .
424 2332 432 2348 .
454 2281 551 2351 Nulla
572 2281 676 2367 igitur
702 2284 896 2369 compositio
922 2284 960 2349 Ei
984 2282 1131 2349 accidere

87 2376 170 2434 otest
210 2388 239 2428 n.
337 2390 341 2397 ’

62 2390 85 2454 p
103 2451 155 2521 81.
173 2446 349 2532 Speciatim
371 2454 479 2511 autem
500 2443 609 2528 quoad
632 2445 775 2529 singulas
797 2447 1044 2531 compositionis
1062 2466 1132 2531 spe-

61 2534 142 2606 cies,
169 2540 235 2595 tres
255 2539 426 2611 sequentes
448 2528 685 2611 propositiones
712 2524 985 2592 demonstramus:

106 2615 170 2678 Pro
197 2660 204 2673 .
230 2608 275 2673 1¹.
300 2611 433 2687 muccis
449 2609 581 2693 physico
606 2609 787 2693 compositio
810 2608 873 2671 Deo
893 2618 1056 2692 repugnat.

107 2631 266 2760 Proinur
287 2712 328 2756 ex
350 2710 412 2766 eo,
434 2690 522 2777 qnod
543 2690 633 2754 Deus
655 2700 704 2757 est
726 2691 869 2775 primum
892 2692 967 2755 Ens.
993 2690 1040 2755 lle
1062 2692 1133 2777 qui-

63 2776 138 2841 dem
163 2795 250 2847 vera,
274 2793 399 2837 «omne
422 2774 641 2858 compositum
664 2773 826 2857 posterius
846 2782 893 2836 est
916 2774 982 2836 suis
1005 2793 1134 2851 compo-

62 2856 229 2929 nentibus.
253 2855 401 2918 Primum
434 2875 512 2940 ergo
535 2856 625 2926 Ens,
648 2852 733 2937 quod
757 2854 845 2918 Deus
866 2863 938 2929 est,
963 2875 1004 2919 ex
1033 2854 1132 2919 nullis

62 2938 281 3024 compositum
303 2937 374 3001 est⁸
390 2957 419 2998 s.
443 2936 606 3021 Insuper,
630 2939 768 3001 somnis
790 2936 984 3021 compositio
1007 2936 1133 3020 indiget

62 3020 176 3105 aliquo
197 3026 423 3102 componente,
446 3019 583 3083 sienim
606 3018 799 3103 compositio
821 3029 894 3093 est,
918 3040 959 3082 ex
983 3016 1133 3103 pluribus

61 3112 130 3176 est;
152 3123 236 3186 qnae
258 3113 365 3167 autem
388 3098 567 3164 secundnm
591 3120 624 3163 se
647 3109 722 3163 sunt
745 3098 862 3184 plura,
886 3102 920 3165 in
944 3122 1043 3165 unum
1066 3119 1129 3162 non

61 3186 284 3259 conveniunt,
306 3183 370 3247 nisi
392 3180 566 3265 abaliquo
587 3192 799 3263 componente
821 3184 989 3248 uniantur.
1013 3182 1046 3249 Si
1071 3180 1131 3263 igi-

62 3278 121 3335 tnr
143 3268 342 3353 compositus
362 3273 447 3330 esset
468 3263 581 3339 Dens,
605 3262 739 3329 haberet
770 3275 1041 3350 componentem
1065 3281 1130 3325 non

102 3540 111 3575 ¹
133 3533 168 3589 Cl
188 3538 247 3600 cop.
269 3551 326 3598 par.
347 3534 369 3593 1,
390 3551 416 3587 e.
438 3533 459 3594 l,
478 3550 505 3588 a.
526 3534 554 3591 8,
575 3548 602 3596 p.
627 3532 719 3588 ists.
739 3534 792 3582 vol.
817 3530 835 3582 l.

100 3610 115 3649 ²
139 3612 226 3665 Contr.
248 3610 334 3672 Gonn,
356 3610 401 3659 lib.
423 3605 446 3672 1,
465 3622 492 3659 c.
516 3605 611 3659 ts.-³
632 3605 828 3665 sesentiens,
849 3604 914 3657 l.c.
