2475 3909
155 183 218 248 aia
533 199 806 247 nnrnnorouoorn

120 285 154 346 iu
177 305 314 370 corpore
336 283 602 369 conspiciuntur,
626 303 663 347 ao
685 282 822 369 proinde
849 283 1025 353 admittunt
1046 290 1190 374 proprie·

122 375 202 429 tates
224 369 337 433 vitales
353 370 385 432 in
401 386 537 511 corpore
554 385 572 429 a
588 366 729 513 phpsiois
744 377 777 432 et
791 365 946 453 chymicis
965 369 1122 447 diversam
1137 373 1188 435 sed

123 466 197 510 eum
227 469 286 534 pro
307 459 398 513 certo
420 450 460 514 ha
485 457 560 513 eant
581 469 625 512 nu
641 448 708 511 ium
732 448 993 532 phaenomenum
1015 454 1191 550 vitae-pos·

122 547 155 592 se
171 527 212 592 ab
228 532 334 596 anima
359 531 476 616 repeti,
501 540 634 596 tuentur
655 530 769 594 harum
786 533 1023 612 proprietatum
1046 535 1189 599 ritairum

116 611 342 766 principium,
365 624 398 678 et
418 610 602 677 subiectum
624 631 692 675 esse
716 610 820 704 ipsam
844 615 1019 678 materiam¹
1034 619 1188 712 corporis.

149 714 240 769 uare,
262 693 443 758 secundum
466 694 566 778 ipsos,
589 692 789 779 principium
814 691 908 758 vitaie
933 717 996 758 uon
1022 695 1190 783 distingui·

116 784 172 839 tur
193 775 234 840 ab
257 775 327 859 ipsa
350 776 488 841 materia
510 794 709 859 organorum
725 773 749 849 ¹,
770 769 824 837 sed
840 787 886 840 est
907 777 1065 861 quaedam
1082 779 1132 842 vis
1148 781 1191 844 iu·

117 857 192 933 sita,
215 859 412 943 propriaque
435 857 601 930 materiae,
625 866 656 921 et
680 874 768 918 mera
783 855 854 918 eius
870 857 998 924 aiieotio
1017 863 1041 923 ².
1060 862 1131 924 iioo
1146 883 1190 948 sp·

118 947 220 1002 stema
255 960 272 1002 a
306 940 411 1006 Sociis
433 937 629 1003 Academiae
663 935 877 1013 Parisiensis,
923 939 1020 1006 uibus
1049 941 1191 1007 Bordeus

114 1021 305 1164 praecessit,
327 1020 423 1086 hodie
440 1027 676 1107 propugnatur.
699 1016 781 1082 iilud
796 1019 880 1082 inter
942 1022 1076 1100 rdeum,
1098 1034 1190 1109 atque

139 1099 291 1166 odiernos
323 1103 536 1188 organicistas
570 1099 766 1164 Academiae
799 1100 994 1169 Parisiensis
1032 1105 1189 1178 interest,

116 1181 204 1276 quod
220 1182 274 1248 iiie
288 1186 408 1268 cuique
430 1205 553 1270 organo
576 1181 725 1276 eorporie
742 1182 1022 1278 propriam-vitam
1038 1186 1154 1253 tribuit
1168 1189 1189 1263 ⁸,

114 1263 150 1328 lu
174 1285 262 1344 vero,
284 1278 322 1334 ut
343 1268 501 1331 unitatem
523 1268 673 1350 corporis
696 1275 835 1329 vrventrs
858 1275 988 1342 sartam,
1010 1277 1188 1354 tectamque

116 1343 250 1421 iaciant,
272 1349 408 1416 unicum
428 1368 498 1412 esse
522 1345 724 1432 principium
747 1344 845 1410 vitale
874 1350 1028 1413 materiae
1056 1370 1191 1436 organo

120 1447 194 1492 rum
217 1429 351 1498 insitum
374 1439 530 1543 pugnant.

158 1510 211 1574 70.
237 1511 334 1600 Prop.
360 1514 405 1577 1.
431 1509 660 1594 Principium,
689 1528 729 1570 eo·
749 1527 809 1592 quo
830 1509 963 1573 notiones
992 1511 1102 1575 oitnies
1120 1535 1191 1598 pro-

123 1603 263 1670 manant,
284 1606 328 1660 eet
349 1594 536 1658 distinerent
558 1613 579 1655 o
598 1591 733 1653 materia
755 1589 905 1673 corporis.

160 1671 321 1740 Probatur
343 1674 375 1739 1⁰
397 1675 524 1760 Corpus
545 1673 739 1746 humanum,
787 1670 900 1735 erinde
922 1693 958 1736 ae
1004 1672 1194 1740 uodiibeta-

118 1751 186 1817 iiud
211 1774 343 1842 eorpus,
364 1777 429 1820 uon
451 1764 561 1842 posset
581 1775 623 1817 ex
644 1689 838 1898 ‹puibusdam
869 1693 1064 1830 moiecidis,
1089 1758 1189 1822 reiuti

118 1834 280 1919 partibus,
302 1839 468 1913 constitui,
491 1837 553 1901 nisi
577 1836 618 1900 sit
639 1832 770 1918 aiquod
793 1834 1010 1980 principium,
1024 1857 1091 1920 quo
1105 1840 1191 1924 ipsae

117 1932 371 2005 congregantur,
395 1929 492 2004 atque
515 1916 555 1982 ad
577 1917 738 1982 unitatem
760 1935 797 1980 su
822 1923 956 1982 stantiae
980 1919 1192 1996 reducuntur,

119 1999 265 2084 alioquin
289 2023 407 2088 eorpus
429 2021 492 2064 non
514 2011 598 2065 esset
620 2018 719 2061 unum
739 2015 797 2082 per
818 2018 861 2074 ee,
883 2000 979 2081 quaie
999 2001 1112 2085 reipsa
1134 2015 1191 2076 est,

118 2079 172 2146 sed
197 2103 299 2150 uuum
316 2105 376 2170 per
397 2082 549 2146 occidens.
573 2082 643 2145 Hoc
660 2079 860 2162 praemisso,
884 2101 923 2143 en
951 2093 1191 2168 argumentum:

117 2162 200 2226 iliud
224 2168 436 2253 principium,
459 2184 500 2227 ex
522 2185 587 2250 quo
609 2180 728 2244 corpus
749 2162 973 2236 constituitur,
994 2183 1053 2227 seu
1072 2186 1116 2228 ex
1131 2187 1194 2252 quo

119 2244 298 2315 molooniae
321 2247 535 2314 inunitatem
563 2244 710 2327 corporis
736 2242 943 2320 coalescunt,
966 2267 983 2309 a
1012 2249 1151 2312 materia
1173 2251 1196 2311 i-

118 2330 210 2412 psius
231 2329 377 2417 eorporis
398 2325 625 2410 distinguitur;
641 2325 764 2409 quippe
786 2320 872 2406 quod
894 2323 1002 2410 ipsum
1024 2328 1138 2400 efficit,
1161 2337 1195 2392 ut

119 2411 310 2492 molooniae,
332 2429 415 2499 qnae
434 2408 573 2492 potentio
587 2427 645 2471 eor
670 2427 708 2470 us
722 2415 809 2480 sunt,
823 2415 896 2468 netu
916 2427 1034 2492 eorpus
1050 2407 1143 2478 fiant:
1161 2431 1195 2474 aa

119 2493 256 2574 proinde
279 2517 298 2560 a
319 2489 455 2558 materia
469 2490 615 2574 corporis
657 2488 858 2570 {stinguitun
887 2509 988 2573 aeque
1010 2509 1047 2552 ao
1070 2505 1196 2556 actusa

119 2577 275 2656 potentia,
298 2597 356 2641 seu
384 2571 489 2636 iorma
517 2593 535 2634 a
565 2569 839 2652 materiatum
865 2568 1051 2634 huiusmodi
1074 2574 1199 2657 priuci-

120 2659 234 2738 pium,
257 2680 296 2724 ex
324 2676 389 2742 quo
412 2674 468 2717 cor
492 2673 531 2717 us
558 2650 736 2715 humanum
758 2651 985 2729 constituitur,
1007 2652 1108 2719 debet
1129 2677 1198 2722 esse

119 2741 231 2819 vitale,
247 2742 325 2826 quia
340 2755 457 2822 eorpus
471 2673 655 2798 irumanum
677 2740 726 2797 est
745 2730 869 2795 vivum.
886 2734 973 2817 Ergo
994 2737 1200 2822 principium

121 2822 219 2886 vitale
241 2843 259 2886 a
283 2819 417 2886 materia
440 2815 586 2899 corporis
605 2814 728 2898 reipsa
749 2809 962 2896 distinguitur
975 2819 1000 2878 ⁸.

440 2969 773 2990 Μ

158 3076 167 3112 r
188 3072 359 3125 planetarum
378 3076 419 3121 222
437 3082 536 3132 organa
556 3067 589 3117 ab
602 3061 775 3128 Orgarrieistio
787 3063 909 3127 intelligi,
923 3071 1002 3127 prout
1016 3073 1077 3118 runt
1093 3070 1201 3134 aliquid

118 3147 270 3203 materiate,
290 3159 341 3194 non
361 3157 423 3193 vero
443 3146 521 3204 prout
540 3140 573 3188 ab
591 3139 678 3187 anime
700 3135 887 3186 informantur.

155 3218 242 3270 ²iioo
262 3222 375 3280 systema
397 3215 496 3264 dieitur
515 3211 723 3275 orponteirmns.
744 3211 805 3271 quin
824 3208 992 3271 operationes
1017 3211 1117 3262 vitales
1136 3227 1151 3262 a
1174 3217 1200 3264 ri

116 3297 197 3344 insita
218 3291 345 3339 materiae
364 3297 523 3348 organorum
543 3281 661 3344 eorporis
679 3281 786 3342 repetit.
805 3276 908 3330 Diditur
925 3281 1007 3330 etiam
1032 3285 1199 3340 sedatiores.

117 3368 180 3426 quia
201 3363 255 3411 vim
274 3362 347 3409 iiiam
368 3358 485 3421 partibus
503 3357 593 3405 antidit
610 3354 729 3414 corporis
749 3353 851 3401 tribuit.

156 3436 168 3468 ὃ
186 3431 303 3482 Burdeos
323 3431 348 3478 id
368 3431 453 3493 primo
471 3428 563 3478 docuit
576 3429 602 3474 in
618 3427 730 3473 iiiuert.
750 3426 861 3488 pinnini.
875 3426 906 3476 de
918 3439 994 3474 renen
1006 3433 1126 3490 guterio·
1138 3445 1202 3480 oon-

120 3506 254 3561 ttderoto,
280 3516 361 3564 quam
386 3499 507 3550 exhibuit
529 3511 574 3546 an.
595 3490 739 3545 iiiiCCiiii
765 3493 897 3546 Faouitati
923 3497 1020 3547 medio.
1047 3495 1198 3566 iionspet.‚

121 3585 255 3636 quamque
273 3573 367 3621 eodem
386 3585 456 3620 anno
475 3568 624 3628 Mouspeiiii
643 3569 787 3630 evulgavit·

157 3640 254 3691 ⁶iituo
273 3658 296 3692 e.
317 3642 478 3705 Augustinus
504 3643 618 3691 animam
640 3651 697 3688 erse
716 3639 806 3689 docuit
825 3639 888 3690 titud
916 3642 1098 3705 principiam,
1127 3645 1201 3710 quod
