2475 3909
458 174 540 227 mas
562 176 692 227 surana
1029 156 1070 225 aa

54 258 235 344 cognitione
258 262 428 327 veritatum
450 263 684 348 locupletatur,
707 261 786 347 quia
808 262 840 325 in
861 258 905 326 iis
924 278 965 326 ex
986 282 1019 326 se
1042 264 1113 346 ipsa

53 342 255 427 inquirendis
277 354 403 430 tempus
425 341 545 411 frustra
570 355 663 411 terat.
687 345 742 411 Sin
763 344 1055 420 aiternm‚etiicitur
1075 353 1113 409 ut

52 442 193 500 amores,
218 425 251 488 in
274 446 356 511 quos
377 427 434 490 alii
458 437 529 493 ante
547 449 604 492 nos
625 426 821 503 inciderunt,
843 427 997 504 vitemus,
1020 425 1118 492 alias·

52 524 106 589 que
133 505 264 573 eiusad
289 529 402 572 verum
424 510 652 576 inveniendum
674 508 929 596 ingrediamur¹.

83 636 152 689 tar.
175 634 306 689 rv.-os
327 639 401 696 iocis,
421 640 567 703 exquibus
586 630 740 703 argumenta
760 640 899 689 dialectica
918 639 1077 689 hauriuntur

86 745 137 812 36.
164 745 265 809 Locus
281 766 298 809 a
314 742 522 831 Teophrasto,
544 744 706 831 discipulo
720 734 919 819 Aristotelis,
938 744 983 809 ita
999 742 1113 809 defini-

51 840 115 891 tur:
140 824 324 911 Propositio
346 828 484 891 omnium
506 827 641 893 manime
662 828 870 903 universatis,
891 848 971 913 quae.
983 845 1042 911 per
1063 828 1114 891 di·
1162 854 1167 864 ·

53 930 135 973 tersa
157 930 268 992 quaero
288 930 394 974 rerum
416 908 617 975 determinata
639 908 788 976 solutioni
808 910 1017 995 quaestionum
1043 911 1113 975 dia-

52 992 231 1055 lecticarum
254 992 406 1057 inseruire
424 996 555 1076 pateam.
586 997 624 1060 E.
650 1014 696 1079 g„
724 993 750 1056 si
780 1001 977 1076 quaeratur,
1000 1004 1108 1057 utrum

51 1074 169 1138 sanitas
190 1074 299 1139 melior
315 1076 437 1171 potione
459 1076 516 1152 sit,
540 1076 660 1141 solutio
681 1074 748 1161 peti
793 1084 874 1141 otest
895 1073 935 1138 ab
957 1074 1015 1140 hac
1036 1097 1111 1162 pro-

51 1156 222 1243 positione:
248 1156 340 1222 Fims
363 1169 404 1220 ert
426 1157 536 1221 melior
558 1158 614 1235 iis,
636 1178 713 1243 quoe
732 1157 760 1219 a'
793 1156 881 1241 finem
906 1157 1111 1234 destinantem

51 1260 119 1303 nam
144 1258 188 1302 ex
210 1238 241 1303 vi
263 1238 359 1305 huius
382 1240 589 1325 pronunciati
607 1241 683 1306 licet
704 1240 750 1304 ita
772 1240 1002 1324 argumentari:
1017 1238 1113 1305 Finis

50 1334 86 1385 rat
109 1319 226 1383 medior
245 1321 302 1399 iis,
323 1342 398 1406 quae
421 1322 461 1385 ad
481 1322 571 1408 finem
594 1323 800 1398 dominantum
822 1322 909 1407 atqui
930 1322 1048 1386 sanitae
1067 1332 1113 1388 ert

51 1404 147 1485 finis,
172 1403 208 1466 ab
231 1424 318 1490 quem
336 1405 423 1486 potio
446 1401 659 1481 desideratum
688 1422 758 1487 erqo
784 1404 901 1469 sanitae
929 1405 1039 1469 melior
1055 1426 1112 1491 po-

51 1488 131 1549 tione
156 1496 212 1549 eet.
533 1516 537 1527 ·
728 1542 733 1553 .

86 1570 140 1635 37.
167 1566 329 1643 Quoniam
350 1570 554 1651 quaestiones
575 1567 764 1633 dialecticae
786 1579 881 1645 sunt,
902 1577 939 1631 ut
958 1566 1113 1642 diximus,

49 1652 95 1715 rei
141 1650 267 1724 enoris,
291 1648 340 1711 vei
366 1650 575 1735 definitionis,
605 1649 656 1717 vel
679 1648 828 1734 proprii,
858 1649 908 1714 vei
935 1651 1113 1725 accidentis,

48 1669 289 1818 quadripartita
311 1743 360 1795 est
374 1732 492 1797 divisio
508 1733 664 1810 locorum,
700 1734 753 1796 uia
768 1733 823 1796 alii
839 1753 952 1797 aarum
966 1754 985 1794 a
995 1753 1113 1816 qenere,

48 1818 99 1880 alii
124 1836 145 1878 a
167 1814 353 1895 definitione,
376 1812 432 1877 aiii
456 1816 642 1901 aprayario,
666 1754 721 1879 aiii
745 1814 885 1900 danique
906 1813 942 1877 ad
963 1816 1114 1880 accidente

48 1907 234 1963 sumuntur.
259 1896 308 1961 Ex
330 1894 479 1980 piurimis
508 1896 607 1973 iocis,
637 1898 695 1983 qui
723 1894 763 1960 ab
791 1896 841 1960 his
868 1895 1004 1980 singulis
1026 1901 1111 1962 sumi

49 1991 200 2065 possunt,
225 1997 338 2054 unum,
361 1987 392 2042 et
413 1978 565 2044 aiterum.
589 1978 728 2064 exanipii
751 1981 864 2056 instar,
879 1989 1114 2062 exponemus.'

86 2062 138 2129 38.
165 2061 215 2125 nd
239 2059 320 2135 ioca,
337 2079 426 2205 1quaa
448 2060 489 2124 ab
510 2062 661 2127 accidente
677 2072 860 2135 sumuntur,
877 2060 1036 2147 pertinent
1051 2061 1111 2127 hae

50 2144 312 2229 propositiones:
395 2140 632 2207 Contrariorum
660 2143 819 2207 contraria
846 2152 918 2208 sunt
945 2142 1113 2221 attritam,

49 2228 76 2289 ri
98 2232 200 2291 cuius
223 2226 266 2289 ita
289 2225 454 2309 arguitur:
481 2226 590 2291 iustus
611 2239 654 2291 est
676 2224 858 2302 laudandum
881 2244 950 2306 erqo
971 2226 1113 2294 iniustus

50 2320 88 2371 ast
104 2306 340 2392 vituperandus.
357 2304 392 2369 ’2ο
407 2304 518 2371 Eidem
534 2304 668 2373 subiecto
683 2310 842 2375 contraria
854 2307 1003 2372 attributa
1018 2309 1113 2372 inesse

51 2402 213 2476 nequeunt3
236 2386 321 2453 unde
345 2410 385 2452 ex
407 2410 457 2463 eo,
482 2387 568 2474 quod
590 2412 691 2455 unum
713 2390 843 2455 iliorum
860 2392 943 2455 inest
956 2388 1114 2467 subiecto,

51 2474 203 2559 arguitur
225 2471 359 2535 aiterum
383 2471 412 2535 ei
438 2491 499 2535 non
523 2473 637 2537 inesse.
661 2473 699 2536 E.
724 2494 768 2558 g.‚
791 2474 900 2538 Iustus
922 2481 965 2535 est
987 2470 1115 2537 laudan-

51 2554 126 2631 dus,·
147 2574 221 2637 erqo
244 2554 346 2617 iustus
367 2573 427 2615 nan
448 2563 491 2615 est
514 2553 747 2638 vituperandum
769 2564 813 2628 et,
835 2554 980 2619 iniustus
1002 2566 1045 2617 est
1067 2557 1116 2621 ei-

52 2637 255 2719 tuperandus;
278 2652 346 2729 erqo
368 2634 507 2698 iniustus
527 2655 587 2699 non
608 2649 650 2700 est
672 2633 1008 2702 inneneuuendiun
1022 2640 1115 2702 attri-

52 2718 158 2783 butam
182 2719 351 2781 contrariis
374 2714 519 2780 subiectis
540 2719 638 2783 inesse
658 2740 720 2782 non
734 2730 847 2802 potera
862 2716 945 2783 unde
965 2720 1117 2803 arguitur

51 2800 107 2866 hoc
131 2800 242 2865 mado:
259 2799 368 2864 Iustus
390 2808 433 2861 est
455 2798 637 2876 laudandae·
654 2820 688 2862 er
707 2823 725 2865 o
744 2802 881 2865 iniustus
903 2819 964 2863 uon
984 2811 1028 2865 est
1049 2802 1116 2867 lau·

51 2882 266 3029 dandusgnqt,
291 2881 432 2947 iniustus
454 2891 494 2945 est
518 2882 658 2966 vitupera
699 2905 754 2961 us;
774 2903 845 2965 erqo
866 2883 969 2947 iustus
989 2904 1052 2947 non
1072 2897 1114 2949 ert

54 2968 116 3029 situ
139 2986 175 3029 er
236 2986 284 3027 us.
1106 3004 1108 3008 .

89 2984 141 3116 ati).
167 3049 320 3127 Aqenere
341 3044 462 3129 petitur
488 3042 541 3110 hie
566 3045 675 3111 locust
699 3044 861 3132 1d‚quod
887 3066 949 3111 non
977 3052 1115 3113 convenit

53 3130 150 3193 alicui
172 3127 296 3213 speciei.
319 3137 374 3189 aut
395 3127 567 3204 indiuiduo,
582 3138 700 3193 nonest
715 3148 820 3211 qenus,
844 3130 897 3194 eui
920 3128 978 3193 itta
992 3130 1114 3216 species,

54 3224 104 3275 atat
126 3211 210 3276 iilud
231 3208 430 3273 indiuiduam
455 3208 635 3274 subiicitur.
658 3210 762 3287 Puta,
783 3232 825 3276 ex
845 3213 905 3277 hoa
925 3212 996 3277 loco
1018 3212 1114 3279 facile

86 3446 94 3481 ¹
116 3440 154 3497 Cf
169 3461 192 3495 e.
215 3439 323 3500 Thoan„
345 3444 375 3491 ia
392 3443 438 3491 tto.
461 3443 475 3491 1
484 3444 515 3493 de
534 3445 636 3501 Antan,
652 3444 716 3494 teat.
732 3442 765 3504 ΙΙ,
779 3451 806 3495 et
820 3446 851 3494 in
864 3442 908 3494 aa.
923 3444 951 3493 11
960 3444 1035 3504 Met„
1050 3446 1114 3496 tect.

53 3514 72 3572 L
84 3517 351 3643 tetcil'nunaarum
371 3582 612 3649 sparnacensem,
628 3590 726 3640 comm.
740 3591 824 3639 caru.
842 3592 906 3640 narr
917 3592 1015 3655 capra,
1029 3590 1076 3639 tta.
1091 3586 1114 3647 ι,

56 3662 99 3713 tat.
120 3664 137 3715 Ξ
159 3678 236 3716 uerso
254 3668 281 3711 et
302 3664 330 3709 in
349 3659 393 3708 lid.
416 3660 450 3718 11,
472 3659 519 3709 toi.
539 3658 569 3710 at
592 3669 670 3719 reeta,
692 3660 808 3713 venetiis
830 3663 908 3713 tert.
