2475 3909
158 131 219 201 :tat
462 150 649 203 ruaouaora
675 153 862 206 armariis

121 257 225 332 neque
244 236 356 320 prius,
378 240 657 332 neque'puaterius
680 241 712 304 iu
734 261 772 306 ea
794 239 920 336 admitti
945 253 1108 326 possunt,
1133 239 1187 309 sed

120 319 340 484 quqqqrillqrtqm
361 328 549 405 praeterita,
564 330 632 385 ium
657 321 767 388 futura
783 323 883 390 veluti
901 326 1087 410 praeseutia
1102 346 1190 391 eam·

401 525 470 579 Aur.
493 524 538 577 lll.
554 555 588 564 -
603 525 640 578 lie
660 531 838 582 immensitate
858 529 902 581 liei

161 638 231 702 110.
255 634 338 701 lllud
362 633 422 700 Dei
446 636 653 712 attributum,
674 661 739 723 quo
761 642 850 726 lpse,
875 642 951 708 licet
970 641 1013 704 sit
1036 661 1139 725 supra
1161 663 1192 704 a·

120 720 207 784 muia
223 738 282 804 per
303 719 515 783 eoeaellmtiam
537 739 611 783 suot
631 726 802 796 umorue',
826 734 931 788 lamen
956 723 1113 788 virtutem
1136 723 1189 787 luu-

121 801 186 877 bet,
202 813 237 866 ut
259 801 302 866 sit
325 802 357 864 iu
374 801 526 865 omnibus
547 803 757 884 possibilibus
779 805 886 880 rebus,
904 817 937 872 et
960 805 1039 869 lucis
1063 825 1130 870 uun
1145 825 1190 868 so

122 883 189 950 lum
209 883 470 968 perpotentiam,
494 885 698 969 inquantum
721 889 824 951 amaia
848 887 928 951 Eius
951 889 1101 969 potestati
1121 887 1192 950 sud·

121 967 250 1041 dautur,
274 974 306 1030 et
322 986 381 1049 prr
398 968 621 1048 praesentiam,
644 971 680 1031 iu
701 980 851 1054 quautam
872 975 977 1032 omnio
998 969 1087 1032 uudu
1110 981 1189 1035 suat.

127 1057 156 1110 rt
177 1057 284 1130 aperto
304 1046 401 1112 oculis
421 1046 516 1124 Eius,
539 1046 593 1114 sed
616 1052 716 1114 etiam
735 1073 793 1136 per
814 1053 1003 1126 essentiam,
1025 1052 1106 1135 quia
1126 1051 1191 1112 seat»

125 1132 245 1193 stantia
271 1150 328 1191 sua
349 1129 434 1192 adest
457 1130 598 1196 amatim
617 1179 626 1208 ‚
647 1143 682 1196 ut
703 1155 796 1200 causa
817 1133 932 1198 sulendi
947 1132 981 1206 ⁸,
1006 1131 1191 1218 appellatur

125 1213 329 1275 immensitas.

165 1293 235 1357 111.
259 1294 357 1378 Prop.
383 1292 465 1356 Deus
487 1304 532 1356 est
553 1295 734 1360 immensus.

172 1375 335 1440 Probatur.
360 1376 408 1438 Ex
431 1377 533 1439 variis
556 1381 757 1460 argumentis
779 1377 872 1452 illud,
895 1375 981 1462 quod
1006 1397 1031 1440 s.
1057 1377 1192 1442 Thomas

125 1479 166 1520 ex
191 1457 376 1522 immediata
392 1455 452 1520 Dei
476 1461 663 1542 operatione
686 1461 831 1536 haurit⁸‚
847 1461 1013 1544 eligimus.
1032 1459 1192 1543 Equidem

127 1537 216 1603 Deus
237 1540 271 1602 in
292 1537 444 1604 omnibus
466 1553 641 1625 operatum
664 1541 736 1627 lpse
758 1545 845 1607 enim
868 1552 937 1617 est,
961 1541 1017 1625 qui
1042 1541 1193 1606 omnibus

125 1620 181 1686 ‹lat
204 1641 274 1697 esse,
297 1632 393 1705 atque
418 1622 462 1684 ita
485 1633 521 1686 ut
542 1624 623 1687 nihil
647 1623 765 1689 durare
791 1626 907 1709 possit,
931 1625 993 1686 nisi
1019 1621 1127 1686 Qum
1152 1626 1194 1706 iu

127 1723 197 1766 sum
219 1715 400 1778 conservet,
423 1703 601 1790 eademque
625 1707 670 1782 vi,
693 1727 755 1791 qua
779 1706 993 1793 produxerat,
1012 1705 1123 1789 ipsum
1148 1725 1196 1790 pr·

124 1786 271 1850 renuiter
293 1796 434 1852 tueatur.
460 1787 547 1871 Ergo
570 1786 658 1852 Deus
680 1801 728 1855 est
751 1789 889 1863 intime,
913 1807 949 1852 ao
972 1785 1196 1850 substantiali-

125 1880 173 1931 ter
189 1888 345 1953 =praeseus
367 1867 519 1932 omnibus
542 1870 652 1933 rebus.
676 1873 716 1936 Et
738 1891 836 1944 sane,
860 1891 955 1934 omne
977 1889 1078 1953 agens
1102 1889 1194 1954 opor-

126 1961 170 2014 tet
191 1959 228 2032 ut
250 1951 466 2034 coniungatur
488 1971 562 2016 cum
584 1973 637 2027 eo,
661 1953 693 2016 in
716 1950 803 2038 quod
827 1953 903 2036 agit,
920 1950 969 2016 vel
993 1971 1053 2036 per
1076 1971 1132 2024 se,
1149 1952 1193 2014 rel

125 2051 184 2178 Ber
205 2053 299 2096 suam
322 2034 490 2108 virtutem;
513 2035 615 2101 virtus
639 2043 747 2099 autem
767 2034 827 2098 Dei
852 2045 900 2099 est
922 2034 991 2118 ipsa
1015 2030 1194 2098 substantie

154 2117 199 2188 ei,
222 2135 297 2178 cum
322 2116 354 2178 in
377 2113 436 2177 lllo
458 2135 521 2178 non
544 2117 610 2181 siut
632 2115 824 2182 accidentia.
843 2119 931 2200 Ergo
956 2116 1026 2198 ipsa
1048 2113 1196 2178 substare

125 2198 173 2262 tia
194 2197 255 2261 Dei
280 2196 393 2261 intime
416 2196 505 2261 adest
526 2199 679 2262 omuibus
702 2197 834 2264 rebus⁵.
852 2199 965 2281 Neque
986 2195 1078 2259 dieas
1095 2195 1195 2260 Deum

162 2397 171 2431 ¹
193 2393 221 2445 ld
245 2395 341 2446 melius
366 2396 494 2461 explicari
519 2409 571 2446 non
597 2401 702 2460 potest,
728 2410 808 2460 quam
834 2397 919 2448 serbis
939 2411 961 2446 s.
983 2395 1053 2447 Petri
1075 2395 1197 2448 Damiani

124 2465 238 2535 (opusc.
260 2469 305 2528 36,
326 2483 352 2520 e.
372 2467 425 2538 8),
446 2469 489 2520 ubl
509 2470 548 2519 sio
568 2469 702 2532 loquitur:
725 2487 736 2514 ι
759 2465 938 2531 Omnipoteuti
957 2470 1047 2533 itaque
1069 2467 1128 2522 lien
1148 2487 1195 2522 uon

125 2541 261 2601 estheri,
281 2542 324 2591 rel
343 2555 420 2599 eras.
441 2542 486 2591 sed
506 2541 583 2592 hodie
606 2541 817 2604 sempiternum.
838 2543 882 2592 eui
901 2542 966 2592 uiliil
985 2542 1107 2600 desinit.
1135 2544 1195 2594 nihil

125 2614 240 2672 aceedit,
261 2615 304 2664 eui
325 2614 389 2663 nillil
408 2621 449 2665 est
467 2615 583 2671 variam,
596 2614 664 2663 nihii
682 2628 697 2663 a
717 2626 744 2663 se
763 2614 909 2664 diversum.
925 2611 991 2664 iliud
1011 2613 1095 2664 lindie
1114 2623 1196 2666 aetar-

126 2687 196 2736 nitas
212 2692 253 2735 est
274 2687 509 2744 inoommntabilie.
530 2686 701 2744 indefectiva,
716 2687 915 2746 inaccessibilis,
931 2689 975 2737 eui
989 2687 1119 2738 videlicet
1132 2689 1195 2738 nihil

127 2759 199 2816 addi,
219 2759 285 2808 nihii
305 2759 375 2809 raiet
394 2759 527 2809 imminui.
542 2755 578 2808 lit
590 2760 690 2817 emnia,
705 2771 774 2821 quan
794 2759 864 2822 apud
884 2772 930 2809 nos
948 2759 1080 2810 elabendo
1097 2761 1198 2812 dissur-

127 2834 199 2886 runt‚
219 2836 266 2881 aut
287 2844 332 2894 per
352 2837 502 2894 temporum
522 2832 716 2880 vicissitudines
735 2845 763 2881 se
782 2832 906 2886 variant.
928 2831 999 2894 apud
1022 2829 1103 2882 iiluna
1124 2834 1197 2884 hodie

129 2907 210 2962 stant,
230 2908 257 2952 et
277 2904 448 2954 immobiliter
464 2909 643 2965 perseverant.
666 2901 694 2953 ln
715 2905 759 2952 illo
779 2905 880 2954 seilicet
895 2904 972 2953 hodie
984 2903 1041 2954 dies
1055 2905 1102 2954 ilie
1116 2907 1197 2954 adim

127 2975 272 3026 immobilia
291 2982 341 3031 est.
363 2979 389 3026 in
408 2989 461 3041 quo
481 2977 594 3024 mundus
615 2977 663 3024 iste
683 2979 764 3027 sumit
783 2977 921 3039 originem:
943 2977 970 3025 lu
989 2976 1036 3026 ille
1055 2981 1141 3028 etiarn
1158 2979 1197 3028 iit-s

128 3047 302 3098 nihilominus
320 3056 371 3106 est,
389 3063 442 3112 quo
463 3049 618 3098 indicandos
638 3056 679 3098 est
699 3061 745 3111 prr
764 3051 863 3099 aeterni
884 3047 974 3098 iudicii
994 3052 1161 3112 aequitatem
1177 3071 1196 3099 i.

129 3117 237 3171 Brerius
252 3135 275 3171 a.
290 3115 416 3171 Thomas:
433 3140 444 3166 ι
461 3117 536 3171 Nune
549 3122 715 3170 aeternitatis
729 3123 888 3172 invariatum
908 3121 984 3172 adest
1001 3123 1129 3173 omnibus
1143 3137 1196 3185 par-

130 3192 201 3243 tibus
220 3193 347 3256 temporis
362 3212 388 3253 ‘t
403 3195 433 3243 lu
452 3193 498 3242 ito.
521 3195 636 3250 lSeut„
658 3189 724 3243 llist.
745 3189 880 3252 xxxvii,
900 3207 930 3258 q.
950 3193 979 3252 2,
997 3207 1027 3244 a.
1050 3195 1062 3244 l
1086 3195 1119 3245 ad
1139 3197 1165 3246 t.

166 3261 408 3327 ²1,q.vtu‚a.
432 3265 444 3314 l
467 3266 499 3314 ad
522 3265 549 3314 i.

167 3333 278 3391 Utin..
297 3349 324 3385 a.
345 3335 361 3384 3
381 3349 407 3386 a.
427 3342 456 3386 et
473 3337 506 3384 ad
529 3333 720 3396 l.-⁴1tta.,
740 3349 766 3386 n.
789 3337 800 3386 l
823 3350 849 3386 e.

166 3405 178 3438 ⁵
200 3423 210 3446 ι
228 3401 267 3454 lix
288 3411 361 3468 parte
381 3405 426 3456 itu
448 3421 499 3457 nou
518 3409 651 3458 invenitur
664 3408 801 3458 diuersitas
816 3409 841 3458 in
855 3421 895 3468 rei
908 3407 954 3458 sed
968 3410 1073 3459 ratione
1089 3415 1197 3466 lantum,

130 3475 275 3524 meandum
294 3477 364 3538 quod
383 3479 554 3541 distinguitur
572 3479 599 3527 iu
618 3477 678 3542 loeo
698 3477 830 3534 Essentia.
846 3475 948 3538 Virtus,
961 3486 988 3530 et
1001 3476 1142 3544 Operatio.
1155 3479 1198 3532 lle·

130 3543 213 3589 sentia
233 3551 323 3596 autem
343 3543 426 3602 llius.
452 3562 515 3599 enm
534 3551 568 3600 sit
585 3551 705 3600 absoluta
725 3552 759 3601 ab
777 3551 849 3601 omni
869 3559 1014 3611 ereatura,
1042 3567 1098 3604 noa
1117 3555 1197 3604 estin

132 3616 265 3673 ereatura,
280 3618 329 3668 uisi
349 3618 506 3683 inquantum
525 3623 674 3686 applicatur
686 3624 736 3675 sibi
749 3636 797 3689 per
809 3625 1001 3689 operationem
1015 3631 1044 3680 el
1056 3627 1199 3682 anundum
