2475 3909
471 217 655 266 osrouourn
1012 201 1054 272 83

21 302 196 390 telligitur.
220 302 288 368 lam
310 303 343 369 bi
367 299 455 366 modi
472 310 536 367 tres
551 312 637 368 sunt.
660 301 808 386 Namque
830 323 890 367 esse
912 315 968 370 aut
989 318 1039 370 est
1060 329 1094 369 o·

22 389 137 451 mnino
160 384 388 461 immutabile,
411 383 662 464 cuiusmodiest
683 382 759 447 Esse
780 382 864 462 Dei;
888 396 945 450 aut
965 397 1014 451 est
1036 389 1096 451 irn-

22 464 183 534 mutabile
206 486 265 551 per
285 490 341 544 se,
365 465 421 530 sed
445 467 744 532 transmutationem
767 463 954 532 adiunctam
976 468 1093 544 babet,

22 548 211 614 cuiusmodi
234 561 308 616 sunt
330 546 527 615 substantiae
543 557 669 613 creatae
685 546 900 631 intelligentia
914 549 1096 634 praeditae,

22 649 121 775 quae,
137 628 215 694 dum
231 630 409 696 secundum
437 649 532 693 suurn
554 649 616 693 esse
640 627 860 694 immutabiles
881 642 967 708 sunt,
983 653 1097 696 secun-

46 733 103 775 um
125 713 333 797 operationes
352 731 426 778 suas
448 719 524 778 sunt
545 708 732 785 mutabiles;
748 720 804 776 aut
815 721 864 775 est
877 714 1012 778 omnino
1028 735 1098 778 mu·

24 792 145 869 tabile,
161 794 345 862 cuiusmodi
367 802 442 858 sunt
464 813 516 857 res
535 812 721 878 corporeae.
738 792 844 878 Igitur
857 803 922 859 tres
944 805 1019 860 sunt
1038 794 1098 860 du-

23 876 182 940 rationes.
208 877 333 942 Harum
356 876 473 962 prima,
497 895 580 961 quae
605 884 653 940 est
676 874 776 939 unius
797 874 871 949 Dei,
897 889 1031 942 vocatur
1051 899 1099 940 oe-

23 957 159 1020 ternitos
176 957 205 1033 ¹3
228 959 356 1037 altera,
379 977 462 1042 quae
485 956 618 1044 Angelis
634 959 660 1032 ²,
683 968 717 1022 et
738 957 908 1022 animabus
931 958 1100 1025 rationali·

26 1037 118 1101 bus’
139 1042 315 1118 convenit,
343 1056 481 1112 oevum3
509 1041 603 1106 tertia
621 1087 630 1117 ,
652 1060 737 1124 quae
760 1050 808 1105 est
830 1043 964 1126 propria
989 1062 1099 1105 rerum

26 1139 86 1182 cor
109 1140 276 1200 orcarum,
299 1133 430 1207 tempus.

68 1137 141 1268 230.
165 1203 278 1288 Itaque
300 1227 319 1266 e
342 1227 412 1270 esse
436 1225 546 1272 reram
573 1200 861 1286 corruptibilium,
884 1205 1036 1290 Aquinas,
1053 1203 1102 1268 in-

27 1285 117 1367 quit,
133 1287 212 1369 quia
227 1297 276 1351 est
290 1287 549 1362 transmutabile,
565 1296 772 1350 mensuratur
787 1295 932 1369 tempore
947 1289 959 1324 ⁴
973 1309 1002 1348 n.
1019 1288 1102 1364 lam,

27 1366 307 1449 quemadmodum
330 1368 488 1448 diximus,
511 1365 592 1432 illud
615 1365 775 1443 accidens,
792 1385 851 1451 per
865 1366 953 1489 quod
968 1389 1019 1431 res
1033 1389 1104 1432 cor-

28 1469 151 1546 poreae
174 1459 319 1535 tempore
341 1464 573 1528 mensurantur,
589 1460 727 1514 uocatur
740 1447 859 1533 quondo
890 1449 1006 1525 .Quae
1028 1470 1104 1513 cum

30 1539 79 1595 rta
102 1553 135 1596 se
158 1529 318 1610 babeant,
347 1535 496 1600 tractatio
523 1532 622 1598 buius
647 1530 830 1615 categoriae
857 1534 980 1597 uersari
1008 1529 1105 1598 debet

29 1615 122 1679 circa
144 1635 193 1692 ea,
215 1634 299 1699 quae
322 1614 361 1679 ad
387 1619 552 1681 notionem
575 1614 723 1698 temporis
744 1612 918 1698 pertinent.

103 1752 171 1803 Aur.
184 1748 262 1803 ll.-
277 1749 418 1814 Optatones
438 1749 575 1812 Gassendi,
595 1748 730 1809 Newtont,
752 1745 886 1810 Lelbntttt,
906 1757 933 1801 et
952 1749 1041 1802 Kautti

294 1824 366 1876 circa
385 1826 521 1877 notionem
542 1823 670 1888 temporie
688 1823 848 1875 reiterantur

75 1941 149 2007 221.
172 1938 368 2019 Gassendus,
392 1942 441 2007 ati
464 1943 618 2028 spatium,
643 1941 688 2005 ita
709 1949 838 2026 tempus
864 1961 934 2006 esse
959 1942 1109 2027 incorpo-

34 2045 131 2092 reum
153 2023 275 2100 sensit,
300 2021 447 2108 illudque
480 2044 545 2089 non
577 2021 666 2088 aliud
690 2041 759 2087 esse
780 2023 906 2100 voluit,
928 2045 1027 2108 quam
1051 2025 1106 2103 id,

32 2105 127 2196 quod
150 2105 347 2189 intelligitur
368 2106 402 2169 in
424 2107 608 2192 praesentia
630 2102 741 2180 liuere,
763 2101 909 2180 fluxisse,
933 2115 1109 2192 antequam

35 2187 180 2255 mundus
201 2198 379 2264 crearetur,
403 2199 434 2256 et
455 2187 527 2254 lore
549 2196 586 2253 ut
606 2185 735 2263 llueret,
757 2187 885 2253 etiamsi
910 2187 1000 2253 Deus
1018 2211 1112 2255 mun-

34 2271 120 2336 dum
143 2271 176 2334 in
199 2269 336 2334 nibilum
351 2269 513 2356 redigeret
526 2272 550 2333 ⁸.
567 2270 744 2338 Newtonus
758 2267 783 2344 ¹,
799 2289 897 2353 quem
911 2269 1071 2335 Clarkeus
1084 2273 1109 2347 ⁸,

35 2365 73 2420 et
95 2373 201 2439 nuper
221 2351 459 2417 Bouillierius⁹
489 2353 591 2418 secuti
622 2359 707 2428 sunt,
738 2348 1014 2435 quemadmodum
1041 2373 1112 2438 spa-

34 2437 124 2504 tium
146 2454 215 2499 esse
237 2435 487 2500 immensitatem
507 2432 587 2509 Dei,
609 2433 657 2498 ita
679 2443 806 2518 tempus
826 2453 896 2498 esse
910 2434 992 2499 Eius
1010 2445 1114 2500 aeter-

36 2520 180 2584 nitatem
201 2514 324 2582 docuit.
348 2515 530 2581 Leibnitius
557 2535 647 2592 vero,
670 2515 826 2600 quoniam
841 2515 984 2601 spatium
1005 2517 1041 2582 in
1062 2537 1114 2580 or-

35 2600 119 2665 dine
141 2618 252 2662 rerum
272 2599 522 2664 coexistentium
544 2599 665 2683 posuit,
689 2596 764 2662 ideo
786 2606 913 2683 tempus
934 2597 969 2660 in
990 2618 1115 2664 succes-

37 2683 135 2748 sione
158 2699 268 2743 rerum
290 2682 359 2748 sive
382 2678 598 2765 possibilium,
621 2680 689 2744 sive
711 2676 851 2742 realium
870 2677 1044 2746 consistere
1065 2679 1116 2744 di-

41 2763 95 2830 xit
110 2761 149 2826 ω.
173 2761 314 2827 Kantius
330 2761 466 2847 denique
481 2758 660 2836 contendit,
675 2757 950 2844 quemadmodum
972 2762 1116 2844 spatium

40 2854 94 2911 est
117 2840 224 2908 lorma
244 2864 263 2905 a
279 2844 387 2926 priori
409 2843 633 2909 sensibilitatis
653 2853 820 2916 externae,
837 2842 883 2908 ita
897 2852 1025 2927 tempus
1046 2864 1115 2909 esse

41 2925 189 2992 formam
209 2945 230 2987 o
248 2926 357 3008 priori
380 2924 603 2992 sensibilitatis
626 2925 774 2989 internae
797 2922 834 2986 ¹¹.

84 3107 93 3144 ¹
112 3101 255 3157 Notionem
275 3104 437 3156 aeternttattr
456 3105 482 3153 tn
501 3102 639 3166 mentoque
656 3101 774 3153 nemrott
792 3103 891 3155 elarius
903 3117 1078 3168 exponamus.

82 3172 154 3230 Ἐἴ
168 3191 191 3228 s.
211 3173 320 3236 Tbom„
342 3173 362 3235 l,
383 3189 411 3238 q.
432 3171 467 3235 ll,
487 3187 514 3225 a.
535 3175 552 3225 s
570 3175 604 3224 ad
628 3175 652 3224 t.
816 3242 827 3282 ὅ

83 3243 548 3386 :statc;·.tttua.¹t¹;
566 3244 1000 3384 lt.ll.?‘¹.l·.....l,titt
1013 3250 1120 3385 :aa

45 3394 238 3448 denominatur
256 3407 272 3443 a
292 3398 412 3456 tempore
435 3409 460 3453 »ς
482 3393 513 3443 1η
533 3391 578 3440 tu.
602 3392 717 3450 Vliet„
738 3392 802 3441 lect.
825 3389 871 3442 lll.

85 3467 236 3532 ⁶Plrgrte,
257 3469 325 3516 sect.
347 3462 368 3522 l,
390 3464 436 3514 lib.
459 3461 493 3522 ll,
513 3476 539 3512 e.
560 3463 588 3514 3.
603 3461 663 3499 -7
683 3463 732 3528 Op.
752 3466 808 3524 ott,
829 3463 906 3524 thid..
927 3478 955 3515 n.
978 3465 1004 3514 7.

85 3540 98 3578 ⁸
118 3541 214 3591 Lettrer
232 3546 304 3590 entre
324 3537 436 3596 Latinis,
457 3543 480 3586 rt
500 3535 599 3594 Clariae,
614 3535 647 3585 4⁰
663 3536 784 3600 Repltque
801 3537 833 3588 de
851 3538 891 3591 Μ.
912 3537 1016 3599 Clorlte,
1036 3543 1053 3601 8
1075 3538 1122 3592 ll).

86 3613 99 3650 ⁹
119 3613 169 3676 Op.
189 3613 232 3663 cit.
247 3637 281 3648 -
297 3607 320 3647 ¹⁰
338 3607 399 3662 vu.
419 3608 473 3659 loc.
493 3609 540 3658 clt.
562 3622 589 3672 p.
610 3606 645 3659 80
664 3612 721 3660 not.
744 3609 769 3658 l.

88 3681 112 3724 Η
133 3679 170 3736 Cr
184 3685 239 3736 too.
258 3684 318 3746 cit,
339 3681 402 3740 ibid.
422 3685 479 3738 not.
500 3679 528 3733 l.

914 3747 936 3792 ἡ
