2475 3909
468 157 743 210 snuuaoeocoora
1033 145 1090 214 tus

52 245 150 310 listas
172 243 376 328 accipiatur*
396 290 404 319 ,
432 243 662 309 admittendam
690 267 783 322 esse,
806 268 848 311 ex
869 267 933 332 qua
955 269 1073 334 corpus
1096 251 1129 315 io

50 349 117 391 esse
140 328 287 412 corporis
308 329 559 392 constituatur&

96 411 150 476 36.
174 413 280 493 Atque
300 411 332 472 in
349 411 477 493 primis,
494 410 606 474 anima
626 410 796 474 rationalis
819 411 860 475 iis
883 410 1129 478 definitionibus

55 490 200 556 traditur
226 511 296 555 csse
327 489 431 555 lorma
458 489 604 573 corporis
632 511 694 555 non
724 504 922 576 utcumque,
946 493 1001 558 sed
1025 495 1130 561 forma

52 573 280 638 substantialis
300 595 340 636 co
362 594 469 650 sensu,
492 593 559 657 quo
580 573 659 637 haec
681 572 787 638 lorma
809 595 827 638 a
850 575 1055 642 Scholasticis
1077 577 1131 643 do-

54 665 200 721 uotatur.
217 658 285 721 Etsi
308 657 395 719 enim
419 676 481 720 vox
503 653 720 720 substantiolis
741 657 774 720 iu
791 659 870 742 ipsis
892 677 954 722 noo
978 657 1129 723 adhihea-

54 751 123 812 tur,
142 750 246 803 tamen
268 759 285 801 a
311 751 379 803 erte
402 737 567 806 iudicatur
589 737 725 802 vocibus
748 759 827 816 vere,
847 760 906 824 per
927 761 969 815 se,
990 743 1130 806 essentia-

53 820 141 883 liter.
165 821 261 894 Sane,
285 757 389 884 dorma
411 819 552 883 alicuius
576 819 623 884 rei
646 821 812 886 secundnm
834 821 1047 897 substantiam,
1071 841 1129 888 seu

53 903 222 966 essentiam
244 913 278 967 et
292 921 352 986 per
374 922 405 966 se
426 901 494 966 dici
514 922 580 966 noo
608 911 732 986 potest,
754 905 817 968 nisi
848 903 945 980 illud,
968 904 1052 989 quod
1075 903 1131 972 dat

54 1005 115 1048 esse
131 986 191 1061 rei,
206 1006 262 1049 seu
285 1005 351 1068 quo
373 1003 424 1047 res
445 994 493 1049 est
514 984 547 1048 id
571 983 660 1068 quod
682 995 741 1050 est.
765 987 865 1080 Atqui
890 985 983 1060 illud,
1007 1007 1048 1050 ex
1063 1006 1130 1070 quo

54 1087 108 1131 res
131 1087 224 1131 suum
251 1088 312 1131 esse
334 1067 481 1152 accipit,
503 1062 628 1131 dicitur
653 1081 741 1132 octos
763 1086 917 1150 primns,
940 1089 997 1134 seu
1021 1066 1127 1134 lorma

54 1149 279 1215 substantialis
303 1149 391 1221 eius3
414 1160 511 1234 atquc
536 1147 628 1224 illud,
652 1148 737 1232 quod
760 1169 822 1212 esse
845 1148 886 1214 ab
909 1150 972 1213 alio
993 1151 1127 1232 accipit,

53 1229 180 1296 dicitur
201 1231 337 1296 materia
352 1229 473 1314 prima,
488 1251 545 1294 seu
562 1232 704 1314 potentio
726 1229 796 1294 cius
811 1232 834 1294 ⁵.
852 1232 941 1314 Ergo
964 1232 990 1295 si
1014 1233 1126 1296 anima

55 1312 237 1387 rationalis,
258 1311 436 1376 secundum
459 1312 610 1377 recitatas
632 1310 852 1387 definitiones,
869 1325 918 1378 est
934 1313 1037 1377 lorma
1053 1334 1127 1378 cor·

55 1397 149 1479 poris
170 1395 335 1458 metendam
357 1395 516 1458 essentiam
537 1404 569 1457 et
588 1413 646 1476 per
667 1414 721 1470 se,
747 1393 919 1459 tenendum
949 1403 998 1460 est
1022 1395 1126 1479 ipsam

55 1497 91 1540 se
114 1475 232 1541 babere
254 1474 295 1539 ad
316 1495 447 1560 corpus,
472 1475 572 1539 veluti
596 1473 734 1538 formam
758 1473 797 1539 ad
821 1476 1003 1550 materiam,
1027 1487 1124 1561 atque

55 1569 167 1622 actum
188 1557 227 1621 ad
251 1558 439 1641 potentiam,
455 1557 536 1630 sive,
556 1566 592 1620 ut
613 1555 748 1623 Scholae
771 1558 876 1631 aiunt,
892 1577 962 1622 esse
985 1555 1127 1621 lormam

55 1637 301 1704 substantialem
322 1637 481 1720 corporis.
504 1637 640 1702 Certos.
657 1638 806 1712 Thomas,
827 1639 898 1722 qui,
915 1641 1045 1703 nomine
1061 1637 1128 1704 dil-

54 1720 179 1797 fitcute‚
196 1718 307 1784 docuit
329 1719 469 1782 animam
490 1739 558 1782 esso
580 1719 719 1785 sormam
742 1718 987 1786 substantialem
1009 1741 1125 1806 corpo-

56 1805 116 1879 ris,
140 1801 255 1868 iisdem
277 1799 427 1885 loquendi
453 1798 557 1864 modis
579 1821 656 1865 usus
678 1809 738 1875 est;
759 1799 922 1885 siquidem
944 1802 1032 1870 dixit
1054 1804 1124 1867 noi-

57 1906 145 1949 mam
174 1905 243 1949 esse
271 1881 409 1946 lormam
438 1881 584 1966 corporis
611 1883 779 1946 meandum
807 1885 968 1948 essentiam
998 1886 1122 1948 animae

54 1967 274 2030 intellectualis
288 1967 315 2040 ⁴,
337 1965 434 2046 eique
456 1964 544 2027 uniri
563 1983 623 2048 per
646 1984 676 2026 se
697 1973 725 2026 et
749 1964 926 2028 immediate
941 1967 963 2028 ⁵.

97 2050 148 2114 37.
167 2045 300 2112 Accedit
320 2045 408 2130 quod
431 2045 575 2110 Ecclesia
596 2044 761 2111 Catholiea
785 2046 819 2109 in
840 2046 907 2111 suis
929 2045 1128 2112 delinitioni-

55 2129 141 2204 bus,
164 2151 237 2194 cum
260 2139 372 2212 aperte
404 2135 436 2190 et
463 2128 534 2191 sine
557 2125 749 2212 amhagibus
771 2127 946 2212 loquatur,
971 2127 1069 2192 verba
1096 2130 1130 2194 iu

55 2210 112 2276 illa
133 2209 367 2295 significatione
390 2220 539 2293 usurpat,
561 2228 626 2292 qua
648 2209 689 2272 ab
710 2209 874 2286 omuibus,
899 2212 1092 2296 praesertim
1111 2233 1130 2274 a

56 2292 252 2357 Ductoribus
278 2288 475 2362 Catholicis,
498 2291 716 2374 accipiuntur.
740 2292 971 2378 Quapropter,
994 2313 1069 2356 cum
1096 2293 1129 2358 iu

53 2375 206 2440 Concilio
230 2371 404 2437 Viennensi
426 2369 611 2436 definiverit
640 2374 783 2438 animam
805 2394 874 2438 esse
898 2373 1037 2438 formam
1060 2394 1130 2438 eor-

57 2457 147 2543 poris
168 2476 249 2531 cere,
267 2474 326 2538 per
346 2473 391 2526 se,
407 2463 439 2517 et
460 2453 771 2532 samntiolilm,·haec
793 2453 891 2520 verba
914 2478 977 2521 non
1000 2455 1063 2520 alia
1087 2457 1129 2520 si·

55 2538 263 2623 gnificatione
291 2532 462 2608 adhibuit,
490 2554 588 2618 quam
610 2534 689 2612 illa,
718 2557 781 2621 qua
808 2535 848 2600 ab
875 2538 1027 2603 omnihus
1052 2546 1131 2603 tunc

57 2621 212 2704 temporis
233 2613 488 2703 accipiebantur.
511 2614 672 2700 Tempore
697 2629 819 2697 autem,
840 2640 907 2704 quo
926 2619 1129 2686 celebratum

57 2699 124 2766 luit
138 2699 334 2774 Concilium,
351 2697 426 2761 illae
448 2716 542 2762 voces
563 2717 628 2764 uon
651 2699 714 2764 uisi
736 2703 867 2782 smmum
886 2701 1129 2780 substantialem,

57 2793 156 2867 prout
177 2803 196 2848 a
218 2779 424 2848 Scholasticis
449 2777 651 2857 docebatur,
676 2781 873 2848 indicabant.
898 2785 984 2851 Hinc
1006 2784 1130 2849 lactum

55 2876 124 2940 cst,
140 2877 176 2929 ut
191 2860 370 2949 praelatam
391 2858 615 2924 definitionem
639 2883 703 2926 noo
726 2866 788 2930 nisi
811 2867 871 2931 hoo
893 2887 988 2933 sensu
1011 2865 1127 2931 Docto·

57 2969 111 3012 res
131 2946 319 3013 Scholarum
342 2962 471 3028 semper
493 2944 714 3028 acceperiut⁸.

95 3129 102 3164 ¹
125 3124 185 3176 vid.
206 3141 250 3190 pp⁴
271 3130 330 3178 citt.

93 3199 105 3235 ²
123 3201 212 3250 Altam
229 3201 344 3261 (oestrum
363 3201 489 3261 dixlmus,
504 3217 558 3252 non
579 3213 641 3249 rero
661 3201 742 3249 altam
762 3205 890 3260 animante
907 3217 969 3252 nam
983 3203 1015 3252 ds
1028 3205 1130 3253 unitata

56 3275 164 3324 animae
184 3275 209 3320 in
229 3272 338 3321 homine
357 3277 535 3324 controversia
562 3275 630 3322 iuter
656 3267 828 3334 Catholicae,
856 3275 1081 3339 quemadmodum
1102 3276 1128 3325 lu

57 3343 151 3406 Capito
172 3341 208 3394 tv
226 3345 406 3404 ostendemus,
427 3350 539 3397 existere
560 3345 630 3394 haud
652 3349 747 3404 potest.

94 3412 161 3467 ³Cl
176 3417 300 3474 Cosmol„
321 3432 348 3467 c.
369 3415 391 3474 l,
411 3430 438 3467 a.
460 3419 487 3475 5,
508 3433 535 3480 p.
559 3416 689 3468 tot-toa.

94 3485 174 3552 loq.
194 3492 293 3551 dlrpp„
313 3503 341 3551 q.
363 3503 408 3537 un.
432 3492 469 3538 De
488 3492 592 3547 Anlm„
613 3503 639 3538 a.
660 3487 676 3537 9
696 3489 728 3537 ad
751 3489 795 3539 ll.
809 3491 864 3526 „³
883 3491 949 3540 lhld.
970 3488 1002 3539 ad
1024 3489 1068 3538 ts.

93 3559 105 3596 θ
125 3558 180 3610 lloc
200 3567 387 3622 argumentum
407 3559 465 3610 luae
483 3563 582 3611 evolvit
600 3557 663 3611 Em.
684 3554 764 3612 Card.
790 3559 915 3624 Zigliara,
930 3563 980 3626 Op.
993 3564 1047 3616 alt..
1069 3559 1130 3612 Para

55 3635 152 3693 altera,
172 3647 198 3685 c.
215 3629 248 3694 ll,
268 3646 296 3697 p,
310 3633 345 3684 90
365 3645 424 3698 rqq3
446 3633 489 3683 uhi
508 3634 589 3684 etiam
608 3627 700 3703 (capp.
723 3630 759 3685 lll
778 3639 805 3687 et
826 3631 871 3699 Ν,
892 3648 920 3700 p.
938 3634 973 3687 96
991 3629 1052 3704 sqq)
1072 3637 1131 3684 tum
