2475 3909
440 177 713 229 surunoeotoors
1009 159 1069 226 211

83 262 149 329 117.
174 265 287 347 Itaque
310 261 343 324 in
366 261 645 329 immaterialitate
673 264 798 326 animae
826 263 985 328 humanae
1008 264 1111 328 vindi·

41 343 140 409 canda
164 366 221 408 nos
245 345 387 428 primum
410 341 660 412 abnormitatem
683 343 908 410 materialismi
932 345 1111 431 generatim

42 426 286 508 patefaciemus3
306 421 425 486 deinde
439 424 599 507 quaedam
614 438 725 492 contra
742 424 1013 490 materialismum
1035 426 1113 512 phy-

41 508 245 588 siologicum,
260 517 292 570 et
305 504 512 651 dpnamicum
534 509 706 592 speciatim
724 506 960 584 adnotabimus,
984 517 1054 572 tum
1076 527 1112 570 a·

41 589 161 653 nimam
182 589 321 672 spiritua
335 609 386 650 em
409 608 479 651 csse
500 588 726 664 ostendemus;
749 586 889 674 denique
912 589 951 654 de
975 588 1111 674 phreno-

45 670 184 756 logismo
206 689 308 754 pauca
331 667 534 734 adiiciemus.

119 810 185 859 dar.
203 805 406 858 ll.-.lnimam
426 809 571 856 humanam
591 811 740 870 simplicem
760 823 818 857 esse
839 810 1035 859 demonstratur·

83 916 151 982 118.
175 915 206 980 Si
229 915 337 976 anima
359 913 498 976 humana
520 911 625 977 lorma
648 913 868 980 substantialis
888 914 1034 997 corporis
1056 912 1112 975 ad-

41 1000 212 1070 mittatur,
236 996 245 1060 i
271 1015 305 1058 sa
328 1014 431 1078 neque
453 994 585 1078 aliquod
612 1015 752 1078 eorpus,
776 1017 879 1080 neque
903 995 966 1060 nlla
990 995 1116 1060 rationo

41 1078 220 1143 divisibilis
240 1017 305 1142 dici
330 1086 447 1161 potest;
471 1097 544 1140 nam
567 1097 670 1160 neque
695 1097 812 1160 eorpus
836 1085 939 1160 potest
960 1098 1028 1142 esse
1049 1073 1114 1140 lor-

41 1182 109 1237 ma,
125 1183 163 1225 ne
187 1181 228 1224 ue
246 1159 349 1223 lorma
366 1168 471 1242 potest
489 1178 559 1222 esse
573 1158 706 1242 aliquod
723 1178 915 1242 corporeum
933 1159 956 1234 1;
973 1169 1016 1232 et,
1039 1178 1112 1222 cum

40 1243 152 1307 anima
165 1180 313 1306 lumana
335 1238 378 1303 sit
399 1239 583 1304 huiusmodi
600 1237 716 1315 forma,
739 1251 776 1303 ut
795 1241 916 1304 animal
933 1239 1114 1324 perlectum

41 1326 231 1397 constituat,
256 1342 317 1386 non
340 1319 444 1385 solum
463 1340 521 1402 per
541 1341 582 1396 re,
606 1317 661 1386 sed
684 1321 782 1386 etiarn
793 1341 853 1404 per
867 1321 1004 1385 occidens
1030 1321 1114 1384 divi-

41 1408 168 1471 sionem
182 1403 337 1488 respuit².
355 1405 396 1467 At
413 1423 489 1466 vero
506 1403 771 1466 materialismum
792 1402 994 1484 argumentis
1010 1401 1116 1466 aliun-

40 1488 84 1552 de
100 1485 212 1570 petitis
232 1483 384 1549 relellere
406 1481 500 1549 nobis
522 1483 613 1547 lubet
634 1484 778 1569 sequenti
802 1483 1040 1568 Propositione:

87 1568 157 1634 119.
181 1569 296 1632 Animo
316 1565 452 1628 dumnoc
473 1567 578 1649 nequit
600 1586 663 1630 cese
685 1585 841 1648 corporeo.

86 1649 255 1714 Probatur.
278 1646 494 1728 Praecipuum
517 1649 700 1732 argumenti
724 1667 823 1729 genus
844 1667 886 1710 ex
907 1657 1024 1710 natura
1045 1644 1125 1710 illa·-x

40 1753 120 1797 rum
141 1731 367 1817 operationum
389 1729 530 1802 animae,
552 1748 635 1812 quae
656 1729 853 1823 cogitationes
873 1727 1039 1803 dicuntur,
1062 1728 1117 1792 de-

40 1813 220 1900 promitur,
242 1824 339 1894 atque
362 1810 407 1874 ita
434 1807 592 1874 sehabet:
617 1809 861 1895 Cogitationes,
883 1829 966 1893 quae
987 1809 1028 1873 ad
1049 1810 1119 1873 ani·

39 1913 134 1959 mam
155 1903 309 1979 spectant,
332 1910 448 1975 nempe
470 1893 617 1957 notiones
636 1912 748 1956 rerum
762 1891 946 1965 sensilium,
969 1890 1018 1954 vel
1041 1893 1118 1957 sim·

40 1975 200 2062 plicium,
223 1974 363 2049 iudicia,
388 1973 676 2049 ratiocinationes,
699 1974 911 2048 conscientia,
934 1992 952 2036 a
973 1971 1127 2038 substan-'

39 2057 92 2124 tia
120 2078 277 2143 corporea
311 2053 471 2140 proficisci
502 2065 675 2140 nequeunt.
700 2058 799 2140 Atqui
828 2056 951 2139 operari
977 2055 1118 2140 sequitur

40 2161 121 2204 esse.
145 2141 191 2204 Er
213 2160 233 2203 o
255 2139 361 2201 anima
383 2135 522 2200 humana
546 2137 661 2220 nequit
680 2157 749 2202 esse
771 2157 936 2223 corporea.

89 2222 160 2288 120.
185 2162 255 2286 {loc
276 2230 501 2301 argumentum
526 2218 689 2284 evolvitur
710 2219 794 2284 hunc
814 2221 848 2284 in
870 2216 1024 2282 modum:
1049 2215 1119 2281 Pri·

42 2322 116 2367 mo:
141 2305 259 2367 Anima
283 2301 432 2365 notiones
454 2319 563 2362 rerum
581 2301 762 2377 sensilium,
779 2303 847 2366 sive
862 2301 1118 2385 compositarum

39 2385 96 2450 ita
118 2383 182 2450 sibi
205 2393 398 2467 comparat,
420 2390 457 2445 ut
477 2401 538 2477 per
569 2403 668 2446 unam
690 2382 851 2458 formam,
875 2382 942 2447 sive
973 2383 1117 2467 speeiem

41 2465 151 2531 totius
171 2484 282 2530 omnes
303 2472 410 2548 partes
438 2485 487 2527 rer
509 2464 728 2548 compositae,
754 2473 851 2548 prout
878 2473 952 2529 sunt
974 2464 1007 2526 in
1030 2472 1118 2537 toto,

40 2546 150 2612 unico
172 2557 246 2611 actu
269 2545 464 2640 percipiat¹.
488 2543 555 2608 lam
577 2545 757 2610 substantia
777 2566 945 2630 corporea,
961 2565 997 2608 ac
1013 2545 1121 2630 proin-

39 2627 91 2694 de
113 2637 259 2701 extensa,
282 2637 316 2691 et
335 2625 524 2702 divisibilis,
547 2624 733 2692 huiusmodi
758 2630 928 2695 notionum
944 2646 1120 2712 numquam

40 2729 156 2806 capax
177 2719 236 2774 est.
261 2709 391 2773 Etenim
418 2707 468 2772 vel
494 2707 641 2795 singulae
674 2708 746 2773 eius
778 2720 885 2796 partes
907 2707 1049 2792 singulas
1071 2707 1121 2772 rei

39 2791 201 2856 obiectae
222 2791 386 2935 portiones
401 2809 460 2874 per
473 2787 618 2854 diversas
634 2791 746 2855 harum
762 2793 888 2877 species
904 2791 1119 2876 perciperent,

38 2873 104 2939 vel
127 2875 221 2958 singu
237 2890 273 2936 ae
298 2881 404 2956 partes
427 2891 485 2955 per
505 2873 648 2955 speciem
671 2871 768 2938 totius
791 2875 839 2939 rei
862 2894 934 2937 eam
958 2882 1056 2937 totam
1080 2873 1122 2936 si-

41 2955 122 3022 mul
148 2951 449 3037 complecterentur.
473 2951 574 3038 Atqui
607 2964 759 3018 neutrum
792 2955 874 3019 sumi
910 2964 1025 3040 potest.
1049 2953 1122 3018 Nou

44 3036 214 3125 primum,
229 3035 308 3119 qnia
330 3044 399 3100 tum
421 3033 568 3099 diversae
590 3047 698 3119 partes
719 3035 858 3102 alicuius
880 3038 978 3104 totius
999 3055 1124 3100 sncces-

45 3119 127 3184 sive
142 3117 390 3212 perciperentur
403 3118 428 3193 ⁸,
445 3137 622 3201 numquam
637 3139 715 3181 vero
730 3117 827 3184 simul
851 3120 976 3203 integra
996 3138 1048 3182 res
1062 3116 1123 3181 suh

40 3200 163 3268 forma
186 3208 287 3263 tetrus
301 3199 324 3260 ⁵.
341 3199 414 3264 Non
436 3197 588 3274 alterum,
603 3199 680 3284 quia
695 3207 772 3264 tune
793 3210 874 3286 quot
895 3198 1042 3283 partib-us
1057 3199 1125 3262 ani-

440 3349 533 3360 ¹⁸¹-—

89 3411 104 3451 ⁴
125 3409 162 3466 cr
178 3413 302 3470 mmor..
321 3427 346 3462 e.
360 3399 447 3471 'v‚,a.
468 3412 495 3466 a.
516 3427 544 3473 ρ.
567 3412 696 3462 rastas.
712 3439 745 3448 -
759 3409 772 3448 ²
786 3407 905 3469 crinea..
926 3427 952 3461 a.
967 3413 995 3470 r,
1016 3427 1039 3474 ρ,
1062 3411 1122 3462 tro.

94 3483 162 3536 ⁸Cl
177 3503 200 3535 a.
220 3481 337 3542 Tuom..
360 3483 379 3542 l,
400 3499 428 3546 q.
449 3479 587 3542 lxxxv,
609 3499 634 3536 a.
658 3485 726 3535 lad
747 3485 774 3534 3.

95 3556 204 3615 libid„
224 3572 252 3620 q.
275 3554 334 3614 llll,
354 3571 380 3605 a.
405 3555 435 3604 tu
455 3571 481 3606 c.

92 3631 106 3665 ὃ
128 3632 177 3693 (tq.
198 3630 295 3692 dtrpp„
317 3631 355 3678 De
374 3630 445 3685 Ver..
465 3643 493 3691 q.
507 3624 577 3686 Vlll,
597 3640 625 3677 a.
644 3629 672 3678 tl
695 3637 733 3690 c.;
755 3626 846 3679 Petrus
866 3626 944 3694 Baytr·
964 3626 1047 3697 tntu.
1066 3631 1137 3682 titt?

134 3711 241 3764 Perses.
254 3707 363 3762 Carrsr.
376 3713 515 3774 compend.
532 3707 564 3760 tt.
968 3713 1021 3764 tu·

1120 3856 1178 3866 a-
