2475 3909
202 167 259 240 tot
585 187 786 236 cosuotoom

153 299 242 352 nere,
268 286 303 341 ut
325 270 404 339 illud
430 272 477 338 vel
499 274 656 358 quiescat,
672 272 720 337 vel
743 275 808 338 alio
829 295 961 339 cursum
982 289 1164 344 convertat.
1184 281 1220 344 tt

67 429 75 440 ,
153 360 180 422 si
204 360 298 424 bomo
320 356 409 432 baec,
433 355 561 442 aliaque
583 356 769 420 huiusmodi
799 370 962 441 praestare
984 371 1102 443 potest,
1127 383 1220 425 nertio

152 453 239 506 certe
262 439 392 526 negabit
414 438 534 514 Deum,
557 437 613 534 qui
636 436 760 523 ubique
781 449 841 511 est,
864 452 896 504 et
918 451 1088 525 operatur,
1113 444 1222 506 euius

152 545 216 608 que
238 525 343 589 virtus
364 521 536 584 humanam
562 518 687 585 infinite
714 519 864 595 excedit,
888 523 1029 606 potuisse
1052 523 1220 589 bominem

152 627 170 670 e
193 615 276 671 tecto
299 603 509 691 praecipitem
533 603 565 665 in
588 622 663 666 aere
684 602 890 688 suspendere,
908 613 942 668 ut
964 626 1039 668 eum
1063 627 1080 669 a
1108 609 1221 670 mortis

152 688 300 772 periculo
315 685 476 750 liberaret.
493 681 577 749 lllud
591 683 725 768 quidem
750 687 834 749 inter
848 687 988 750 actiones
1004 709 1119 751 rerum
1135 711 1222 752 crea-

152 781 273 846 tarum,
296 768 490 833 electiones
513 765 585 843 Dei,
602 787 619 830 a
635 765 755 850 quibus
777 767 910 831 allectus
932 789 1108 834 causarum
1133 783 1222 835 natu-

153 852 272 916 ralium
298 848 536 934 impediuntur,
560 848 709 927 interest,
733 849 818 932 quiid
844 849 918 914 illae
939 850 1054 916 urdine
1076 853 1221 916 naturali

153 935 376 1008 continentur,
400 931 458 996 bae
486 941 594 996 autem
617 930 667 994 vel
687 932 787 1016 quoad
809 931 1025 1008 substantium,
1048 934 1098 999 rel
1144 935 1223 998 uoad

153 1015 277 1078 modum
305 1015 391 1081 vires
418 1024 550 1079 naturae
584 1012 932 1098 praetergrediuntur,
985 1029 1059 1080 runt
1086 1039 1105 1080 c
1132 1031 1222 1083 ectus

153 1117 268 1160 causae
293 1095 448 1162 naturalis
471 1095 519 1160 vel
542 1117 558 1159 a
583 1095 670 1158 nulla
692 1115 727 1157 re
750 1105 856 1160 creata
884 1037 1029 1162 absolute
1063 1101 1221 1184 impediri

153 1190 268 1264 potest,
292 1179 342 1243 vel
364 1175 516 1266 impediri
539 1173 686 1242 absolute
752 1189 823 1251 test,
838 1176 891 1241 sed
907 1199 970 1242 nou
993 1181 1024 1243 iu
1047 1181 1091 1244 iis
1107 1181 1223 1247 adiun-

154 1263 227 1335 ctis,
252 1260 425 1346 inquibus
448 1281 465 1324 a
488 1259 557 1325 Deo
580 1260 704 1322 miracu
719 1281 773 1322 um
795 1259 944 1324 efficitur.

194 1343 264 1410 158.
288 1341 503 1410 Confirmatur
525 1341 708 1428 propositio
729 1362 842 1418 exeo,
865 1341 951 1426 quod
974 1341 1072 1416 Dens,
1096 1358 1134 1410 ut
1158 1347 1220 1408 iam

151 1426 370 1505 innuimus¹,
393 1446 456 1490 nou
482 1446 524 1491 ex
545 1424 753 1498 necessitate,
776 1423 832 1488 sed
853 1444 893 1487 ex
915 1423 1083 1488 liberrima
1108 1427 1221 1491 voluu-

152 1519 217 1574 tate
239 1508 396 1584 ordinem,
418 1506 476 1595 qui
497 1508 531 1571 in
555 1503 675 1571 mundo
696 1506 907 1589 conspicitur,
922 1509 1106 1572 constituit.
1123 1511 1218 1580 Nam,

153 1593 180 1654 si
204 1590 284 1654 ordo
306 1591 416 1656 muudi
441 1609 502 1653 non
526 1610 566 1652 ex
588 1589 801 1663 necessitate,
824 1586 878 1652 scd
900 1609 943 1651 ex
965 1587 1136 1654 liberrima
1161 1591 1217 1655 Dei

155 1672 318 1738 voluntate
339 1674 460 1748 existit,
486 1669 566 1735 nibil
589 1668 752 1754 probibet,
771 1670 852 1755 quin
874 1668 963 1736 Deus
984 1670 1114 1754 aliquid
1132 1695 1219 1758 prae·

150 1767 203 1820 ter
224 1754 371 1821 ordinem
395 1764 528 1820 naturae
550 1753 697 1838 operari,
719 1773 789 1829 seu,
813 1750 900 1836 quiid
924 1751 1011 1816 idem
1034 1755 1136 1833 valet,
1162 1759 1218 1818 mi-

152 1837 261 1901 racula
284 1849 410 1924 patrare
434 1836 571 1922 possit².

195 1920 263 1987 159.
280 1920 388 1988 Obiic.
405 1919 437 1986 Si
454 1916 611 1983 miracula
633 1915 757 1993 fierent,
773 1915 861 2001 leges
876 1923 1010 1980 naturae
1024 1927 1136 1982 essent
1152 1941 1216 1982 mu-

153 1999 279 2068 tabiles.
303 2003 402 2087 Atqui
426 2002 510 2086 leges
531 2009 665 2064 naturae
687 2019 757 2063 esse
781 1995 953 2062 mutabiles
973 2011 1136 2094 repugnat
1153 2010 1216 2065 tom

153 2107 193 2148 es
217 2095 307 2171 parte
330 2083 416 2159 Dei,
441 2083 516 2168 quia
545 2090 703 2166 repugnat
731 2079 927 2144 voluntatem
955 2077 1124 2165 De1‚qui
1152 2083 1218 2148 illas

153 2168 334 2244 mustituit,
356 2186 425 2232 esse
449 2161 649 2239 mutabilem,
674 2172 741 2226 tum
764 2181 806 2226 ex
829 2173 921 2247 parte
942 2161 1047 2247 ipsius
1070 2175 1215 2234 naturae,

151 2252 244 2334 quia,
267 2270 341 2312 cum
364 2259 494 2314 naturae
516 2266 626 2311 rerum
647 2244 712 2309 sint
731 2244 828 2319 fixae,
850 2253 884 2308 ct
903 2241 1155 2320 determinatae,
1171 2246 1216 2310 de

152 2334 344 2397 terminatae
365 2333 476 2405 ctiam,
491 2324 693 2414 proindeque
716 2325 936 2390 immutabiles
956 2347 1024 2391 csse
1040 2325 1163 2392 debent
1179 2329 1217 2392 le

154 2435 221 2500 ges,
236 2412 357 2561 polibus
378 2414 468 2498 ipsae
491 2408 723 2495 gubernantur.
740 2409 830 2493 Ergo
853 2408 1011 2473 miracula
1037 2407 1113 2474 lieri
1136 2409 1216 2475 haud

197 2501 238 2562 ssi
268 2499 309 2562 ie
331 2505 388 2560 est.

153 2519 264 2646 ΡΟ160.
288 2579 411 2665 Resp,
434 2595 516 2639 coac.
540 2571 641 2647 moi.;
665 2591 731 2655 neg.
755 2571 833 2634 mio.
855 2571 934 2652 Nep.
959 2592 1041 2634 coru.
1064 2575 1111 2638 Et
1133 2595 1217 2639 sane.

154 2683 258 2748 neque
281 2683 322 2726 ex
344 2671 435 2746 parte
459 2656 531 2733 Dei,
546 2674 651 2738 neque
672 2675 714 2718 ex
733 2663 825 2750 parte
848 2653 950 2739 ipsius
971 2663 1110 2720 naturae
1125 2657 1217 2742 quid-

153 2765 251 2828 quam
274 2742 433 2829 probibet,
449 2739 527 2824 quin
548 2737 635 2820 leges
681 2734 872 2802 articulares
894 2733 1071 2821 aliquando
1094 2751 1220 2805 muten-

155 2837 218 2891 tur.
242 2825 313 2891 Non
336 2822 465 2909 quidem
486 2841 527 2884 ex
549 2827 640 2904 parte
692 2819 735 2884 ci.
759 2817 889 2883 Etenim
911 2815 1011 2895 Deus,
1033 2839 1113 2884 cum
1135 2821 1221 2906 leges

154 2921 288 2974 naturae
311 2905 477 2972 liberrime
501 2901 686 2976 statuisset,
709 2897 782 2963 illas
803 2899 915 2966 eadem
943 2899 1133 2980 voluntate,
1158 2926 1221 2989 qua

152 2990 342 3066 constituit,
366 2995 514 3062 mutare,
537 2992 593 3048 aut
615 2979 810 3066 suspendere
837 2991 963 3068 potest,
986 2983 1119 3069 quoties
1141 2986 1223 3050 ordo

154 3071 378 3141 Providentiae
405 3069 439 3134 id
460 3061 653 3153 expostulat.
687 3064 802 3131 Neue
829 3063 952 3129 idcirco
978 3067 1102 3131 mutari
1132 3067 1223 3134 Deus

154 3155 312 3225 dicendus
325 3163 383 3220 est.
399 3151 481 3218 Nam
497 3173 513 3212 o
531 3148 629 3222 Deus,
644 3145 730 3212 aits.
773 3147 895 3222 homas,
911 3145 953 3210 ab
972 3156 1106 3214 aeterno
1129 3171 1223 3235 prae

154 3240 259 3314 vidit,
280 3247 312 3303 et
334 3235 436 3304 voluit
457 3253 489 3298 se
511 3230 699 3304 iacturum,
722 3227 809 3316 quod
830 3228 865 3292 in
886 3236 1030 3314 tempore
1052 3229 1146 3297 facit.
1171 3235 1220 3300 Sir

154 3343 233 3406 ergo
255 3318 422 3386 constituit
451 3325 581 3380 naturae
604 3331 748 3387 cursum,
770 3322 806 3375 ut
828 3320 931 3374 tamen
950 3311 1222 3396 preordinaretur

155 3406 189 3466 in
206 3415 335 3468 aeterua
350 3421 407 3463 sua
424 3397 597 3470 voluntate,
610 3391 697 3478 quod
714 3402 843 3478 praeter
857 3413 989 3457 cursum
1005 3393 1106 3458 istum
1122 3418 1222 3481 quan·

192 3601 203 3636 ¹
240 3602 302 3665 Peg·
322 3606 373 3655 tus
392 3599 500 3666 ιιι-1
519 3593 556 3649 Gt
569 3611 592 3649 s.
609 3593 691 3661 Aug,
712 3598 752 3649 De
768 3598 833 3649 Gau.
853 3597 888 3646 od
904 3597 964 3657 litt..
985 3597 1032 3649 lib.
1053 3597 1108 3662 vt,
1130 3617 1157 3653 a.
1182 3605 1219 3658 ts,

158 3690 187 3724 n.
208 3675 252 3734 23,
272 3683 298 3723 et
319 3691 341 3726 s.
356 3673 463 3735 Tuom,
484 3675 571 3724 contr.
593 3673 680 3730 Genu,
701 3670 746 3720 lib.
770 3668 815 3730 lll,
837 3685 863 3719 e.
883 3668 929 3718 stt.
