2475 3909
153 170 196 235 ‘20
563 190 745 239 oaroroom

113 286 179 339 tam
195 276 406 351 constituunt,
431 294 592 358 unamque
614 273 822 339 existentiam
844 272 971 340 liabent.
995 274 1105 350 Quare
1125 273 1184 342 hu·

114 355 257 422 iusmodi
282 355 435 431 entibus,
459 375 561 439 aeque
583 376 621 419 ac
643 356 706 431 iis,
728 374 813 439 quae
841 357 1089 438 compositionis
1110 378 1183 442 par·

119 439 202 502 tium
224 448 298 504 sunt
311 439 472 524 expertia,
490 439 665 533 uuitaspcr
685 458 716 500 se
738 438 910 502 convenire
931 437 1062 503 dicitur.
1080 439 1118 504 E.
1134 460 1180 524 g„

116 518 214 583 homo
236 533 284 586 est
306 540 390 584 unus
407 538 465 603 per
487 539 527 596 sc,
551 539 629 602 quia
651 538 693 581 ex
715 519 823 582 anima
846 531 879 583 et
899 539 1036 604 corpore
1058 522 1091 585 iu
1111 524 1182 586 uni-

118 620 190 665 cam
212 601 426 666 substantiam
454 599 633 697 perfectam
656 600 818 665 coalescit.
842 602 869 664 E
891 604 1072 679 contrario,
1102 600 1180 667 illud

115 702 172 747 eus
192 730 200 759 ,
222 684 310 767 quod
333 704 374 747 ex
390 681 535 769 partibus
555 682 788 767 componitur,
809 702 948 766 quarum
970 704 1034 748 una
1056 682 1097 748 ab
1118 684 1181 749 alia

114 782 180 827 nou
197 765 378 852 perficitur,
402 764 457 829 sed
480 764 668 829 distinctam
688 764 895 828 existentiam
916 762 1045 842 habent,
1062 765 1183 832 dicitur

113 864 217 909 unum
235 868 293 931 per
307 848 455 911 occidens.
482 847 550 910 lloc
566 846 662 909 modo
683 866 765 911 uuus
778 844 901 910 dicitur
919 848 1088 923 exercitus,
1103 850 1181 932 qnia

113 930 339 1013 unusquisque
361 926 515 1001 militum,
539 948 581 990 ex
602 925 724 1009 quibus
745 929 977 1013 componitur,
999 941 1047 993 est
1091 951 1128 993 er
1147 952 1181 996 se

114 1008 294 1151 pubstantia
310 1008 479 1154 clprppleta,
496 1017 592 1093 atque
615 1009 822 1072 existentiam
843 1029 862 1073 a
884 1011 1002 1074 ceteris
1023 950 1183 1077 militibus

140 1092 300 1157 istiuctam
346 1102 431 1155 aet.

349 1218 416 1269 Anu.
433 1214 554 1267 ll.-llc
575 1216 724 1274 identitate,
745 1221 771 1266 et
788 1216 956 1268 distinctione

158 1326 209 1393 58.
235 1326 387 1391 identitas
409 1325 442 1388 in
462 1344 501 1388 eo
522 1323 681 1397 consistit,
703 1321 790 1407 quod
813 1344 870 1389 ens
891 1344 965 1389 cum
988 1329 1094 1411 seipso
1109 1350 1184 1394 con-

113 1408 222 1473 sentit.
246 1408 319 1493 lpsa
342 1407 448 1471 oritur
475 1426 515 1468 ex
538 1405 662 1470 unitate
682 1406 788 1482 entis,
810 1426 927 1491 nempe
949 1428 991 1471 ex
1012 1430 1073 1486 eo,
1095 1414 1183 1496 quod

113 1508 212 1556 mnne
235 1510 292 1553 ens
312 1496 360 1552 est
380 1485 559 1552 indivisum
590 1486 624 1550 in
646 1506 702 1561 se,
724 1487 872 1571 sequitur
899 1508 995 1553 omne
1023 1511 1080 1556 eus
1106 1514 1181 1560 cunr

115 1590 149 1635 se
173 1572 244 1656 ipso
265 1569 460 1645 consentire,
483 1588 520 1631 ac
542 1566 680 1652 proinde
702 1588 770 1633 esse
791 1568 872 1632 idem
896 1568 958 1634 sibi
976 1571 999 1635 ¹.

155 1652 205 1720 59.
229 1652 324 1731 Quod
345 1653 373 1717 si
396 1649 548 1715 identitas
570 1646 817 1726 indivisionem,
844 1670 975 1735 nempe,
999 1665 1036 1718 ut
1058 1656 1182 1724 Aristo

113 1735 195 1799 telos
217 1734 326 1800 subdit
339 1736 365 1812 ²,
389 1733 540 1796 unitatem
563 1732 666 1815 ipsius
688 1751 761 1807 esse,
785 1732 885 1797 insui
901 1747 1058 1819 conceptu
1080 1738 1182 1804 inclu-

114 1813 176 1889 dit,
200 1827 288 1902 patet
309 1816 512 1882 identitatem
536 1812 668 1899 proprie
688 1832 759 1876 eam
780 1833 873 1890 esse,
894 1834 977 1897 quae
1000 1819 1183 1886 considera·

113 1906 171 1962 tur
192 1902 226 1963 in
248 1899 358 1984 aliqua
379 1918 438 1974 re,
462 1907 560 1980 prout
580 1904 628 1960 est
652 1894 684 1958 in
709 1915 743 1958 se
765 1894 859 1979 ipsa,
880 1914 939 1961 seu
958 1909 1108 1998 respectu
1128 1906 1181 1969 sui

114 1979 229 2064 ipsius.
246 1982 408 2057 Quocirca
430 1977 486 2043 illa
500 1977 664 2052 identitas,
679 1997 762 2061 quae
777 1976 1003 2047 consideratur
1017 2005 1051 2047 rn
1073 1983 1115 2048 ali
1141 2008 1183 2051 ua

113 2082 163 2139 re,
188 2073 285 2149 prout
306 2084 381 2127 cum
402 2059 466 2123 alia
488 2067 710 2145 comparatur,
725 2078 755 2121 e.
773 2080 818 2143 g.,
834 2081 909 2124 cum
925 2066 1107 2149 cogitamus
1117 2006 1185 2133 le.

113 2154 203 2209 trum
224 2145 312 2210 idem
336 2145 443 2229 specie
465 2162 534 2205 esse
558 2162 633 2205 cum
656 2140 730 2205 aliis
749 2139 949 2222 hominibus,
971 2159 1004 2209 et
1019 2146 1105 2212 idem
1129 2170 1184 2235 gc-

113 2246 193 2291 nere
215 2248 290 2292 cum
313 2225 430 2301 brutis,
454 2242 517 2286 uon
541 2234 589 2286 est
611 2224 757 2308 proprie,
774 2232 806 2289 et
820 2225 930 2290 stricte
945 2227 1109 2308 identitas,
1125 2233 1182 2297 sed

112 2320 241 2376 tantum
262 2304 439 2373 secundum
462 2304 604 2388 aliquam
629 2306 799 2381 rationem,
815 2306 936 2395 quippe
950 2311 1036 2394 quod
1061 2334 1125 2377 110„
1149 2336 1184 2380 u.

113 2392 249 2458 nitatem
271 2392 281 2455 i
307 2392 375 2455 sius
396 2410 469 2465 csse,
486 2385 540 2449 sed
558 2384 668 2472 potius
689 2389 948 2453 convenientiam
967 2392 1111 2476 plurium
1135 2419 1183 2462 re-

114 2495 189 2538 rum
212 2475 243 2538 iu
268 2412 310 2539 ali
337 2494 380 2536 uo
403 2491 468 2533 uno
490 2468 622 2533 denotat
634 2469 656 2530 ³.

155 2557 207 2623 60.
229 2553 391 2621 ldentrtati
415 2552 593 2639 opponitur
613 2548 785 2626 distinctio,
808 2572 892 2635 quae
914 2554 1061 2622 consistit
1081 2559 1115 2623 iu
1130 2582 1183 2637 eo,

114 2638 201 2720 quod
225 2660 324 2704 uuum
346 2655 404 2701 ens
426 2656 488 2699 non
511 2640 560 2695 est
580 2630 680 2695 alind.
704 2632 774 2696 lam
800 2631 922 2729 duplex
945 2635 1113 2706 distinctio
1134 2656 1187 2708 est

115 2716 327 2795 admittenda,
350 2717 474 2783 scilicet
495 2713 605 2790 realis,
628 2727 661 2779 et
681 2714 792 2797 topica.
817 2715 993 2783 Drstiuctio
1014 2722 1114 2787 realis
1135 2724 1187 2787 in-

113 2810 166 2864 ter
187 2822 237 2865 res
260 2802 393 2877 existit,
416 2818 490 2862 cum
511 2816 576 2859 una
598 2816 650 2859 res
675 2817 738 2861 non
761 2807 809 2862 est
832 2797 923 2872 alia,
947 2799 1000 2863 sed
1023 2802 1107 2869 duae
1130 2826 1187 2871 res

115 2891 201 2959 sunt;
224 2884 323 2966 lupico
342 2892 463 2958 autem,
485 2898 543 2941 seu
564 2878 700 2942 rationis
722 2888 784 2952 est,
812 2900 886 2942 cum
904 2882 1087 2952 intellectus
1111 2908 1188 2952 rem

111 2964 148 3027 in
170 2986 204 3029 sc
227 2967 358 3031 unicam
381 2964 414 3027 iu
437 2960 543 3023 varios
566 2971 742 3044 conceptus
763 2959 949 3046 distinguit.
973 2966 1068 3033 Prior
1089 2990 1190 3034 voca-

111 3054 169 3111 tur
189 3048 295 3121 realis,
317 3044 395 3129 quia
420 3044 452 3105 in
474 3039 573 3106 rebus
594 3061 630 3105 re
654 3043 724 3125 ipsa
741 3041 919 3120 inuenitur;
942 3051 1103 3130 posterior
1125 3073 1191 3117 au-

113 3137 181 3193 tem
201 3127 325 3195 dicitur
345 3125 465 3208 lupico,
488 3124 568 3207 quia
589 3142 650 3206 per
676 3120 970 3191 considerationem
998 3130 1191 3200 intellectus

114 3213 369 3377 efiliollulllraque
393 3284 561 3351 distinctio
576 3285 609 3350 in
625 3282 705 3349 alias
728 3282 899 3352 dividitur.
917 3288 1091 3361 Distinctio
1112 3317 1192 3363 rea-

153 3504 163 3541 ¹
182 3500 218 3556 Gi
233 3500 263 3554 ll.
285 3500 345 3553 sto.
366 3498 416 3559 ll„
437 3502 512 3558 Met,
534 3496 579 3546 tib.
602 3492 636 3553 x,
657 3509 684 3545 e.
705 3497 891 3555 2.-²r1a.‚
912 3500 958 3549 lib.
980 3499 1013 3559 V,
1033 3517 1060 3555 c,
1080 3504 1109 3555 9,

151 3574 163 3611 ³
182 3572 218 3624 lle
238 3574 368 3625 creaturis
387 3572 431 3619 laic
450 3572 596 3632 loquimur,
611 3569 738 3632 quocirca
758 3573 907 3622 omittimus
921 3573 1088 3629 identitatem
1101 3584 1193 3634 trium

115 3646 269 3699 Divinarum
292 3643 467 3695 Personarum
487 3644 512 3692 tn
533 3654 583 3691 una
605 3654 717 3691 numero
737 3640 870 3694 lisscnt'a.
