2475 3909
532 112 714 163 ONTOLOiilA

254 256 321 309 tar.
344 254 400 308 Vll.
413 283 446 293 —
458 252 634 305 Exsoituntur
653 252 794 304 nonnullae
812 248 980 314 quaestiones

334 332 406 380 circa
426 330 546 379 notiones
565 328 711 392 supponit,
730 328 758 375 et
777 335 904 387 personae

126 436 197 503 tta.
222 436 316 503 Circa
350 436 496 502 notiones
527 434 713 522 suppositi,
735 442 767 499 et
789 449 945 516 personae
977 425 1036 490 hae
1068 425 1153 523 duae

83 520 294 614 quaestiones
316 520 495 617 agitantur:
524 516 557 584 1⁰
579 529 714 592 utrum,
737 534 837 579 necne
860 512 895 575 iu
915 509 1014 575 rebus
1036 520 1153 603 creatis

82 612 129 666 srt
151 599 246 665 realis
267 599 434 667 distinctio
462 602 548 668 inter
569 613 718 667 naturam
747 594 971 681 singularem,
993 602 1026 655 et
1046 589 1152 654 subss-

80 682 247 759 stentiam,
269 704 364 768 quae,
388 686 434 750 uti
458 682 619 761 diximus,
635 679 808 767 suppositi,
825 698 881 773 seu
902 694 1057 771 personae
1078 692 1152 757 pro-

82 766 157 853 pria
178 766 265 843 est¹3
290 764 325 829 2⁰
340 778 450 831 utrum
472 766 679 831 subsistentia
700 765 742 829 sit
763 755 889 845 aliquid
905 768 1093 844 positivum,
1109 776 1159 819 an.

82 868 173 913 mera
197 848 338 933 negatio.
412 884 415 891 ·
980 922 986 933 ·
1098 920 1104 931 Ι

124 928 294 1025 Ρνορ.,1“.
323 932 365 996 ln
386 928 476 995 rebor
498 929 610 995 mentis
631 937 750 992 nutare
769 945 789 988 u
809 922 1007 989 subsistantia
1027 917 1151 983 realiter

79 1012 303 1092 distinqustur.

127 1092 295 1158 Probatur.
320 1093 355 1161 si
378 1103 493 1159 natura
515 1094 563 1159 sin
589 1091 714 1167 ularis,
738 1098 835 1176 prout
856 1095 970 1152 natura
993 1094 1051 1159 est,
1074 1079 1150 1179 sub-

79 1175 262 1241 sistentiam
286 1197 349 1240 non
372 1176 565 1262 praesefert,
602 1195 659 1239 aec
682 1184 847 1258 tamquam
868 1164 994 1253 aliquid
1016 1164 1061 1261 ao
1080 1184 1151 1260 ipsa

80 1255 217 1323 realiter
237 1256 429 1323 distinctum
451 1256 610 1325 censenda
632 1266 691 1324 est.
715 1255 817 1340 Atqui
838 1260 980 1346 natum,
1002 1258 1063 1343 etsi
1085 1268 1151 1311 sm·

80 1341 219 1424 gaianis,
245 1341 310 1405 imo
332 1341 495 1427 completa
516 1342 570 1416 sit,
585 1350 692 1405 tamen
715 1334 876 1402 actualem
900 1355 952 1398 sur
974 1330 1152 1395 subsisten-

80 1422 161 1487 tiam
185 1443 248 1487 uon
270 1420 428 1499 includit,
454 1446 551 1499 nam,
574 1422 635 1488 etsi
659 1418 702 1484 ob
723 1420 794 1485 eins
816 1414 1076 1508 singularitatem
1095 1434 1152 1477 ex·

79 1502 193 1569 cludat
214 1502 302 1570 illam
318 1504 689 1579 communicabilitutem,
705 1498 882 1567 meandum
903 1517 1002 1584 quam
1024 1514 1151 1560 univer-

78 1585 148 1652 sale
171 1590 428 1654 communicatur
450 1608 527 1652 cum
548 1582 817 1673 particularibus,
834 1589 941 1647 tamen
964 1600 1027 1675 non
1042 1576 1152 1643 exclu-

78 1668 131 1735 dit
152 1669 502 1736 communicabilitntsm
523 1691 598 1736 cum
622 1669 691 1747 illo,
713 1667 800 1752 quod
825 1664 931 1750 ipsam
952 1661 1070 1728 ultimo
1091 1669 1152 1757 ter·

77 1753 190 1827 mimi,
213 1772 270 1818 scu
314 1752 454 1819 erficit¹.
471 1752 566 1830 Quod
589 1750 670 1817 adeo
693 1771 806 1817 rerum
827 1755 887 1824 est,
903 1755 941 1811 ut
953 1754 1071 1809 natura
1084 1764 1151 1808 sru-

78 1834 215 1922 gularis,
238 1846 274 1901 ot
293 1770 456 1915 linimus,
478 1834 519 1901 ab
540 1834 648 1901 aliena
669 1828 877 1898 subsistentia
900 1825 1012 1914 perfici
1036 1824 1149 1913 possit,

419 1995 774 2011 Μ

76 2078 112 2114 ex
131 2078 204 2123 sess,
224 2062 293 2127 quod
313 2062 400 2113 anima
420 2077 482 2114 cum
502 2077 613 2127 corpore
632 2063 824 2113 communicat.
845 2059 902 2113 lam
920 2062 1030 2120 anima,
1057 2068 1150 2127 utpute

79 2136 227 2187 substantia
247 2135 444 2195 intellectualis,
460 2136 571 2201 ideoque
584 2149 677 2199 expers
690 2134 818 2199 partium,
833 2135 924 2199 nequit
939 2134 1151 2188 substantialiter

76 2210 187 2259 mutari.
210 2203 312 2272 Corpus
331 2222 404 2267 reru,
423 2211 472 2259 etsi
492 2211 607 2273 partium
624 2210 798 2259 mutationem
812 2207 924 2270 experiri
940 2212 1032 2271 queat,
1047 2213 1149 2270 tamen,

74 2282 204 2345 quamdiu
224 2294 286 2330 curn
306 2282 393 2333 anima
413 2282 600 2346 coniungitur,
628 2283 699 2332 idem
723 2293 835 2331 numero
855 2284 956 2331 manet.
978 2274 1060 2331 Cuius
1082 2284 1150 2332 ratio

73 2360 126 2412 est,
146 2356 208 2417 quia
229 2355 365 2404 numerica
385 2356 502 2417 corporis
523 2356 656 2413 identitas,
671 2359 700 2403 ut
712 2366 745 2402 ex
759 2355 812 2403 iam
831 2355 909 2404 dictis
930 2350 968 2419 (p.
985 2354 1030 2411 ii,
1046 2359 1102 2404 not.
1121 2358 1149 2421 l)

73 2428 202 2491 patescit,
223 2441 256 2476 ex
275 2440 306 2476 eo
325 2430 424 2486 oritur,
445 2428 514 2491 quod
534 2428 643 2477 eaedem
664 2427 779 2490 partium
800 2426 978 2475 dimensiones
998 2428 1147 2478 secundum

73 2501 157 2550 situm
177 2504 342 2561 permanent3
361 2499 411 2557 hae
431 2504 521 2549 autem
541 2500 717 2551 dimensiones
731 2499 862 2548 innostro
878 2510 1000 2561 corpure,
1015 2501 1147 2563 quamdiu

73 2586 139 2623 curu
158 2573 244 2621 anima
264 2572 453 2635 coniungitur,
480 2586 626 2636 numquam
652 2575 809 2628 mutantur,
830 2584 856 2619 e.
875 2584 915 2633 q..
936 2572 992 2620 sire
1010 2572 1092 2621 iromu
1111 2575 1147 2623 sit

74 2658 163 2708 puer.
182 2646 238 2694 sire
257 2644 428 2703 adolescens,
447 2645 501 2695 sire
521 2647 577 2703 vir,
597 2646 653 2696 sire
671 2656 771 2699 senex.
791 2648 893 2706 aput,
913 2647 941 2693 et
960 2650 1067 2695 caterae
1086 2647 1146 2695 etus

72 2718 194 2779 eorporis
214 2721 301 2779 partes
320 2730 425 2780 semper
443 2718 555 2767 eundem
575 2718 656 2769 situm
675 2716 783 2767 habeut.
806 2712 883 2775 ilinc,
904 2718 1032 2779 quoniam
1051 2718 1148 2769 eadem

72 2790 221 2841 substantia
234 2789 339 2839 atrimae
358 2804 412 2840 aare
430 2803 508 2841 snum
522 2804 584 2840 cum
597 2802 709 2851 corpore
722 2788 816 2838 audem
830 2802 938 2839 numero
951 2792 1145 2850 communicat,

72 2863 168 2912 eadem
188 2861 297 2911 dicenda
315 2866 357 2912 eat
376 2861 489 2912 hominis
509 2875 633 2926 persona,
652 2862 707 2912 siro
726 2860 853 2919 easdem,
873 2862 927 2911 sire
947 2862 1067 2912 diversae
1088 2865 1146 2914 eins

74 2936 246 2999 operationes
264 2936 327 2984 siut.

111 3002 123 3044 ¹
143 3004 260 3057 litrtmus
279 3007 665 3070 contaminaverimus
684 3005 806 3068 quaestio
825 3007 895 3057 circa
914 3011 1049 3065 naturam,
1064 3014 1145 3070 prout

72 3080 216 3129 essentiam
238 3080 275 3129 ret
295 3078 442 3142 siqutticat,
463 3091 515 3129 nuo
535 3083 675 3138 rersatnr3
695 3076 717 3126 si
736 3079 828 3137 euim,
849 3080 888 3128 oti
909 3080 962 3128 iam
981 3081 1145 3131 ostendimus

72 3148 85 3217 <
105 3166 132 3216 p.
155 3152 188 3201 to
207 3148 237 3219 ),
257 3152 395 3202 existentia
416 3154 441 3202 in
461 3153 538 3202 rebus
557 3152 654 3201 creatis
672 3149 705 3200 als
729 3155 844 3209 essentia
863 3151 1049 3215 distinguitur,
1070 3152 1148 3202 dubi-

74 3228 126 3275 tari
147 3236 198 3274 uon
218 3229 322 3287 potest.
342 3227 405 3289 quin
424 3223 593 3275 subsistentia
613 3236 720 3288 qnoque
738 3224 771 3273 ab
791 3224 845 3287 ipsa
865 3224 1042 3287 distinguatur
1061 3220 1103 3290 (si
1119 3239 1145 3277 s.

72 3292 183 3355 Titum..
205 3298 324 3361 (tundite.
341 3294 375 3351 ll.
392 3310 418 3346 a.
433 3297 450 3347 i
469 3291 518 3367 c.).
540 3295 659 3347 liixlmus
676 3296 757 3347 etiam
776 3299 806 3348 in
824 3297 899 3347 radus
916 3300 1018 3355 arentis,
1040 3301 1146 3349 certum

71 3374 147 3421 euim
165 3372 207 3420 est
226 3367 331 3421 Divinas
356 3367 559 3421 Persooalttatcs
577 3383 593 3420 a
614 3374 709 3424 natura
728 3371 830 3420 ratium
848 3374 952 3419 tantum
972 3369 1108 3434 distinqui.

110 3444 122 3477 ’Ξ
141 3440 213 3495 Unde
232 3455 256 3495 s.
276 3436 391 3493 Thomas
416 3448 505 3493 mouet
530 3442 744 3506 singularitatem
764 3447 875 3493 naturae
892 3440 1017 3503 attinere,
1038 3448 1067 3493 nt
1087 3445 1144 3506 ipsa

71 3516 109 3569 sit
127 3516 188 3566 tues
206 3520 324 3574 natura,
345 3528 396 3565 aon
415 3528 478 3565 reru
497 3517 544 3569 tou
562 3516 718 3569 subsistens.
739 3517 769 3567 in
786 3517 831 3567 tio.
852 3516 895 3567 iii
912 3516 994 3575 Ssnt„
1017 3512 1086 3568 liist.
1105 3515 1141 3577 ll,

69 3602 100 3656 q.
122 3584 156 3649 li,
177 3602 203 3645 a.
227 3587 252 3649 i,
272 3589 321 3639 sot.
342 3588 358 3639 ³
378 3588 410 3639 ad
429 3586 457 3641 2.
