2475 3909
332 146 335 159 ·
407 138 592 190 runotocm
613 134 801 187 narvnams
1039 119 1099 188 377

113 223 150 294 3⁰
171 224 320 291 Admisso
340 245 499 291 concursu
521 225 689 290 dumtaxat
711 220 871 298 mediato,
899 229 1064 289 creaturae
1089 245 1141 288 ae-

64 311 233 396 cepissent
247 306 378 391 quidem
395 327 412 372 a
428 307 497 372 Deo
511 306 695 373 facultatem
710 302 839 401 agendi,
855 303 909 370 sed
936 305 968 368 iu
990 325 1026 370 ea
1046 328 1140 371 exer-

65 389 176 457 cenda
198 389 261 456 sibi
286 391 363 475 ipsis
378 390 573 465 sufficereut;
589 399 622 454 et
643 407 797 472 quomam
819 407 861 450 ex
882 387 1140 470 legitimaiacui·

68 476 150 542 tatis
171 473 401 538 exercitatione
422 483 591 538 creaturae
614 467 839 555 perficiuntur,
863 471 951 555 ipsae
977 467 1046 534 sine
1070 472 1138 538 ulio

65 557 136 622 ⁴Dei
161 554 285 620 influxu
308 555 458 619 meliores
479 552 664 630 evaderent,
687 560 719 616 et
740 549 959 636 perfectiores.
980 555 1080 640 Atqui
1104 555 1136 622 id

67 636 251 704 absurdum
273 647 332 710 est,
355 653 393 701 ac
414 637 564 722 impium.
580 636 668 720 Ergo
690 633 796 697 Deum
818 632 857 698 ad
883 633 1028 716 singulos
1049 649 1139 706 actus

68 733 299 788 creaturarum
321 718 508 784 immediate
531 736 725 785 concurrere
748 714 921 782 tenendum
943 724 1001 780 cst.

117 806 186 868 177.
210 801 251 865 Ut
278 810 386 865 autem
412 821 589 866 concursus
614 797 800 864 huiusmodi
830 800 891 863 rito
923 798 1136 886 intelligatur,

67 905 192 972 operae
214 884 354 968 pretium
375 883 538 950 erithace
560 882 729 948 adnotare:
747 877 780 944 1⁰
795 879 883 946 idem
899 879 1033 948 enectus
1055 884 1135 961 Deo,

66 981 103 1033 et
124 966 281 1032 creaturis
303 984 366 1029 non
381 963 583 1040 attribuitur,
600 963 733 1049 «quasi
780 963 874 1031 artim
889 985 907 1028 a
922 959 1002 1041 Deo,
1018 976 1050 1033 et
1088 989 1138 1032 ar-

70 1053 164 1118 tima
180 1048 318 1114 naturali
335 1057 448 1130 agente
470 1045 536 1124 bat3
560 1047 614 1112 scd
639 1056 724 1110 totns
745 983 786 1108 ab
807 1055 944 1129 utroque
959 989 1135 1115 secundum

67 1132 176 1198 aiium
191 1129 334 1205 modum;
350 1131 434 1194 sicut
448 1127 535 1194 idem
550 1128 685 1194 effectus
706 1139 792 1192 totus
806 1126 996 1193 attribuitur
1021 1131 1137 1198 instru-

70 1226 194 1288 mento,
209 1225 241 1278 et
256 1211 431 1296 principaii
454 1211 561 1295 agenti
583 1211 680 1277 etiam
703 1211 813 1276 totus¹
831 1233 859 1273 n.
875 1209 983 1286 Quare
1005 1215 1137 1282 eiiectus

67 1320 90 1362 a
116 1296 197 1370 lieo,
219 1305 252 1360 et
272 1315 292 1358 a
314 1292 473 1358 creaturis
495 1292 653 1378 procedit,
677 1312 740 1356 non
763 1302 925 1377 tamquam
941 1315 959 1356 u
973 1293 1089 1361 dnobus
1104 1321 1137 1361 o-

66 1379 211 1464 omittas
231 1377 327 1441 anius
353 1375 494 1452 ordinis,
521 1374 576 1440 sed
598 1399 617 1438 u
635 1375 765 1460 primo,
790 1386 816 1439 et
844 1376 972 1440 secundo
993 1389 1095 1460 operite
1109 1381 1134 1443 ¹.

67 1465 141 1530 lam
162 1487 179 1524 r<
203 1461 288 1526 sicut
309 1479 373 1523 non
394 1468 442 1524 est
464 1459 691 1524 inconveniens
712 1455 799 1541 quod
823 1478 887 1523 uua
908 1456 994 1523 actio
1017 1462 1138 1545 produ-

68 1556 165 1610 catur
184 1563 226 1609 ex
247 1542 290 1607 aii
316 1562 358 1606 uo
378 1562 396 1604 a
420 1549 506 1616 ente,
521 1540 639 1606 eteius
661 1539 793 1616 virtute;
810 1539 855 1605 ita
877 1558 941 1604 nou
963 1551 1012 1606 est
1027 1543 1138 1608 incon·

70 1628 206 1692 veniens
249 1646 269 1690 u
335 1645 375 1709 pr
420 1632 534 1686 ucatur
556 1621 643 1686 idem
665 1621 797 1688 effectus
812 1619 853 1686 ab
867 1619 1015 1688 inferiori
1039 1645 1136 1710 agen·

70 1720 173 1853 te,det
193 1729 212 1773 a
262 1727 324 1782 eo,
348 1705 389 1770 ab
412 1717 550 1789 utroque
578 1701 788 1783 immediate,
810 1703 888 1770 licet
908 1703 994 1782 aiio,
1017 1708 1135 1774 etalio

69 1813 127 1856 mo
151 1793 243 1856 0⁸».

112 1873 148 1938 2⁰
170 1874 352 1940 Concursus
373 1867 579 1934 immediatus
601 1889 618 1930 a
642 1866 845 1953 Philosophis
860 1866 987 1932 diversa
1010 1871 1135 1938 ratione

69 1958 268 2042 explicatur.
292 1953 358 2017 atii
381 1952 467 2016 enim
495 1950 588 2016 ilium
615 1950 785 2015 dumtaxat
811 1951 1053 2029 simuituarum,
1076 1953 1134 2019 aiii

68 2051 180 2104 autem
195 2042 291 2104 etiam
302 2035 467 2117 praecium
492 2055 561 2098 esse
584 2031 792 2098 contendunt.
810 2033 859 2098 itti
883 2053 997 2118 nempe
1019 2033 1135 2101 docent

71 2122 178 2188 Deum
201 2140 296 2206 agere
318 2139 391 2183 cnm
419 2127 590 2192 creatura,
614 2115 658 2180 ita
680 2126 717 2181 ut
738 2137 806 2180 eam
830 2114 1011 2182 adiuvando
1033 2119 1135 2184 comi-

70 2217 159 2270 tetur
190 2203 381 2276 dumtaxat,
410 2221 472 2263 uun
497 2200 691 2284 praeveniat.
715 2198 771 2264 lsti
801 2211 909 2264 autem
936 2197 1134 2266 arbitrantur

72 2285 176 2352 Deum
192 2307 254 2350 non
271 2281 374 2348 solum
398 2281 551 2347 adiuvare
574 2292 757 2345 ereaturam
783 2282 867 2346 inter
888 2282 1061 2366 agendum,
1077 2283 1132 2348 sed

68 2371 171 2433 etiam
195 2371 297 2457 ipsam
319 2362 359 2430 ad
381 2377 489 2429 actum
512 2365 674 2449 efficienter
689 2367 933 2448 praemoverc‘.
954 2364 1063 2442 Quare
1085 2387 1134 2431 se-

437 2500 768 2517 m

67 2576 177 2625 exercet
193 2567 394 2631 operationeme
419 2570 522 2616 constat
545 2572 608 2616 tuno
633 2567 703 2629 quod
724 2569 867 2619 cerercet
884 2569 1066 2630 operationem
1087 2583 1133 2632 por

69 2650 197 2695 virtutem
216 2654 309 2698 suam;
328 2646 356 2688 ot
375 2639 443 2703 quod
464 2652 510 2700 per
528 2640 652 2690 virtutem
672 2652 748 2690 suam
769 2640 817 2690 boc
838 2643 935 2703 possit.
958 2641 1008 2690 buc
1026 2647 1068 2690 eet
1088 2657 1134 2706 por

68 2722 196 2768 virtutem
217 2715 249 2773 B,
269 2717 296 2760 et
314 2713 435 2769 citerius,
456 2725 503 2774 per
520 2713 647 2761 virtutem
661 2713 695 2763 Α.
710 2709 781 2764 Unde
801 2715 821 2761 ri
840 2719 996 2777 quaeratur,
1013 2727 1095 2775 quare
1115 2719 1135 2767 C

66 2795 216 2854 operatur,
249 2785 420 2848 respondetur
446 2795 493 2845 per
521 2787 645 2835 virtutem
670 2798 765 2842 suam,
786 2792 809 2834 et
830 2800 912 2849 quare
938 2801 984 2850 per
1009 2791 1132 2837 virtutem

68 2864 170 2914 suam?
187 2863 295 2922 propter
314 2859 438 2906 virtutem
460 2858 500 2914 Bt
526 2861 554 2905 et
577 2858 616 2907 rie
641 2869 779 2920 quousque
798 2858 942 2909 reducatur
962 2861 988 2906 in
1008 2859 1132 2909 virtutem

69 2932 174 2988 Causae
193 2930 296 2982 Primae
319 2947 343 2978 ι.
364 2924 398 2978 Ci
413 2929 493 2977 otiam
516 2931 602 2979 caru.
624 2931 712 2986 Geni..
740 2930 784 2980 tib.
807 2929 861 2988 ΙΙΙ,
881 2945 907 2982 o.
930 2932 973 2981 70.
997 2927 1028 2980 Et
1048 2932 1131 2981 aiibi:

71 3032 83 3056 ι
106 3005 133 3058 Si
151 3004 348 3056 consideremus
365 3002 499 3063 supposita
520 3003 635 3064 agentia,
656 3002 792 3065 quodlibet
809 3017 890 3066 agens
909 3005 1071 3066 particulare
1090 3010 1131 3054 est

70 3080 253 3134 immediatum
280 3076 312 3125 ad
336 3087 414 3123 auum
440 3073 575 3123 emotum.
602 3072 628 3124 St
653 3080 744 3125 autom
770 3075 966 3125 consideremus
992 3078 1128 3132 virtutem,

68 3169 122 3218 qua
142 3151 170 3201 flt
188 3151 274 3205 actio.
303 3149 342 3196 tic
370 3151 454 3195 virtue
472 3147 614 3207 superioria
634 3161 731 3198 causae
750 3150 800 3198 orit
819 3149 995 3198 immediatior
1014 3147 1131 3206 effectui,

66 3240 150 3293 quam
170 3226 254 3273 virtus
271 3219 422 3273 inferiorita
443 3231 503 3267 nain
524 3221 605 3269 virtus
625 3219 733 3270 interior
752 3235 802 3270 nou
822 3223 991 3284 coniungitur
1013 3219 1131 3278 effectui,

67 3301 119 3353 uisi
138 3311 185 3360 per
203 3297 329 3344 virtutem
347 3293 489 3353 superioria
511 3310 536 3346 η
556 3293 604 3355 (iq.
625 3295 723 3356 diapp„
746 3297 783 3343 lie
802 3295 872 3351 Pon,
894 3296 945 3343 ioc.
966 3298 1013 3343 eit.

107 3373 116 3410 ¹
136 3374 223 3421 contr.
244 3367 330 3423 Geni..
352 3364 397 3413 tib.
418 3359 466 3418 iii,
485 3377 512 3413 c.
534 3363 566 3411 70
586 3364 685 3413 eit—²
704 3362 725 3422 i,
745 3379 773 3429 q.
796 3362 840 3422 tv.
860 3380 887 3414 a.
908 3367 924 3416 5
943 3367 976 3416 ed
995 3366 1022 3416 2.

104 3444 224 3493 emmer.
245 3440 331 3494 Geni„
352 3436 414 3485 ibid.
436 3429 472 3485 Cf
486 3437 586 3493 Onici,
606 3449 632 3486 a.
655 3432 700 3494 ΙΧ,
719 3451 746 3486 a.
769 3439 795 3496 i,
816 3451 842 3501 p.
865 3440 894 3488 it
917 3451 957 3503 tq.

105 3513 117 3554 ἱ
135 3512 201 3565 ilinc
219 3524 366 3560 concursus
383 3510 505 3572 praeuius
522 3510 628 3558 nomine
647 3512 833 3572 praenotionis
849 3513 968 3576 phyriona
985 3513 1066 3562 etiam
1085 3525 1131 3575 up-

67 3588 163 3654 peiiari
183 3586 259 3634 tolet.
281 3580 345 3634 bins
365 3583 497 3631 notionem
519 3583 665 3643 perspicuis
684 3581 724 3630 bis
743 3584 826 3633 verbis
852 3584 958 3634 tradidit
976 3579 1129 3636 dondinus:

71 3683 84 3710 ι
105 3660 215 3726 Physica
236 3658 403 3723 praenuntio,
423 3656 477 3705 sire
497 3654 747 3719 praedeterminatio
765 3664 807 3708 est
825 3655 937 3708 iutluxut
957 3654 1057 3712 Causae
1078 3656 1132 3708 Pri-
